1848 3261
214 248 455 278 ENARRATIO
487 251 519 277 11
551 252 596 278 nv
628 250 830 278 PsALMUM
861 251 962 288 cm,
996 249 1134 278 SERMo
1167 254 1214 278 11.
1317 239 1400 278 127

25 331 46 354 »
80 329 180 358 cum
203 329 332 374 quem
362 313 554 359 fundasti
588 314 693 358 eis1.
723 333 741 355 n
769 313 925 357 Adhuc
949 314 1002 358 de
1042 315 1163 374 aquis
1184 314 1396 375 loquitur.

23 386 121 428 Non
144 385 214 429 hic
236 394 403 429 montes
421 385 678 444 accipiamus
695 420 705 439 ,
726 385 846 444 quasi
875 394 1091 442 terrenos3
1122 399 1265 444 neque
1288 401 1407 429 cam-

23 471 115 515 pos,
134 457 255 516 quasi
273 466 464 500 terrenos
482 476 490 501 ;
511 456 586 500 sed
602 457 759 500 fluctus
781 465 869 499 tam
884 471 1062 514 magnos
1077 491 1087 509 ,
1112 465 1161 498 ut
1182 456 1405 500 montibus

23 539 340 584 comparentur.
368 526 614 570 Fluctuavit
636 525 870 586 aliquando
888 541 1029 579 mare,
1055 535 1098 569 ct
1130 526 1289 569 fluctus
1313 527 1403 584 ejus

24 601 231 655 tanquam
248 605 415 639 montes
436 596 614 640 fuerunt
627 631 638 650 ,
663 595 738 655 qui
756 605 924 639 montes
939 594 1034 639 illos
1052 593 1281 654 Apostolos
1302 610 1402 654 ope-

23 666 172 709 rirent.
201 665 284 709 Sed
302 665 497 725 quandiu
520 685 539 707 «
563 665 816 710 Ascendunt
842 676 1012 709 montes
1030 701 1040 720 ,
1065 676 1107 710 et
1130 665 1402 709 descendunt

26 754 46 777 )›
81 736 251 795 campi?
277 755 296 777 »
319 737 578 790 Saevierunt‚
611 746 652 780 ct
674 736 829 796 placati
855 746 970 781 sunt.
997 739 1108 782 Cum
1132 737 1370 781 saeviebant
1387 771 1399 791 ‚

23 815 191 867 montes
207 816 329 850 erant
355 826 363 851 ε
389 823 487 851 cum
518 807 674 866 placati
693 817 820 862 sunt⁷
845 808 985 866 campi
1012 807 1110 851 facti
1136 816 1238 850 sunt
1262 823 1271 848 ε
1298 805 1404 850 fun-

23 876 141 921 davit
157 878 272 921 enim
284 877 342 921 eis
355 877 515 922 locum.
536 881 610 922 Est
625 878 802 938 quidam
817 888 983 922 meatus
995 914 1005 933 ‚
1022 879 1143 938 quasi
1160 876 1403 937 profundus

22 946 143 991 locus
159 984 170 1002 ‚
195 964 283 1008 quo
306 957 475 1007 recepta
508 958 608 992 sunt
639 948 828 1008 quodam
859 948 991 993 modo
1014 950 1158 993 omnia
1187 949 1405 993 saevientia

23 1017 155 1062 corda
186 1019 450 1062 mortalium.
476 1019 617 1070 Quam
646 1019 772 1063 multi
796 1019 925 1063 modo
943 1055 953 1073 ,
985 1029 1028 1062 ct
1050 1018 1147 1063 salsi
1168 1054 1178 1073 ,
1204 1028 1248 1062 et
1270 1019 1404 1062 amari

24 1097 125 1132 sunt
141 1110 152 1146 3
171 1098 212 1132 ct
234 1098 378 1132 tamen
400 1089 564 1148 quieti?
594 1092 733 1142 Quam
756 1089 881 1132 multi
904 1099 1005 1133 sunt
1026 1125 1036 1143 ‚
1062 1090 1137 1148 qui
1159 1088 1405 1132 dulcescere

23 1159 206 1203 nolunt?
227 1160 311 1212 Qui
334 1169 462 1213 sunt,
487 1160 564 1219 qui
586 1159 831 1203 dulcescere
860 1158 1047 1203 nolunt?
1070 1159 1153 1211 Qui
1183 1159 1228 1202 111
1256 1159 1406 1203 Chris-

23 1238 117 1272 tum
136 1229 279 1273 adhuc
310 1229 486 1273 credere
509 1229 680 1273 nolunt.
716 1232 773 1272 Et
794 1229 989 1289 quumvis
1012 1228 1140 1272 multi
1180 1238 1301 1283 sunt,
1328 1229 1405 1288 qui

23 1300 218 1344 nondum
235 1299 528 1355 crediderunt,
555 1299 662 1360 quid
674 1300 842 1344 faciunt
860 1300 1088 1344 Ecclesiae?
1103 1303 1272 1344 Montes
1285 1309 1406 1344 erant

25 1369 259 1430 aliquando
282 1406 293 1425 ‚
325 1370 456 1414 modo
481 1371 622 1430 campi
652 1380 787 1414 sunt:
819 1380 992 1425 tamen,
1034 1369 1184 1414 fratres
1221 1370 1330 1425 mei,
1362 1379 1405 1414 et

23 1441 203 1485 malacia
219 1457 336 1496 mare
358 1449 436 1485 est.
463 1444 606 1494 Quare
628 1441 744 1484 enim
773 1457 861 1485 non
879 1442 1064 1485 saeviunt
1088 1440 1251 1485 modo?
1272 1456 1405 1500 quare

23 1527 113 1556 non
130 1511 379 1555 insaniunt?
401 1527 534 1571 quare
560 1527 650 1555 non
671 1512 778 1555 dant
800 1513 1006 1570 operam?
1031 1511 1073 1556 Si
1107 1527 1196 1555 non
1223 1520 1405 1570 possunt

24 1598 123 1628 eVel
128 1592 214 1627 tere
238 1593 393 1626 terram
422 1591 636 1637 nostr-am,
656 1592 772 1627 certe
795 1585 1070 1640 contegere&
1104 1585 1247 1635 Quare
1277 1598 1366 1626 non
1387 1582 1406 1623 ‘?

25 1654 176 1698 Audi:
199 1673 218 1695 «
246 1654 495 1698 Terminum
516 1653 724 1712 posuisti,
751 1668 882 1713 quem
901 1669 989 1697 non
1008 1651 1403 1712 tlansmcdientur,

28 1742 50 1767 »
84 1740 227 1785 neque
248 1734 518 1769 reveltentui
534 1733 679 1783 tegere
700 1725 899 1768 terramss.
923 1743 942 1765 »
980 1728 985 1731 “

74 1799 131 1840 Χ.
139 1796 254 1849 Quid
267 1811 367 1853 eroo
380 1796 480 1855 quia
493 1797 583 1855 jam
596 1795 755 1839 fluctus
770 1794 1017 1838 amarissimi
1038 1793 1216 1837 modurn
1233 1773 1407 1853 accepe-

27 1876 150 1920 lunt,
167 1876 213 1910 ut
230 1866 356 1910 liceat
370 1865 494 1909 nobis
509 1865 609 1909 talia
624 1865 752 1908 etiam
767 1865 902 1908 libere
923 1863 1184 1924 praedicare,
1202 1865 1302 1925 quia
1323 1875 1409 1908 tel-

22 1938 194 1982 ‘minum
219 1946 480 1996 acceperunt
497 1936 691 1980 debitum
706 1972 716 1990 ,
744 1936 845 1996 quia
866 1935 1104 1995 transgredi
1126 1952 1214 1980 non
1228 1946 1410 1996 possunt

25 2008 277 2068 impositum
300 2007 431 2051 finem
447 2043 457 2062 ‚
481 2023 623 2067 neque
645 2016 916 2050 revertentur
933 2017 1076 2065 tegere
1095 2017 1253 2051 terram
1271 2028 1282 2065 ᾗ,
1301 2006 1409 2066 quid

27 2080 76 2123 fit
97 2080 143 2123 in
171 2080 260 2139 ipsa
295 2081 437 2123 terra?
474 2083 578 2131 Quae
606 2078 874 2137 operationes
899 2078 959 2121 ibi
983 2078 1121 2132 fiunt,
1155 2094 1285 2138 quam
1318 2079 1409 2138 jam

25 2165 143 2193 mare
164 2149 371 2193 nudavit?
397 2149 486 2193 Etsi
521 2148 576 2192 ad
601 2150 691 2209 ejus
719 2164 836 2192 oram
866 2157 1016 2192 tenues
1045 2150 1203 2193 fluctus
1226 2159 1412 2208 perstre-

27 2230 164 2280 punt,
196 2220 273 2264 etsi
309 2219 451 2264 adhuc
476 2228 752 2263 murmurant
778 2220 962 2278 Pagani3
993 2220 1185 2263 sonitum
1212 2219 1406 2263 littorum

0 2292 3 2297 “
29 2289 181 2345 audio,
206 2289 418 2334 diluvium
442 2306 530 2334 non
556 2291 849 2349 perhorresco.
878 2288 989 2342 Quid
1015 2305 1137 2348 ergo,
1165 2289 1271 2350 quid
1295 2291 1343 2334 fit
1364 2290 1411 2333 in

27 2363 166 2405 terra?
187 2381 206 2403 «
226 2361 310 2413 Qui
324 2360 479 2404 emittis
497 2358 638 2404 fontes
652 2361 697 2403 in
714 2358 996 2404 convallibus.
1022 2361 1194 2404 Emittis
1211 2396 1221 2414 ‚
1248 2361 1407 2419 inquit,

31 2449 52 2473 ›)
87 2430 227 2475 fontes
260 2431 305 2475 111
334 2429 605 2475 convallibus
624 2432 655 2474 4.
685 2449 704 2471 »
730 2429 959 2474 Convalles
988 2431 1120 2475 nostis
1154 2432 1260 2491 quid
1291 2433 1404 2486 siut,

29 2501 228 2561 depressa
255 2501 350 2546 loca
370 2510 598 2545 terrarum.
630 2502 739 2545 Nam
767 2499 950 2545 collibus
978 2510 1020 2545 et
1051 2502 1273 2545 montibus
1298 2517 1405 2546 con-

77 2592 85 2608 ¹
106 2585 184 2618 Psal.
204 2596 270 2627 cni,
286 2585 317 2617 8.
336 2602 376 2608 —
395 2592 407 2608 ²
426 2585 550 2628 Supple
570 2589 710 2627 possunt.
733 2601 775 2608 —
795 2582 808 2607 3
823 2584 902 2616 Psal.
920 2596 981 2626 cm,
995 2596 1028 2627 9.
1055 2602 1096 2608 —-
1115 2583 1130 2613 4
1149 2584 1228 2618 Ibid.
1253 2596 1305 2618 10.
