1848 3261
360 179 442 219 248
792 189 826 218 S.
862 190 1091 220 AUGUSTINI
1124 193 1305 221 Enscom

357 256 542 300 Abrahae
557 290 569 310 ,
594 263 637 299 et
659 254 779 315 quod
791 254 854 298 illi
875 256 991 314 genti
1013 256 1098 300 sint
1114 256 1276 302 credita
1294 259 1465 320 eloquia
1487 260 1564 303 Dei
1581 263 1610 304 ¹.
1637 263 1735 306 Non

355 328 415 371 eis
436 327 529 370 haec
545 325 749 371 valebant
765 325 820 369 ad
832 326 1058 370 sanitatem
1071 362 1081 382 ,
1101 326 1174 371 sed
1187 327 1241 372 ad
1256 328 1559 374 exaltationem
1575 329 1732 386 cordis,

357 397 413 443 ad
438 407 654 442 tumorem
677 397 818 457 potius
841 413 972 457 quam
1010 397 1064 442 ad
1093 399 1453 458 magnitudinem.
1487 401 1604 454 Quid
1636 416 1736 459 crgo

355 469 460 514 fecit
491 472 605 514 Deus
634 468 829 528 superbis
862 469 1081 526 resistens,
1117 469 1356 514 hvumilibus
1387 470 1494 515 dans
1526 472 1734 530 gratiam,

356 557 498 586 ramos
519 539 736 585 naturales
757 548 935 599 propter
955 540 1200 600 superbiam
1225 551 1455 601 amputans
1469 577 1480 597 ,
1505 541 1739 587 oleastrum
1782 574 1788 579 -

354 621 532 672 propter
553 610 843 655 humilitatem
863 610 1056 655 inserens
1071 613 1119 655 ²?
1143 611 1250 671 quid
1281 610 1384 656 fecit
1405 614 1549 656 Deus?
1578 613 1740 657 Audite

354 684 449 728 haec
471 683 560 727 duo
582 701 590 726 :
616 684 728 725 Deus
755 681 896 740 primo
918 681 1291 741 quemadmodum
1310 683 1505 742 superbis
1538 683 1706 728 resistat
1725 719 1736 739 ,

355 753 514 798 deinde
547 750 919 812 quemadmodum
941 751 1182 796 humilibus
1213 753 1288 797 det
1316 753 1510 811 gratiam.
1548 772 1568 795 «
1591 754 1741 798 Posuit

358 843 380 868 ))
415 824 597 868 flumina
618 824 663 867 in
684 822 918 866 desertum.
947 840 967 863 »
989 822 1234 867 Currebant
1254 823 1315 867 ibi
1336 840 1482 884 aquae,
1508 824 1742 868 currebant

356 895 612 957 prophetiae.
629 898 781 947 Quaere
794 891 925 937 modo
947 891 1064 952 apud
1077 892 1251 937 Judaeos
1272 894 1550 953 Prophetam,
1566 910 1657 939 non
1679 895 1743 938 in-

355 966 491 1012 venis.
518 984 537 1007 «
563 964 712 1009 Posuit
733 964 848 1007 enim
866 963 1047 1007 flumina
1069 963 1114 1007 in
1136 963 1370 1018 desertum,
1387 973 1430 1007 et
1453 964 1589 1007 exitus
1609 980 1744 1025 aqua-

360 1056 381 1079 »
417 1052 516 1081 rum
537 1036 582 1079 in
604 1035 732 1079 sitim.
759 1034 909 1078 Posuit
933 1033 1114 1078 flumina
1136 1034 1183 1077 in
1211 1035 1450 1078 desertum3
1467 1069 1476 1079 .
1512 1053 1532 1076 »
1558 1035 1739 1091 Dicant,

362 1129 380 1149 α
417 1110 515 1151 Jam
537 1121 627 1150 non
648 1114 713 1149 est
734 1105 972 1163 Propheta,
999 1113 1042 1148 et
1062 1120 1140 1149 nos
1171 1120 1261 1149 non
1291 1114 1521 1163 cognoscet
1550 1106 1740 1150 adhuc4.

358 1196 380 1221 »
417 1177 566 1222 Posuit
587 1176 768 1219 flumina
786 1175 832 1218 in
845 1173 1063 1218 desertum
1081 1210 1091 1230 ,
1111 1184 1153 1218 et
1170 1175 1306 1219 exitus
1329 1191 1542 1235 aquarum
1557 1177 1599 1220 in
1611 1177 1741 1231 sitim,

360 1267 381 1291 »
416 1259 630 1293 terrarum
652 1245 923 1290 fructiferam
956 1246 1004 1289 in
1039 1245 1234 1290 salinas⁵.
1269 1266 1287 1288 »
1313 1247 1480 1299 Quaeris
1517 1247 1579 1290 ibi
1612 1247 1745 1292 fidem

359 1319 542 1374 Christi,
567 1333 657 1362 non
679 1317 844 1361 invenis
866 1337 876 1373 3
914 1316 1071 1376 quaeris
1105 1317 1368 1376 Prophetam
1383 1352 1394 1373 ,
1425 1333 1516 1361 non
1544 1318 1710 1362 invenis
1731 1339 1743 1377 3

359 1391 516 1452 quaeris
538 1389 806 1434 sacerdotem
824 1423 834 1443 ,
851 1403 942 1432 non
958 1388 1124 1432 invenis
1143 1388 1325 1447 ,quaeris
1346 1388 1602 1432 sacrificium
1620 1424 1631 1444 ,
1657 1405 1746 1434 non

359 1461 526 1507 invenis
544 1481 555 1517 3
575 1460 738 1520 quaeris
750 1458 961 1518 templum
975 1493 986 1513 ,
1012 1473 1102 1502 non
1117 1458 1298 1503 invenis.
1325 1461 1468 1511 Quare
1486 1459 1597 1503 hoc?
1615 1461 1743 1514 Quia,

363 1553 385 1577 «
419 1531 566 1576 Posuit
578 1530 759 1574 flumina
772 1530 818 1572 in
833 1527 1051 1572 desertum
1066 1563 1078 1584 ,
1103 1537 1146 1572 et
1167 1529 1306 1573 exitus
1329 1545 1541 1590 aquarum
1552 1530 1598 1573 in
1613 1530 1744 1586 sitim,

365 1625 382 1646 »
418 1613 578 1647 terram
604 1599 873 1645 fructiferam
893 1600 939 1643 in
958 1599 1128 1643 salinas.
1150 1618 1170 1641 »
1188 1600 1340 1644 Unde?
1364 1616 1452 1661 quo
1467 1601 1654 1645 merito?
1675 1621 1695 1644 α
1711 1606 1749 1646 Α

365 1695 383 1717 >›
419 1672 583 1718 malitia
604 1671 944 1716 inhabitantium
962 1671 1008 1715 in
1034 1687 1097 1715 ea.
1126 1690 1146 1713 »
1173 1674 1287 1716 Ecce
1309 1672 1531 1731 quomodo
1553 1673 1749 1732 superbis

361 1745 519 1790 resistit
547 1763 555 1789 :
578 1743 679 1788 audi
701 1742 923 1802 quomodo
956 1741 1195 1785 humilibus
1218 1742 1293 1786 det
1328 1742 1524 1801 gratiam.
1555 1762 1572 1782 «
1601 1744 1750 1788 Posuit

363 1834 385 1859 »
420 1815 640 1860 desertum
658 1814 705 1857 in
733 1822 881 1871 stagna
912 1827 1145 1872 aquarum,
1183 1821 1226 1856 et
1247 1821 1406 1856 terram
1439 1813 1530 1856 sine
1563 1829 1675 1873 aqua
1702 1814 1750 1857 in

363 1907 384 1930 »
420 1887 556 1931 exitus
585 1900 811 1945 aquarum.
843 1887 901 1928 Et
935 1884 1131 1927 habitare
1160 1882 1261 1928 fecit
1297 1882 1384 1928 illic
1419 1883 1700 1928 esurientesss.
1727 1904 1744 1925 »

361 1958 578 2013 Quoniam
609 1956 672 1999 illi
694 1955 860 2000 dictum
888 1963 950 1998 est
977 1974 986 1999 ε
1018 1957 1124 1998 «Tu
1156 1970 1198 1998 es
1222 1953 1423 1998 sacerdos
1456 1954 1501 1997 in
1535 1963 1750 1998 aeternum

366 2049 385 2072 »
421 2027 662 2073 secundum
682 2026 878 2071 ordinem
893 2024 1251 2070 Melchisedeelffl.
1269 2047 1288 2067 >›
1311 2025 1473 2078 Quaeris
1489 2025 1604 2068 enim
1627 2026 1753 2070 sacri-

363 2099 510 2143 ficium
527 2096 643 2157 apud
657 2099 679 2140 J
685 2096 831 2140 udaeos
844 2111 852 2135 :
866 2110 954 2139 non
968 2095 1101 2139 habes
1114 2093 1355 2139 secundum
1372 2095 1569 2139 ordinem
1584 2098 1745 2151 Aaron,

363 2170 466 2230 quia
482 2169 628 2228 posuit
650 2167 832 2211 flumina
853 2166 898 2208 in
921 2165 1139 2209 desertum
1162 2185 1170 2209 ;
1195 2165 1351 2225 quaeris
1374 2164 1614 2209 secundum
1638 2165 1751 2210 ordi-

363 2255 465 2284 nem
484 2237 803 2283 Melchisedech
822 2256 830 2280 ;
853 2235 970 2295 apud
988 2235 1083 2280 illos
1105 2252 1194 2280 non
1210 2236 1377 2279 invenis
1393 2271 1403 2290 ,
1426 2235 1501 2279 sed
1518 2251 1596 2295 per
1610 2245 1751 2280 totum

365 2311 516 2355 orbem
539 2309 783 2353 celebratur
804 2307 851 2350 in
869 2306 1071 2350 Ecclesia.
1097 2326 1117 2348 «
1141 2310 1178 2350 A
1200 2306 1297 2350 solis
1318 2315 1418 2349 ortu
1437 2321 1575 2365 usque
1598 2307 1651 2349 acl
1677 2322 1752 2350 oc-

369 2398 390 2422 »
426 2395 573 2424 casum
595 2377 800 2423 laudatur
817 2392 977 2421 nomen
1007 2377 1222 2421 Dominiss.
1253 2395 1272 2417 »
1298 2379 1354 2420 Et
1375 2376 1481 2420 dicit
1504 2380 1616 2420 Deus
1638 2375 1721 2420 illis
1736 2412 1747 2432 ,

423 2485 432 2501 ¹
453 2480 544 2510 Rom.
564 2489 617 2517 111,
637 2486 668 2509 2.
687 2493 728 2498 —
747 2476 827 2507 ²1d.
850 2488 895 2515 XI,
918 2475 1036 2517 17—24.
1064 2492 1104 2497 -
1131 2473 1144 2498 3
1164 2473 1500 2515 Psa1.cv1‚33.——4
1523 2475 1569 2505 Id.
1594 2485 1701 2516 Lxxiu,
1716 2486 1748 2516 9.

361 2552 403 2557 —
423 2533 579 2575 ⁵1‹-l.cv1‚
601 2531 841 2575 34—f3111id.
863 2532 1224 2573 35,35.-7121.c1x,
1250 2531 1280 2573 4
1301 2548 1342 2554 -
1360 2530 1434 2564 ⁸111.
1454 2542 1529 2573 cxli,
1550 2531 1579 2561 3.
