1848 3261
391 245 476 284 372
827 253 860 280 s.
895 253 1126 282 AUGUSTINI
1158 253 1340 282 Bmscom

389 340 410 364 »
444 335 514 364 me
534 355 546 375 ‚
571 328 614 364 et
634 319 680 363 in
702 319 879 364 nomine
897 319 1069 363 Domini
1085 317 1205 362 ultus
1225 335 1321 364 sum
1343 323 1455 366 eos‘.
1483 339 1504 362 »
1531 321 1658 374 Quod
1678 321 1738 365 ait
1758 340 1768 366 ε

389 411 411 435 ι(
444 392 604 435 Omnes
630 399 776 449 gentes
799 388 1184 434 circumdederunt
1200 405 1269 433 me
1289 425 1299 445 ‚
1331 400 1374 435 et
1404 391 1449 435 in
1481 392 1657 435 nomine
1690 395 1775 436 Do-

387 481 408 505 »
444 461 550 506 mini
570 461 689 505 ultus
707 476 804 505 sum
821 475 919 517 cos3
946 478 966 501 »
993 460 1204 519 significat
1221 460 1426 504 Ecclesiae
1448 461 1617 506 labores
1640 470 1773 522 atque

383 533 608 578 victoriam
630 551 638 577 :
667 530 743 575 sed
764 529 887 591 quasi
909 545 1036 575 causa
1064 540 1334 591 quaereretur
1367 531 1486 576 unde
1507 542 1628 576 tanta
1658 531 1773 578 mala

382 619 583 665 superare
612 602 832 662 potuerit,
858 610 1103 661 respectum
1125 611 1188 646 est
1210 601 1265 646 ad
1288 602 1535 663 exemplum
1557 638 1568 659 ,
1601 612 1644 647 et
1665 602 1773 648 dixit

383 673 491 736 quid
513 673 654 733 primo
676 687 797 732 passa
819 671 872 716 sit
894 672 939 714 in
960 672 1100 731 capite
1121 687 1200 716 suo
1216 707 1227 728 ‚
1253 672 1456 718 addendo
1479 672 1601 734 quod
1624 674 1773 734 sequi-

381 756 455 791 tur
479 764 488 790 2
520 764 539 787 «
571 742 901 789 Circumdantes
924 742 1308 788 circumdederunt
1333 760 1418 788 me.
1447 763 1468 786 »
1493 748 1552 789 Et
1571 745 1684 789 bene
1708 745 1772 789 ibi

382 834 473 864 non
491 816 722 877 repetitum
741 824 826 871 est,
851 834 868 855 ‹<
890 816 1051 859 Omnes
1075 824 1250 874 gentes3
1272 836 1289 857 »
1312 815 1431 876 quod
1449 832 1472 861 a
1489 819 1513 861 J
1518 817 1654 861 udaeis
1671 815 1771 861 solis

381 889 548 935 factum
566 896 643 932 est.
665 906 685 929 «
703 889 760 931 Et
780 886 826 930 in
848 887 1025 931 nomine
1045 887 1218 931 Domini
1239 886 1357 932 ultus
1377 904 1474 932 sum
1495 905 1566 934 eos
1588 908 1598 933 ε
1625 906 1645 930 »
1670 888 1773 949 quia

380 959 470 1007 illic
492 959 583 1019 ipse
600 957 697 1018 pius
718 956 928 1017 populus,
955 957 1076 1017 quod
1097 966 1160 1001 cst
1182 973 1340 1018 corpus
1362 959 1546 1014 Christi,
1567 974 1774 1018 persecu-

382 1040 497 1076 tores
530 1029 660 1073 sensit
676 1063 687 1084 ,
726 1027 780 1072 de
798 1042 987 1089 quorum
1007 1043 1162 1086 genere
1184 1044 1284 1072 caro
1304 1027 1379 1073 illa
1400 1038 1599 1088 suscepta
1614 1038 1658 1073 et
1677 1044 1773 1074 sus-

380 1117 514 1164 pensa
531 1109 609 1156 est,
628 1109 671 1145 et
693 1115 772 1160 pro
793 1115 881 1160 quo
900 1099 1066 1144 factum
1085 1109 1148 1144 est
1167 1099 1384 1160 quidquid
1401 1100 1457 1144 ab
1478 1099 1552 1144 illa
1570 1101 1774 1146 interiore

381 1173 610 1218 divinitate
629 1186 706 1230 per
727 1171 981 1215 exteriorem
1006 1185 1180 1215 carnem
1208 1170 1369 1216 virtute
1401 1170 1635 1216 immortali
1656 1187 1775 1217 mor-

380 1242 716 1291 taliter-factum
739 1251 818 1286 est.

442 1316 543 1359 VII.
579 1331 596 1353 «
624 1311 1019 1358 Circumdederunt
1040 1327 1109 1356 me
1129 1314 1240 1357 sicut
1261 1328 1360 1372 apes
1382 1312 1553 1369 favum,
1580 1321 1623 1358 et
1649 1329 1773 1358 exar-

384 1406 404 1430 »
441 1393 592 1430 serunt
615 1384 727 1428 sicut
746 1383 857 1441 ignis
878 1382 924 1426 in
943 1382 1075 1442 spinis
1091 1418 1101 1438 ,
1128 1392 1170 1427 et
1193 1383 1238 1426 in
1261 1383 1438 1427 nomine
1461 1385 1634 1428 Domini
1656 1384 1774 1429 ultus

384 1476 406 1500 »
442 1471 539 1501 sum
558 1458 674 1500 eos2.
697 1473 717 1495 »
740 1454 820 1498 Hic
837 1455 928 1515 jam
951 1469 1001 1497 ex
1028 1452 1180 1498 ordine
1204 1463 1418 1512 gestarum
1445 1470 1590 1498 rerum
1607 1490 1617 1510 ‚
1644 1456 1773 1500 etiam

379 1528 619 1574 verborum
651 1524 759 1570 ordo
789 1524 1048 1569 contexitur.
1076 1526 1185 1569 Nam
1206 1525 1349 1584 ipsum
1377 1525 1613 1569 Dominum
1641 1535 1774 1586 caput

379 1597 588 1646 Ecclesiae
610 1604 727 1640 recte
745 1595 978 1654 accipimus
1001 1594 1319 1638 circumdatum
1347 1611 1370 1639 a
1392 1596 1742 1655 persecutoribus
1758 1632 1770 1652 ,

380 1670 495 1715 sicut
512 1665 785 1712 circumdant
808 1680 906 1724 apes
928 1664 1091 1708 favum.
1118 1664 1235 1717 Quid
1257 1665 1373 1708 enim
1397 1666 1452 1709 ab
1475 1666 1775 1724 ignorantibus

382 1749 552 1800 gestum
584 1738 639 1781 sit
653 1772 664 1792 ‚
704 1735 888 1794 mystica
930 1734 1167 1779 subtilitate
1201 1735 1383 1795 Spiritus
1414 1747 1587 1781 sanctus
1625 1737 1773 1799 loqui-

379 1821 467 1857 tur.
494 1808 584 1856 Mel
607 1808 771 1869 quippe
792 1822 891 1866 apes
909 1815 1144 1866 operantur
1158 1806 1204 1850 in
1226 1806 1605 1853 {hvisNescientes
1628 1818 1774 1855 autem

381 1889 681 1944 persecutores
717 1877 912 1932 Domini,
943 1876 1142 1921 feceruut
1173 1892 1275 1921 cum
1302 1878 1427 1922 nobis
1458 1878 1550 1938 ipsa
1577 1881 1773 1939 passione

383 1953 626 1998 dulciorem
645 1970 654 1995 ι
671 1958 723 1994 ut
745 1958 965 2008 gustemus
988 1957 1030 1992 ct
1051 1948 1274 1992 videamus
1295 1965 1425 2009 quam
1442 1951 1582 1995 suavis
1605 1961 1669 1996 est
1689 1955 1774 1996 Do-

383 2023 553 2068 minus3
574 2057 585 2077 ‚
608 2020 686 2081 qui
708 2028 904 2064 mortuus
926 2028 990 2063 est
1011 2028 1188 2079 propter
1210 2019 1366 2064 delicta
1383 2029 1545 2076 nostra,
1563 2030 1606 2065 et
1627 2037 1773 2066 resur-

383 2096 494 2140 rexit
532 2101 711 2154 propter
735 2091 1091 2152 justificationem
1127 2100 1316 2135 nostram
1342 2092 1373 2134 4.
1410 2094 1612 2137 Jamvero
1653 2093 1775 2153 quod

384 2166 580 2227 sequitur
599 2182 608 2209 :
639 2182 659 2205 «
684 2165 740 2206 Et
763 2170 1012 2206 exarserunt
1032 2160 1153 2205 velut
1176 2162 1284 2220 ignis
1306 2162 1350 2205 in
1371 2162 1502 2221 spinis
1529 2182 1537 2207 :
1561 2180 1581 2204 »
1614 2164 1659 2208 in
1682 2165 1774 2224 ejus

386 2251 567 2297 cor-pore
592 2270 603 2291 ‚
623 2235 706 2278 hoc
729 2242 812 2288 cst,
838 2234 882 2276 in
904 2232 1067 2293 populo
1089 2232 1254 2292 ubique
1286 2231 1446 2277 diffuso
1469 2233 1622 2278 melius
1640 2234 1774 2279 intel-

383 2308 562 2368 ligitur3
581 2320 712 2366 quem
735 2302 1116 2349 circumdederunt
1135 2318 1282 2347 omnes
1306 2313 1469 2362 gentes,
1488 2319 1587 2348 cum
1608 2305 1663 2349 sit
1684 2305 1774 2350 col-

383 2380 522 2423 lectus
550 2375 605 2420 de
627 2375 830 2420 omuibus
856 2373 1071 2432 gentibus.
1102 2391 1123 2415 «
1157 2375 1422 2418 Exarserunt
1457 2375 1619 2434 quippe
1651 2375 1774 2420 velut

387 2468 408 2491 ³>
443 2447 554 2507 ignis
576 2447 622 2490 in
638 2445 784 2505 spinis,
806 2464 825 2486 >2
843 2443 1018 2504 quando
1041 2443 1321 2504 peccatricem
1340 2459 1512 2488 carnem
1531 2453 1661 2506 atquc
1684 2446 1772 2490 hu-

378 2522 449 2582 jus
471 2516 664 2562 mortalis
685 2515 785 2559 vitae
807 2514 1123 2559 molestissimas
1145 2515 1502 2574 compunctiones
1519 2551 1529 2571 ,
1565 2531 1771 2576 persecu-

435 2611 443 2627 ¹
470 2603 548 2635 Psal.
569 2612 665 2643 csvn,
689 2612 739 2642 10,
764 2612 812 2632 11,
835 2617 874 2623 -—-
892 2600 1002 2632 21bi⁴t
1029 2608 1076 2632 1'2.
1103 2617 1143 2622 -·
1172 2598 1183 2622 3
1204 2600 1248 2632 121.
1269 2611 1381 2644 xxxin,
1397 2614 1429 2642 ς).
1452 2598 1521 2631 -ἐ
1543 2603 1633 2634 Rom.
1654 2613 1696 2643 iv,
1713 2602 1768 2634 23,
