1848 3261
302 207 544 238 ENARRATIO
575 211 590 236 1
622 211 669 237 nv
700 208 903 238 PsALMUM
933 212 1000 249 CI,
1034 201 1172 239 SERMo
1203 214 1234 239 1.
1397 202 1450 240 27

72 280 295 337 Tanquam
326 278 471 322 unitas
495 277 686 336 corporis
713 296 722 322 :
758 277 791 320 si
819 276 984 336 patitur
1012 291 1152 320 unum
1173 276 1421 321 membrum
1438 313 1450 333 ,

69 348 394 407 compatiuntur
423 348 566 392 omnia
588 347 783 391 membra
799 349 828 390 ¹.
857 345 1092 390 Tribularis
1113 355 1162 389 tu
1184 346 1315 390 hodie
1331 383 1342 402 ,
1368 364 1449 407 ego

68 419 255 464 tribulor
286 439 294 463 :
335 418 572 463 tribulatur
599 419 706 462 alius
733 418 918 462 crastino
939 453 949 472 ,
987 433 1067 476 ego
1098 417 1285 462 tribulor
1310 438 1319 462 ε
1353 429 1451 478 post

68 490 190 533 istam
222 489 543 548 generationem
572 488 643 532 alii
665 488 851 548 posteri,
875 488 951 547 qui
973 486 1215 532 succedunt
1242 490 1422 546 posteris
1438 524 1450 544 ,

67 559 359 615 tribulantur,
390 574 468 617 ego
501 559 684 603 tribulor
714 573 886 618 :usque
914 558 961 601 ir.
991 559 1122 601 finem
1147 558 1317 614 saeculi,
1352 559 1453 619 qui-

68 645 258 690 cumque
278 630 325 673 in
355 645 453 674 meo
477 645 659 689 corpore
690 628 956 673 tribulantur
977 664 988 684 ,
1015 644 1095 687 ego
1117 628 1319 673 tribulor.
1345 648 1366 671 «
1402 633 1454 674 In

70 718 91 742 »
128 714 404 760 quacumque
434 715 537 758 ergo
559 699 629 744 die
650 698 861 754 tribulor,
880 698 1043 743 inclina
1071 714 1220 743 aurem
1243 708 1363 743 tuam
1399 700 1454 744 ad

70 789 91 812 »
124 785 209 814 me,
236 772 287 813 In
305 785 581 830 quacumque
599 769 670 813 die
693 770 952 814 invocavero
969 778 1028 821 te,
1053 770 1139 814 cito
1161 769 1316 816 exaudi
1332 785 1446 814 me.»

68 842 163 885 Hoc
183 840 299 884 idem
315 849 393 884 est.
419 842 515 884 Jam
533 855 652 884 nunc
675 839 888 885 invocabo
911 859 920 883 :
945 840 1021 883 sed
1037 875 1048 895 ,
1065 859 1082 880 «
1103 843 1156 884 In
1178 856 1455 901 quacumque

69 930 90 952 »
126 910 197 954 die
228 911 486 955 invocavero
518 919 586 966 te,
623 910 709 955 cito
742 911 899 955 exaudi
925 925 1011 954 me.
1040 928 1060 951 n
1097 911 1248 955 Oravit
1275 915 1452 966 Petrus,

68 981 206 1027 oravit
224 982 381 1026 Paulus
395 1017 406 1037 ,
432 991 665 1027 oraverunt
683 982 828 1026 caeteri
850 981 1046 1042 Apostoli
1062 1003 1073 1039 3
1093 991 1332 1027 oraverunt
1347 983 1456 1027 fide-

67 1052 128 1096 les
146 1051 531 1112 temporibusillis,
549 1061 783 1097 oraverunt
796 1051 945 1096 fideles
962 1053 1328 1112 consequentibus
1350 1062 1456 1097 tem·

68 1123 246 1183 poribus
262 1158 272 1177 ‚
305 1131 538 1167 oraverunt
568 1122 717 1166 fideles
738 1125 982 1180 Martyrum
1005 1123 1275 1182 temporibus
1291 1159 1302 1178 ,
1328 1133 1453 1168 orant

67 1192 217 1237 fideles
243 1193 399 1237 nostris
434 1193 704 1253 temporibus
725 1229 736 1249 ,
772 1193 962 1238 orabunt
999 1194 1164 1242 fideles,
1178 1204 1452 1254 posterorum

68 1264 359 1323 temporibus:
381 1267 462 1308 «In
475 1280 752 1325 quacumque
769 1265 838 1309 die
855 1265 1113 1310 invocavero
1129 1275 1184 1320 te,
1198 1267 1282 1310 cito
1299 1266 1454 1311 exaudi

72 1354 93 1377 »
128 1350 213 1379 me.
239 1335 336 1379 Cito
356 1335 534 1379 exaudi:
555 1353 575 1376 »
592 1337 684 1396 jam
715 1336 829 1379 enim
850 1336 933 1380 hoc
955 1351 1059 1394 rogo
1076 1372 1087 1392 ,
1107 1337 1228 1396 quod
1250 1336 1352 1381 dare
1371 1338 1450 1382 vis.

68 1408 166 1452 Non
187 1414 357 1450 terrena
379 1407 501 1466 quasi
531 1415 752 1461 terrenus,
777 1405 851 1449 sed
871 1422 923 1450 ex
944 1407 1081 1466 prima
1098 1408 1345 1467 captivitate
1364 1409 1455 1468 jam

69 1476 348 1536 redemptus,
379 1492 564 1536 regnum
599 1476 813 1521 coelorum
843 1476 1041 1522 desidero
1068 1498 1080 1535 3
1120 1497 1141 1521 «
1173 1479 1270 1523 Cito
1301 1478 1457 1523 exaudi

72 1566 93 1589 n
127 1563 196 1592 me
218 1567 227 1592 :
258 1566 278 1589 »
303 1564 393 1592 non
410 1549 525 1592 enim
549 1548 630 1592 nisi
656 1548 732 1592 tali
754 1547 968 1592 desiderio
990 1547 1161 1593 dixisti:
1192 1568 1210 1590 «
1234 1549 1390 1594 Adhuc
1414 1558 1457 1594 te

71 1635 93 1659 »
127 1617 335 1678 loquente
368 1617 509 1662 dicam
531 1637 540 1663 ε
566 1621 678 1662 Ecce
699 1618 896 1663 adsum2.
921 1622 972 1663 In
994 1634 1273 1680 quacumque
1295 1619 1365 1664 die
1387 1620 1457 1664 in-

71 1707 93 1731 »
126 1704 338 1734 vocavero
368 1698 436 1744 te,
465 1687 552 1734 cito
574 1689 728 1734 exaudi
754 1705 840 1734 me.
869 1711 886 1731 »
914 1689 1039 1735 Unde
1072 1691 1274 1735 invocas?
1294 1690 1349 1735 de
1370 1708 1458 1753 qua

69 1759 380 1805 tribulatione?
398 1762 452 1805 de
469 1778 555 1821 qua
578 1769 766 1820 egestate
785 1762 803 1801 ἱ)
823 1762 861 1805 O
882 1777 1048 1821 pauper
1071 1771 1171 1806 ante
1185 1763 1364 1823 januam
1388 1763 1459 1807 di-

69 1830 166 1875 vitis
195 1831 294 1885 Dei,
321 1847 410 1891 quo
439 1830 650 1875 desiderio
677 1830 926 1875 mendicas?
948 1847 1034 1892 qua
1060 1832 1207 1891 inopia
1240 1833 1458 1893 requiris?

69 1916 156 1960 qua
168 1910 356 1958 egestate
369 1900 529 1960 pulsas,
545 1911 595 1944 ut
613 1901 829 1960 aperiatur
844 1901 924 1945 tibi
937 1903 954 1943 *ἲ
969 1903 1060 1957 Dic,
1077 1901 1304 1947 audiamus
1320 1904 1458 1963 ipsam

72 1979 325 2029 egestatem,
350 1971 397 2014 in
419 1970 491 2014 illa
525 1980 568 2015 et
598 1986 676 2015 nos
698 1971 812 2030 ipsos
834 1972 1106 2017 inveniamus
1120 2008 1131 2028 ,
1156 1983 1200 2018 et
1220 1983 1368 2019 tecum
1389 1991 1460 2021 ro-

73 2055 236 2099 gemus.
262 2041 400 2097 Audi,
426 2051 469 2085 et
491 2057 697 2104 agnosce,
723 2041 757 2085 si
771 2048 915 2102 potes.

132 2114 208 2156 IV.
236 2131 256 2154 «
281 2112 392 2165 Quia
409 2110 664 2156 defecerunt
682 2112 793 2157 sicut
814 2111 961 2158 fumus
983 2112 1073 2159 dies
1094 2115 1226 2159 mei3.
1244 2134 1264 2158 »
1280 2117 1318 2160 Ο
1339 2116 1430 2162 dies
1448 2118 1457 2161 l

72 2182 107 2225 si
128 2181 218 2226 dies
240 2201 248 2226 :
273 2182 352 2226 ubi
367 2183 482 2226 enim
504 2182 594 2226 dies
616 2184 808 2239 auditur,
828 2183 904 2228 lux
922 2184 1194 2244 intelligitur.
1225 2205 1245 2229 «
1264 2187 1363 2242 Sed,
1386 2188 1460 2232 de-

75 2270 96 2293 »
132 2251 332 2296 fecerunt
363 2253 473 2296 sicut
505 2251 653 2297 fumus
678 2253 768 2297 dies
801 2254 902 2298 mei.
935 2255 1032 2299 Dies
1067 2256 1168 2300 mei.
1203 2275 1222 2298 »
1252 2259 1464 2317 Tempora

73 2338 167 2367 mea
195 2342 204 2367 ε
234 2322 353 2367 unde
376 2343 395 2365 «
425 2324 544 2368 Sicut
564 2324 732 2379 fumus,
760 2344 779 2365 1»
808 2325 889 2369 nisi
921 2336 1099 2386 propter
1134 2326 1366 2372 elationem
1388 2345 1462 2373 su-

71 2393 263 2452 perbiae?
287 2393 408 2438 Tales
432 2393 524 2438 dies
546 2394 706 2453 dignus
729 2394 814 2440 fuit
836 2397 1030 2456 accipere
1056 2398 1266 2457 superbus
1287 2398 1426 2443 Adam
1445 2435 1457 2456 ,

74 2463 192 2508 unde
214 2480 388 2509 carnem
409 2466 604 2510 Christus
627 2466 805 2525 accepit.
832 2469 948 2526 Ergo
969 2467 1016 2511 in
1032 2468 1172 2513 Adam
1189 2469 1401 2527 Christus,
1415 2480 1459 2515 et

124 2557 130 2571 ¹
156 2561 168 2580 1
191 2551 262 2582 Cor.
284 2561 341 2590 xu,
362 2553 415 2582 26.
438 2568 478 2573 —-
499 2558 512 2573 ²
530 2552 603 2582 lsai.
619 2562 707 2592 Lvui,
729 2562 760 2593 9.
778 2569 818 2574 —
846 2550 858 2574 3
876 2552 955 2584 Psal.
976 2563 1018 2593 cl,
1038 2553 1071 2594 [4.
