1848 3261
400 194 453 231 50
830 206 863 232 5.
899 203 1128 233 Aueusnm
1160 205 1340 232 Emscom

395 285 416 308 »
451 266 584 322 mihi,
610 284 633 317 1)
666 282 715 311 ac
745 283 833 312 non
855 269 930 313 issa
957 270 1100 328 potius
1121 284 1220 329 quae
1254 268 1451 328 superius
1479 268 1773 328 loquebatur,

398 355 415 376 «
454 339 504 379 In
526 337 824 382 conveniendo
850 338 1031 398 populos
1049 340 1094 382 in
1110 354 1265 393 unuin,
1290 348 1332 382 et
1351 353 1497 397 regna,
1518 347 1568 382 ut
1589 338 1778 382 serviant

396 423 416 446 1)
453 406 667 450 Domino?
693 425 713 448 »
739 408 864 452 Unde
885 408 1006 453 vobis
1029 425 1103 453 cor
1125 407 1276 452 dolet?
1297 409 1404 461 Quia
1426 418 1470 452 et
1496 408 1777 467 imperatores

393 486 543 520 contra
566 478 787 522 haereticos
807 478 923 537 leges
946 487 1197 537 proponunt
1219 497 1227 522 z
1246 478 1307 521 ibi
1328 477 1559 536 impletum
1575 486 1665 531 051,
1681 496 1701 519 «
1719 480 1778 522 Et

394 565 415 588 »
452 563 609 606 regna,
635 558 684 592 ut
707 550 894 593 serviant
930 549 1131 593 Domino.
1159 568 1177 589 »
1209 551 1305 593 Non
1328 549 1443 592 0111111
1473 563 1547 591 vos
1577 547 1777 592 1111105115

390 617 566 661 illorum
579 619 955 674 mortificatorum,
967 635 1155 679 quorum
1178 634 1261 663 vox
1284 618 1633 677 compeditorum
1651 633 1778 663 exau-

391 687 480 731 dita
502 698 566 732 est
588 704 611 731 a
636 688 837 732 Domino.
863 689 1013 733 Absit:
1039 705 1128 733 non
1151 690 1234 732 hoc
1255 689 1453 732 indicant
1474 688 1588 732 facta
1611 697 1774 743 vestra,

389 774 479 802 non
508 760 591 802 hoc
608 758 773 803 indicat
793 760 993 819 superbia
1015 770 1156 803 vestra
1174 795 1184 813 ,
1211 775 1299 803 non
1321 760 1404 803 1100
1425 758 1589 803 indicat
1611 759 1777 803 vanitas

391 838 530 872 vestra
557 848 564 872 :
597 844 685 873 non
715 830 859 888 sapitis
879 865 889 884 ,
922 839 964 873 01
998 829 1100 874 foris
1132 830 1256 873 estis:
1282 829 1343 873 sal
1364 829 1626 873 infatuatum
1649 830 1774 884 estis,

390 898 487 942 ideo
516 907 558 942 et
580 899 636 942 ab
666 900 914 943 hominibus
945 899 1274 944 conculcamini.
1304 899 1464 943 Audite
1492 898 1599 959 quid
1625 898 1774 944 dicat:

389 984 486 1028 quae
506 968 731 1013 Ecclesia?
750 989 769 1011 «
786 975 889 1023 Quae
905 970 1184 1028 congregavit
1204 970 1386 1028 populos
1406 971 1449 1012 in
1466 985 1649 1012 unum.»
1666 972 1775 1022 Quae

391 1039 609 1083 Ecclesia?
628 1042 772 1092 «Quae
796 1040 1073 1098 congregavit
1088 1055 1236 1097 regna,
1260 1049 1307 1083 ut
1328 1040 1515 1083 serviant
1538 1039 1770 1083 Domino.»

391 1113 509 1154 Mota
527 1111 705 1154 vocibus
725 1111 876 1154 vestris
898 1120 941 1154 et
971 1110 1086 1154 falsis
1110 1110 1387 1169 opinionibus
1408 1110 1559 1154 vestris
1580 1145 1590 1164 ‚
1621 1110 1778 1169 quaerit

390 1195 412 1222 a
443 1183 531 1224 Deo
564 1190 612 1224 ut
631 1179 907 1237 exiguitatem
929 1181 1099 1224 dierum
1130 1196 1307 1223 suorum
1339 1181 1571 1224 annuntiet
1601 1180 1681 1224 sibi
1699 1215 1710 1235 ‚
1734 1189 1780 1225 et

388 1250 554 1294 invenit
582 1250 816 1294 Dominum
837 1251 989 1294 dixisse
1011 1271 1020 1295 z
1050 1271 1068 1292 «
1092 1253 1204 1294 Ecce
1237 1266 1317 1308 ego
1333 1250 1558 1294 vobiscum
1582 1266 1678 1295 sum
1701 1266 1776 1294 us-

391 1338 410 1360 »
447 1321 594 1380 quein
611 1322 1032 1365 consummationem
1052 1321 1197 1365 saecnli
1215 1324 1245 1364 ¹.
1274 1340 1293 1362 »
1328 1322 1408 1365 Hic
1427 1337 1502 1366 vos
1524 1320 1665 1365 dicitis
1688 1324 1776 1367 :De

390 1391 514 1435 nobis
537 1391 643 1435 dixit
662 1413 671 1448 3
697 1408 774 1436 nos
797 1408 944 1436 sumus
961 1427 972 1447 ‚
990 1408 1066 1436 nos
1087 1394 1246 1435 erimus
1266 1408 1403 1452 usque
1430 1393 1476 1436 in
1498 1407 1777 1436 consumma-

389 1461 550 1505 tionem
570 1462 731 1505 saecnli.
752 1466 1050 1520 Interrogetur
1071 1462 1162 1521 ipse
1185 1462 1397 1516 Christus,
1416 1462 1487 1505 cui
1504 1461 1671 1505 dictum
1690 1471 1774 1506 est:

393 1550 413 1572 «
448 1531 739 1589 Exiguitatem
761 1532 931 1575 dierum
949 1547 1146 1576 meorum
1166 1532 1378 1575 annuntia
1399 1531 1521 1575 mihi.
1548 1534 1604 1575 Et
1626 1530 1779 1590 praedi-

395 1622 412 1642 »
448 1601 644 1656 cabitur,
671 1603 841 1663 inquit,
868 1603 952 1647 1100
979 1602 1266 1659 Evangelium
1300 1603 1345 1644 in
1375 1602 1576 1646 universo
1604 1602 1708 1645 orbe
1730 1601 1777 1645 in

392 1689 412 1712 »
449 1673 744 1716 testimonium
763 1673 966 1716 omnibus
990 1673 1193 1730 gentibus
1208 1707 1218 1726 ‚
1245 1681 1288 1715 et
1310 1681 1415 1715 tunc
1439 1672 1584 1716 veniet
1606 1672 1775 1715 finis2.»

389 1743 504 1795 Quid
521 1741 716 1802 estquod
739 1742 911 1786 dicebas
926 1745 1040 1788 :Hoc
1063 1751 1178 1787 certe
1200 1742 1284 1786 fuit
1301 1752 1344 1786 et
1365 1742 1522 1801 periit?
1540 1741 1777 1786 Dominum

389 1812 489 1856 audi
513 1813 845 1857 annuntiantem
869 1813 1144 1871 exiguitatem
1167 1812 1336 1856 dierum
1369 1828 1581 1858 meorum.
1614 1831 1634 1854 «
1660 1816 1776 1856 Prae-

390 1900 410 1923 »
446 1883 689 1936 dicabitur‚
718 1882 887 1942 inquit,
926 1885 1008 1927 1100
1037 1882 1335 1940 Evangelium.
1366 1901 1386 1923 »
1418 1883 1530 1926 Ubi?
1555 1902 1575 1924 «
1606 1884 1656 1925 In
1678 1890 1774 1926 toto

389 1969 410 1992 >›
446 1952 550 1995 orbe
584 1962 812 1996 terrarum.
842 1972 860 1993 υ
891 1953 1085 2005 Quibus?
1113 1973 1131 1994 «
1159 1957 1211 1996 In
1243 1953 1541 1996 testimonium
1570 1951 1781 1996 omnihus

390 2040 410 2062 ³)
448 2022 661 2078 gentibus.
692 2042 711 2062 »
738 2022 850 2075 Quid
873 2025 1048 2081 postea?
1073 2042 1093 2063 «
1118 2026 1174 2066 Et
1196 2032 1300 2066 tunc
1323 2023 1468 2066 veniet
1489 2022 1602 2065 finis.
1632 2040 1652 2062 »
1678 2024 1773 2067 Non

388 2092 507 2135 vides
525 2092 667 2136 adhuc
695 2108 783 2136 esse
807 2102 953 2151 gentes
970 2128 980 2147 ‚
1008 2094 1052 2137 in
1074 2093 1234 2153 quibus
1257 2092 1455 2137 nondum
1478 2102 1540 2136 est
1564 2092 1774 2151 praedica-

390 2172 481 2205 tum
504 2162 789 2220 Evangelium
803 2165 941 2207 PCum
964 2179 1066 2221 ergo
1088 2179 1259 2206 necesse
1277 2165 1331 2207 sit
1353 2163 1524 2222 impleri
1546 2163 1666 2223 quod
1689 2169 1774 2207 Do-

388 2233 531 2275 minus
566 2232 674 2276 dixit
699 2267 709 2287 ‚
757 2233 1034 2291 exiguitatem
1067 2233 1234 2276 dierum
1277 2224 1471 2278 nieorum
1511 2234 1773 2278 annuntians

387 2302 590 2346 Ecclesiae
603 2338 613 2357 ,
634 2313 683 2345 ut
700 2302 957 2362 praedicetur
974 2304 1056 2347 1100
1079 2301 1363 2359 Evangelium
1380 2302 1426 2345 in
1444 2303 1646 2346 omnibus
1665 2319 1773 2361 gen-

388 2372 519 2425 tibus,
538 2382 580 2415 et
602 2382 706 2416 tunc
727 2373 872 2416 veniat
894 2373 989 2416 finis
1006 2372 1134 2432 :quid
1155 2381 1218 2416 cst
1238 2371 1358 2432 quod
1376 2372 1481 2416 dicis
1498 2374 1586 2432 jam
1612 2374 1770 2432 perisse

390 2441 625 2486 Ecclesiam
644 2443 697 2487 (10
719 2443 919 2487 omnibus
943 2443 1142 2501 gentibus
1156 2477 1166 2497 ‚
1188 2442 1364 2503 quando
1382 2441 1436 2486 ad
1458 2443 1541 2487 hoc
1558 2443 1772 2502 praedica-

439 2533 447 2548 ¹
473 2526 584 2558 Maith.
605 2537 716 2567 xxvm,
736 2534 787 2558 20.
805 2543 846 2549 —
870 2527 943 2558 ·1d.
968 2537 1055 2568 xxiv,
1079 2526 1128 2568 14.
