1848 3261
351 217 436 258 324
777 229 811 260 s.
846 229 1076 260 Aucusnm
1107 230 1289 258 Emscom

347 293 511 340 inimici
538 294 628 353 ejus
648 328 660 350 ,
688 292 764 339 sed
792 311 962 341 sursum
993 315 1015 339 «
1050 298 1187 355 Super
1213 293 1411 340 inimicos
1437 309 1536 340 suos
1560 329 1571 351 ,
1607 294 1728 356 quod

350 383 371 408 »
406 363 558 410 oculus
588 379 678 409 non
705 364 836 422 vidit,
865 382 946 411 nec
982 366 1095 411 auris
1128 365 1321 421 audivit,
1357 381 1438 411 nec
1471 366 1517 410 in
1539 381 1614 411 cor
1645 366 1728 411 ho-

348 454 370 479 »
404 435 530 480 minis
572 435 764 480 ascendit
788 470 799 492 ,
846 437 967 496 quod
1007 436 1266 497 praeparavit
1298 439 1413 481 Deus
1449 435 1728 495 diligentibus

346 525 368 550 »
403 507 545 551 eum1.
572 523 593 547 »
619 506 781 558 Quanti
800 505 916 550 valet
936 508 1020 552 hoc
1041 507 1162 568 quod
1182 522 1272 551 non
1288 506 1460 551 videtur
1477 541 1489 562 ,
1505 517 1549 551 et
1570 507 1730 551 emitur

343 577 452 623 tanti
483 586 698 638 quantum
722 575 907 637 quisque
928 577 1090 622 habere
1117 577 1338 638 potuerit?
1366 580 1548 637 Propter
1574 577 1658 622 hoc
1686 585 1730 622 et

343 647 417 693 ille.
445 666 466 690 «
487 647 676 706 Sparsit,
701 645 823 691 dedit
838 647 1118 707 pauperibus.
1148 666 1168 689 »
1194 649 1293 693 Non
1313 646 1512 703 videbat,
1538 656 1582 692 et
1608 662 1728 691 eme-

342 719 420 763 bat
447 733 455 759 ε
483 716 558 762 sed
573 716 646 761 ille
668 717 920 761 thesaurum
942 718 1140 762 servabat
1160 718 1206 761 in
1227 717 1363 773 coelo,
1388 717 1465 777 qui
1493 717 1655 762 esurire
1685 726 1729 762 et

341 790 459 834 sitire
482 788 529 832 in
545 788 808 848 pauperibus
831 787 1096 848 dignabatur
1116 789 1161 834 in
1191 798 1319 833 terra.
1344 791 1443 834 Non
1473 789 1632 834 mirum
1663 797 1728 833 est

341 860 498 920 igitur,
521 859 555 903 si
576 879 596 902 «
617 858 789 904 Justitia
812 861 904 920 ejus
925 869 1073 905 manet
1094 861 1140 904 in
1162 859 1372 904 saeculum
1393 860 1542 905 saeculi
1563 879 1571 905 :
1592 879 1612 902 »
1630 875 1728 904 cus-

343 930 446 977 tode
468 928 544 974 isso
563 964 574 985 ,
600 929 676 990 qui
700 929 896 974 condidit
924 930 1095 976 saecula.
1134 948 1155 973 «
1179 932 1329 976 Cornu
1357 931 1449 990 ejus
1471 929 1730 974 exaltabitur

345 1021 366 1045 »
401 1003 447 1046 in
461 1001 626 1061 gloria2
651 1020 660 1046 :
684 1019 705 1043 »
725 1002 848 1061 cujus
860 1002 1324 1062 humilitasasuperbis
1343 1002 1725 1046 contemnebatur.

401 1075 523 1117 v111.
553 1091 574 1114 «
598 1075 803 1116 Peccator
817 1072 1006 1128 videbit,
1033 1083 1076 1117 et
1093 1073 1324 1118 irascetur:
1344 1091 1363 1114 η
1378 1088 1471 1117 sera
1483 1071 1555 1116 illa
1569 1072 1732 1117 scilicet

343 1154 475 1204 atque
490 1142 758 1188 infructuosa
780 1143 1050 1202 poenitentia.
1076 1146 1186 1188 Nam
1209 1162 1231 1184 «
1256 1146 1490 1198 Irascetur,
1509 1161 1528 1184 »
1547 1143 1618 1187 cui
1633 1158 1731 1186 ma-

343 1215 407 1274 gis
427 1229 559 1273 quam
571 1213 675 1268 sibi,
691 1229 792 1258 cum
806 1213 936 1269 dicet,
958 1233 977 1255 «
998 1212 1115 1266 Quid
1132 1213 1256 1256 nobis
1273 1211 1440 1272 profuit
1451 1212 1670 1272 superbia,
1688 1220 1732 1256 et

344 1304 365 1328 »
401 1285 649 1330 divitiarum
656 1284 867 1344 jactantia
883 1283 989 1345 quid
1003 1283 1189 1329 contulit
1203 1284 1351 1328 nobis3
1362 1286 1380 1328 Ρ
1392 1284 1580 1328 »Videns
1594 1299 1733 1328 cornu

345 1358 438 1418 ejus
471 1356 647 1401 exaltari
673 1356 718 1400 in
749 1356 908 1415 gloria,
942 1356 1018 1416 qui
1040 1356 1194 1415 sparsit
1222 1363 1264 1398 et
1291 1354 1412 1399 dedit
1447 1355 1727 1415 pauperibus.

350 1447 371 1470 ι(
405 1427 618 1472 Dentibus
640 1426 724 1471 suis
749 1425 999 1480 frendet,et
1020 1425 1227 1470 tabescet.
1253 1444 1273 1467 »
1295 1425 1406 1479 Quia
1424 1424 1510 1469 illic
1532 1426 1612 1469 erit
1633 1424 1733 1485 plo-

343 1507 462 1543 ratus
482 1508 524 1542 et
541 1496 699 1542 stridor
716 1496 929 1541 dentium.
947 1499 1045 1542 Non
1063 1496 1176 1540 enim
1196 1495 1448 1551 frondebit,
1468 1505 1512 1540 et
1531 1494 1728 1551 virescet,

346 1569 457 1614 sicut
478 1568 621 1622 fieret,
658 1566 691 1611 si
726 1576 974 1626 opportuno
1008 1582 1108 1611 eum
1147 1576 1343 1626 tempore
1365 1566 1598 1626 poeniteret
1623 1584 1632 1611 :
1657 1564 1734 1610 sed

345 1650 453 1685 tunc
474 1638 722 1699 poenitebit,
742 1653 842 1682 cum
866 1658 885 1681 «
908 1637 1178 1683 Desiderium
1197 1648 1473 1697 peccatorum
1488 1637 1649 1697 peribit
1675 1656 1684 1682 ;
1707 1654 1728 1678 »

347 1709 470 1755 nullo
494 1708 752 1754 succedente
773 1709 940 1754 solatio.
968 1708 1130 1753 Peribit
1152 1708 1413 1752 desiderium
1434 1717 1729 1768 peccatorum,

346 1797 448 1827 cum
469 1780 678 1825 transient
709 1780 852 1824 omnia
874 1789 1083 1840 tanquam
1106 1779 1310 1833 umbra⁴,
1336 1794 1438 1823 cum
1471 1777 1592 1823 foeno
1616 1793 1733 1822 ares-

347 1862 472 1899 cente
497 1851 582 1911 -ssos
603 1849 788 1895 decidet.
819 1870 836 1891 «
859 1850 1055 1894 Verbum
1080 1859 1226 1893 autem
1248 1849 1423 1894 Domini
1445 1849 1565 1910 quod
1586 1857 1733 1893 manet

352 1943 374 1966 >›
408 1925 454 1968 in
475 1924 712 1967 aeternum⁵
727 1958 738 1978 ,
778 1940 799 1963 »
823 1923 933 1967 sicut
956 1922 1166 1966 falsorum
1192 1921 1421 1966 beatorum
1441 1921 1631 1966 vanitate
1653 1921 1733 1965 de-

349 1996 485 2039 risum
518 2003 602 2049 est,
639 1994 697 2038 sic
726 1993 980 2039 eorumdem
995 2008 1196 2039 verorum
1213 1993 1469 2038 miserorum
1498 1990 1733 2052 perditioni

351 2063 656 2127 superridebit.

400 2184 411 2201 ¹
430 2188 442 2210 1
465 2178 538 2212 Cor.
563 2188 600 2218 ιι,
617 2187 652 2219 9,
672 2179 705 2208 et
718 2177 791 2210 lsai.
815 2186 901 2219 mv,
919 2174 952 2220 4.
968 2191 1009 2199 -
1029 2181 1043 2199 ²
1061 2174 1144 2208 Psal.
1162 2183 1276 2218 0159.
1296 2189 1337 2196 -—
1360 2170 1471 2205 3Ibid.
1493 2182 1544 2205 10.
1564 2187 1606 2194 —
1625 2168 1641 2202 4
1657 2172 1732 2214 Sap.

353 2246 388 2277 v,
409 2234 444 2268 8.
462 2250 505 2258 -
523 2231 631 2268 ⁵1sai.
649 2243 703 2278 xr,
726 2231 759 2266 8.
