1848 3261
474 186 714 217 ENARRA‘no
745 190 790 216 m
822 186 1023 216 PsALMUM
1055 189 1138 215 cv1.
1416 173 1500 214 245

121 262 352 314 sequatur,
377 267 478 297 cum
511 253 682 298 dixisset
712 272 721 298 :
742 272 763 295 «
792 254 978 296 Omnem
1006 266 1147 296 escam
1169 251 1416 296 abominata
1439 260 1504 295 est

123 343 145 367 »
180 327 323 368 anima
340 339 513 382 eorum3
536 340 627 368 »ne
649 324 771 384 quasi
791 338 862 367 eos
884 332 1059 381 putares
1085 320 1140 365 de
1161 322 1353 366 satietate
1376 338 1501 367 secu-

121 411 211 451 1'08,
231 410 322 440 non
343 395 478 454 magis
498 394 665 440 videres
687 394 741 439 de
759 392 929 438 fastidio
951 393 1207 437 morituros:
1235 411 1255 434 ‹<
1273 395 1330 436 Et
1351 409 1505 452 appro-

124 483 145 508 »
179 465 503 526 pinquaverunt
518 500 529 521 ,
554 465 697 525 inquit
712 499 722 519 ,
746 479 884 524 usque
904 463 959 508 ad
976 472 1120 523 portas
1138 464 1329 508 mortis¹.
1345 481 1365 504 >›
1388 463 1505 516 Quid

121 552 224 596 ergo
245 538 403 581 restat?
433 539 490 580 Ut
523 535 643 596 quod
676 543 718 578 te
752 534 938 579 delectat
964 534 1148 579 verbum
1182 534 1277 590 Dei,
1306 549 1395 578 non
1424 534 1505 578 tibi

121 608 284 652 tribuas
301 643 311 663 ‚
336 623 479 667 neque
499 607 600 651 hinc
619 605 762 666 aliqua
790 606 953 650 infleris
981 606 1246 664 arrogantia,
1278 614 1322 649 et
1354 604 1505 650 avidus

120 678 206 722 cibi
220 713 231 733 ‚
272 678 318 721 in
355 693 426 722 eos
453 678 530 738 qui
563 675 736 721 fastidio
773 676 1073 736 periclitantur
1108 676 1292 736 superbe
1326 675 1502 721 insilias.

120 747 320 807 Intellige
343 749 472 793 etiam
489 748 570 792 tibi
593 749 833 808 praestitum
852 749 1061 802 essehoc,
1086 763 1176 792 non
1198 764 1221 792 a
1236 757 1278 792 te
1293 747 1375 791 tibi
1397 758 1508 792 esse.'

124 839 145 862 «
180 820 293 873 Quid
313 819 427 863 enim
452 820 585 863 habes
607 818 729 879 quod
750 835 840 863 non
860 819 1058 878 accepisti
1074 821 1122 863 ²?
1147 837 1167 860 »
1194 821 1287 863 Hoc
1311 833 1411 877 ergo
1432 819 1505 862 in-

124 891 317 949 telligens
329 925 340 945 ‚
362 899 404 934 et
417 891 500 934 hoc
511 890 615 935 vitio
633 899 763 950 atque
779 889 989 949 languore
1009 889 1256 949 periclitans
1269 925 1279 945 ‚
1299 889 1367 934 fac
1385 889 1506 950 quod

120 962 316 1022 sequitur
342 980 350 1005 :
381 980 401 1003 «
422 964 479 1005 Et
501 961 850 1006 exclamaverunt
872 960 926 1005 ad
952 962 1186 1006 Dominum
1202 996 1213 1016 ‚
1240 975 1340 1006 cum
1364 961 1508 1004 tribu-

123 1051 144 1074 »
178 1032 399 1088 larentur⁷
439 1041 482 1076 et
510 1031 564 1076 de
590 1032 917 1076 necessitatibus
945 1047 1097 1076 eorum
1125 1031 1328 1076 liberavit
1362 1046 1447 1075 eos.
1483 1050 1504 1073 »

119 1106 178 1148 Et
198 1103 300 1163 quia
321 1102 505 1160 languor
520 1112 610 1147 erat
626 1119 717 1147 non
733 1101 938 1147 delectari
964 1122 972 1146 :
995 1102 1146 1147 «Misit
1162 1102 1346 1147 verbum
1362 1117 1504 1159 suum,

122 1193 144 1217 »
170 1184 214 1218 et
235 1175 401 1219 sanavit
434 1176 552 1218 eos3.
580 1192 601 1215 )›
640 1173 751 1218 Vide
783 1174 891 1234 quid
925 1173 1028 1218 mali
1058 1174 1219 1218 babeat
1254 1172 1506 1231 fastidium3

119 1245 219 1291 vide
241 1245 359 1289 unde
376 1245 533 1289 liberat
550 1244 622 1289 ille
638 1281 649 1301 ‚
673 1245 729 1289 ad
741 1260 872 1306 quem
895 1245 1053 1290 clamat
1073 1244 1292 1289 fastidiens
1308 1280 1319 1300 ‚
1347 1264 1365 1287 «
1391 1245 1510 1290 Misit

123 1335 143 1358 »
179 1317 360 1361 verbum
381 1332 508 1360 suum
525 1351 535 1371 ‚
557 1325 600 1361 et
621 1316 788 1361 sanavit
817 1332 888 1360 eos
917 1336 925 1361 ε
951 1326 994 1360 et
1016 1316 1174 1375 cripuit
1197 1331 1283 1362 eos.
1315 1336 1332 1358 »
1357 1316 1509 1360 Unde?

120 1390 218 1433 Non
234 1387 289 1431 de
310 1402 475 1441 errore,
496 1402 586 1430 non
608 1386 662 1430 de
675 1385 789 1431 fame
806 1422 816 1442 ,
837 1402 927 1431 non
947 1386 1001 1431 de
1022 1386 1280 1432 difficultate
1303 1386 1506 1433 vincendi

120 1467 322 1518 peccata,
349 1457 424 1502 sed
450 1476 469 1499 «
494 1460 556 1501 De
577 1456 823 1516 corruptela
845 1473 1011 1502 eorum.
1039 1478 1057 1499 »
1092 1457 1300 1511 Quaedam
1322 1474 1507 1518 corrup-

121 1528 206 1574 tela
228 1528 382 1572 mentis
405 1537 489 1583 est,
521 1527 713 1571 fastidire
734 1526 855 1587 quod
876 1527 1005 1572 dulce
1028 1537 1106 1572 est.
1133 1531 1250 1588 Ergo
1272 1537 1315 1573 et
1339 1528 1393 1572 de
1423 1530 1508 1573 hoc

121 1599 334 1644 beneficio
350 1634 360 1654 ,
386 1599 497 1642 sicut
525 1596 580 1641 de
608 1598 774 1642 caeteris
810 1598 1104 1658 superioribus
1121 1635 1131 1653 ‚
1162 1618 1182 1641 «
1207 1601 1509 1644 Confiteantur

126 1691 144 1713 »
180 1670 367 1714 Domino
389 1669 683 1713 miserationes
712 1669 823 1728 ejus,
854 1678 898 1713 et
925 1668 1135 1713 mirabilia
1162 1671 1253 1730 ejus
1300 1669 1397 1714 filiis
1422 1672 1507 1717 ho-

123 1758 146 1783 »
181 1742 364 1785 minum.
388 1742 444 1783 Et
464 1739 706 1784 sacrificent
726 1739 983 1784 sacrificium
1004 1739 1144 1784 laudis
1160 1741 1191 1784 4.
1214 1759 1234 1782 »
1262 1743 1358 1785 Jam
1391 1742 1508 1786 enim

122 1822 173 1857 ut
193 1811 417 1866 laudetur,
433 1811 572 1855 suavis
591 1820 654 1855 est
670 1812 894 1856 Dominus.
919 1830 935 1851 «
953 1814 1009 1855 Et
1021 1812 1250 1856 enuntient
1271 1828 1401 1872 opera
1416 1815 1506 1874 ejus

126 1901 146 1924 »
181 1883 228 1926 in
246 1881 525 1926 exultatione.
545 1899 564 1922 »
586 1883 684 1926 Non
701 1897 801 1925 cum
819 1880 965 1937 taedio,
982 1897 1071 1926 non
1084 1897 1185 1926 cum
1196 1898 1400 1939 moerore,
1417 1899 1508 1928 non

123 1968 224 1997 cum
247 1952 460 1996 anxietate
478 1972 488 2009 3
512 1967 602 1995 non
623 1967 723 1995 cum
744 1951 934 2007 fastidio,
951 1951 1042 2008 sed,
1065 1972 1085 1995 «
1105 1956 1157 1996 In
1173 1953 1456 1997 exultatione.
1482 1973 1503 1996 »

181 2025 286 2066 XII.
322 2025 485 2075 Quarta
512 2022 586 2066 illa
620 2031 751 2066 restat
765 2058 776 2078 ‚
812 2023 857 2066 in
894 2039 980 2083 qua
1013 2039 1161 2067 omnes
1195 2023 1503 2083 periclitamur.

124 2095 285 2138 Omnes
300 2093 415 2137 enim
430 2093 476 2136 in
494 2093 593 2138 navi
610 2108 762 2137 sumus·
780 2113 787 2138 :
808 2093 878 2137 alii
896 2104 1148 2153 operantur,
1167 2094 1236 2138 alii
1249 2104 1505 2154 portantur3

124 2164 253 2209 simul
274 2174 421 2208 tamen
442 2180 591 2209 omnes
618 2174 662 2209 et
695 2165 740 2208 in
763 2174 1015 2225 tempestate
1043 2165 1365 2226 periclitantur,
1391 2176 1435 2211 et
1463 2168 1508 2211 in

124 2245 256 2296 portu
289 2234 522 2280 salvantur.
557 2239 659 2281 Post
682 2236 775 2280 haec
807 2236 922 2280 enim
950 2237 1095 2281 omnia
1125 2237 1342 2298 sequitur,
1379 2256 1399 2280 «
1424 2239 1509 2292 Qui

132 2327 150 2348 »
187 2305 460 2350 descendunt
480 2322 599 2351 mare
617 2307 662 2351 in
689 2307 873 2352 navibus
887 2343 897 2363 ‚
919 2307 1126 2352 facientes
1148 2309 1445 2368 operationem
1466 2309 1513 2353 in

131 2394 152 2418 >›
188 2377 308 2436 aquis
325 2376 473 2422 multis
490 2379 504 2403 ⁵
525 2396 533 2422 ε
562 2397 581 2420 »
603 2377 650 2422 id
672 2387 756 2434 est,
781 2379 827 2422 in
842 2378 1014 2439 populis
1036 2379 1199 2423 multis.
1229 2382 1375 2439 Aquas
1395 2380 1511 2423 enim

158 2479 186 2495 —¹
206 2472 286 2504 Psal.
302 2483 365 2514 ew,
392 2474 442 2506 18.
458 2491 499 2496 —-
514 2481 526 2496 ²
548 2485 561 2507 1
582 2476 654 2508 Cor.
681 2486 727 2515 iv,
748 2485 826 2516 7.—
843 2473 952 2507 ³Psa1.
973 2486 1038 2513 ew,
1061 2487 1113 2517 ις),
1135 2474 1264 2509 20,-4
1284 2475 1437 2516 11›i1l.21,
1453 2483 1508 2507 ¹22.

129 2545 169 2552 --
190 2527 299 2562 ⁵1bid.
323 2531 374 2561 23.
