1848 3261
414 234 495 273 114
832 243 865 271 s.
901 242 1131 272 Aucustrmi
1165 245 1347 272 EPISCOPI

408 331 429 353 »
463 312 510 355 in
528 310 731 356 cordibus
752 311 917 366 vestris,
933 320 983 354 ut
1004 311 1050 354 in
1069 311 1282 355 charitate
1303 309 1483 355 radicati
1503 320 1546 356 et
1567 309 1786 355 fundati.»

406 385 430 426 J
435 398 503 426 am
519 382 595 426 dat
615 381 698 426 illis
715 382 967 438 charitatem
985 416 995 436 ⁷
1010 382 1101 441 jam
1119 381 1192 424 dat
1213 380 1296 424 illis
1319 381 1405 425 alas
1427 391 1469 425 et
1492 396 1671 440 pennas.
1698 399 1717 421 α
1734 381 1791 423 Ut

407 472 426 495 »
462 453 652 512 possitis,
677 452 844 511 inquit,
870 450 1241 510 comprehendere
1263 467 1362 511 quae
1384 452 1437 495 sit
1460 451 1671 505 latitudo,
1696 449 1792 493 lon-

405 542 425 565 »
462 523 639 582 gitudo,
677 522 863 566 altitudo
897 531 940 565 et
969 520 1285 581 profundum&
1326 540 1344 561 »
1383 522 1590 565 Fortassis
1614 535 1790 564 crucem

404 596 578 640 Domini
613 594 840 652 significat.
870 596 973 636 Erat
1006 594 1122 636 enim
1156 592 1366 648 latitudo,
1405 593 1450 636 in
1472 610 1557 653 qua
1581 601 1789 651 porrectae

401 676 503 711 sunt
527 681 679 709 manus
699 686 711 722 3
734 663 964 722 longitudo
985 681 1007 708 a
1031 674 1143 708 terra
1166 681 1345 722 surgens
1363 700 1372 718 ,
1403 664 1450 707 in
1473 680 1558 724 qua
1580 673 1670 707 erat
1690 679 1789 707 cor-

402 754 481 798 pus
504 738 712 793 infixum3
735 735 921 780 altitudo
936 771 946 790 2
974 736 1029 779 ab
1053 735 1127 779 illo
1150 736 1315 779 devexo
1336 735 1453 794 ligno
1481 751 1648 779 sursum
1669 737 1790 795 quod.

402 810 563 853 eminet
579 829 589 866 3
607 806 898 867 profundum,
924 808 1000 850 ulai
1024 808 1106 850 fixa
1127 817 1218 850 erat
1237 823 1359 861 crux,
1385 817 1428 850 et
1449 807 1509 849 ibi
1533 805 1672 850 omnis
1694 821 1788 865 spes

394 881 495 926 vitae
517 889 690 924 nostrae.
718 878 923 922 Latitudo
942 879 1058 921 enim
1082 878 1207 921 estin
1239 878 1361 921 bonis
1385 878 1588 937 operibus
1605 912 1615 932 ‚
1641 876 1787 935 longi-

400 951 508 995 tudo
531 951 575 994 in
612 948 928 1009 perseverando
964 964 1102 1008 usque
1131 948 1178 991 in
1204 949 1358 1002 finem,
1398 947 1583 991 altitudo
1611 957 1788 1006 propter

403 1025 579 1067 Sursum
604 1035 693 1074 cor,
719 1028 767 1062 ut
791 1019 934 1062 omnia
960 1019 1073 1061 bona
1098 1034 1227 1077 opera
1251 1028 1412 1072 nostra,
1438 1019 1480 1061 in
1505 1017 1664 1077 quihus
1688 1032 1786 1076 per-

398 1106 642 1137 severamus
661 1098 798 1149 usque
815 1089 858 1131 in
878 1090 1025 1140 finem,
1044 1088 1250 1132 habentes
1269 1088 1547 1132 latitudinem
1566 1103 1652 1147 qua
1676 1088 1787 1131 hene

400 1177 653 1222 operamur,
693 1169 736 1203 et
762 1158 1080 1218 longitudinem
1115 1175 1200 1218 qua
1230 1175 1548 1215 perseveramus
1582 1159 1788 1218 usquein

397 1234 551 1286 finem,
573 1247 661 1275 non
683 1229 892 1274 faciamus
911 1229 990 1272 nisi
1013 1244 1086 1288 spe
1109 1229 1353 1272 coelestium
1376 1230 1670 1288 praemiorum.
1688 1232 1786 1288 Ipsa

398 1312 461 1347 est
482 1303 597 1347 enim
619 1301 805 1344 altitudo
822 1336 832 1354 ‚
858 1315 947 1343 non
971 1299 1039 1343 hic
1062 1315 1257 1359 quaerere
1286 1300 1531 1343 mercedem
1551 1335 1561 1354 ‚
1593 1299 1670 1343 sed
1690 1315 1786 1343 sur-

397 1390 493 1419 sum
516 1393 525 1418 :
552 1388 605 1417 ne
628 1371 798 1416 dicatur
820 1371 944 1415 nobis
964 1391 971 1414 :
998 1390 1017 1412 «
1043 1375 1183 1414 Amen
1205 1371 1302 1414 dico
1324 1371 1472 1425 vobis,
1496 1380 1786 1430 perceperunt

400 1464 420 1487 »
456 1443 699 1488 mercedem
717 1445 878 1486 suam&
909 1461 927 1482 η
955 1437 1229 1485 Profundum
1252 1450 1398 1484 autem
1425 1441 1543 1501 quod
1573 1441 1683 1496 dixi,
1708 1441 1785 1485 ubi

397 1516 478 1559 fixa
503 1524 594 1558 erat
616 1529 711 1573 pars
741 1512 879 1556 crucis
898 1547 908 1565 ‚
933 1521 976 1555 et
997 1527 1086 1555 non
1107 1510 1368 1569 videbatur3
1391 1510 1493 1554 inde
1521 1512 1780 1570 surgebant,

397 1602 497 1647 quae
537 1585 810 1628 videbantur.
838 1581 952 1635 Quid
986 1591 1050 1625 est
1077 1581 1198 1641 quod
1230 1581 1454 1626 occultum
1480 1591 1573 1637 est,
1613 1591 1658 1626 et
1693 1598 1784 1627 non

396 1656 626 1717 publicum
663 1654 709 1697 in
742 1652 967 1697 Ecclesia?
1004 1654 1332 1696 Sacramentum
1368 1652 1600 1711 baptismi,
1639 1669 1782 1698 sacra-

396 1737 592 1771 mentum
617 1724 914 1769 Eucharistiae.
941 1724 1083 1782 Opera
1116 1723 1230 1766 enim
1255 1732 1401 1767 nostra
1434 1723 1550 1767 bona
1572 1724 1723 1768 vident
1739 1735 1783 1770 et

397 1798 574 1857 pagani,
595 1805 862 1840 sacramenta
882 1809 985 1837 vero
1008 1792 1283 1837 occultantur
1300 1793 1384 1838 illis
1403 1794 1504 1838 :sed
1520 1795 1574 1838 ab
1596 1795 1661 1838 his
1682 1812 1781 1856 quae

396 1884 485 1912 non
521 1867 696 1920 vident,
733 1873 916 1923 surgunt
944 1863 1016 1906 illa
1048 1879 1147 1923 quae
1168 1864 1318 1908 vident
1339 1885 1350 1922 3
1374 1864 1486 1908 sicut
1512 1880 1535 1908 a
1557 1865 1780 1924 profundo

395 1940 533 1984 crucis
555 1937 675 1998 quod
696 1937 740 1980 in
763 1945 875 1979 terra
899 1935 1062 1993 figitur,
1089 1935 1226 1994 surgit
1244 1944 1336 1979 tota
1358 1951 1464 1979 crux
1485 1952 1584 1996 quae
1603 1946 1781 1996 apparet

396 2019 440 2054 et
461 2008 664 2054 cernitur.
685 2010 741 2050 Et
763 2006 869 2066 quid
894 2007 1068 2065 postea?
1091 2008 1203 2050 Cum
1226 2007 1308 2049 hoc
1332 2006 1507 2049 dixisset
1528 2007 1776 2066 Apostolus,
1831 2035 1834 2038 ·

395 2080 581 2141 adjecit:
612 2098 630 2119 «
666 2078 779 2122 Scire
810 2077 939 2120 etiam
961 2077 1356 2135 supereminentem
1387 2078 1611 2121 scientiam
1635 2078 1778 2122 chari—

397 2170 417 2193 »
453 2151 549 2194 tatis
571 2147 729 2194 Christi
744 2150 780 2191 3:
807 2166 824 2187 »
847 2148 1047 2206 cumjam
1072 2146 1239 2190 dictum
1259 2147 1429 2190 fuisset:
1451 2166 1467 2187 α
1496 2151 1547 2192 In
1569 2148 1778 2192 charitate

397 2241 416 2263 η
452 2220 630 2264 radicati
651 2228 692 2261 et
718 2216 900 2260 fundati.
930 2236 948 2258 ))
971 2217 1136 2260 Amatis
1159 2217 1275 2260 enim
1296 2218 1532 2272 Christum,
1553 2228 1596 2261 et
1617 2219 1715 2262 ideo
1732 2219 1777 2263 in

392 2307 520 2336 cruce
538 2288 790 2349 operamini.
820 2286 903 2331 Sed
928 2287 1145 2347 numquid
1170 2287 1320 2331 amatis
1337 2323 1347 2343 7
1371 2299 1585 2348 quantum
1607 2305 1682 2333 vos
1704 2288 1776 2333 ille

391 2362 579 2406 amavit?
600 2357 798 2404 Amantio
822 2368 967 2401 autem
989 2366 1395 2418 quantumcumque
1418 2359 1568 2403 amatis
1586 2395 1596 2415 ,
1622 2359 1774 2404 volatis

392 2435 446 2477 ad
468 2434 625 2492 ipsum,
646 2440 694 2474 ut
715 2430 981 2488 cognoscatis
999 2429 1372 2489 quemadmodum
1391 2429 1481 2488 ipse
1505 2445 1581 2474 vos
1601 2446 1774 2476 amave-

390 2507 467 2549 rit:
496 2505 577 2548 hoc
599 2511 677 2557 est,
695 2511 743 2545 ut
764 2501 903 2545 sciatis
919 2501 1329 2560 supereminentiam
1351 2502 1570 2546 charitatis
1593 2502 1767 2547 Christi.

437 2589 577 2631 ¹E1›l.es.
596 2599 639 2627 ni,
674 2584 782 2628 14-18.
806 2602 844 2607 -
869 2592 880 2607 ²
896 2584 1016 2618 Matth.
1046 2597 1090 2625 vi,
1107 2594 1136 2616 2.
1167 2602 1207 2607 —
1225 2581 1237 2607 ἕ
1257 2585 1370 2627 Ephcs.
1392 2596 1437 2627 ιιι,
1460 2585 1496 2626 14
1513 2590 1546 2618 et
1564 2597 1614 2628 19.
