1848 3261
414 246 495 284 126
847 256 879 283 s.
916 254 1146 284 Aucus‘um
1177 257 1359 284 Emscom

404 322 600 367 omnium
633 320 797 382 ubique
825 320 994 366 fortiter
1026 320 1417 378 evangelizantium
1455 320 1640 364 verbum
1676 318 1781 374 Dei,

403 403 716 453 cooperuerant
739 409 810 437 eos
833 409 972 453 aquae,
1006 402 1048 437 et
1069 408 1198 451 super
1225 392 1320 436 illos
1347 392 1519 436 stabant
1543 407 1683 451 aquae,
1709 390 1779 434 di-

403 465 584 510 cebant:
611 469 780 517 Preme,
805 480 976 524 preme3
1015 473 1059 508 et
1086 453 1342 523 premebant
1377 483 1385 508 :
1420 464 1663 522 Extingue,
1695 478 1786 506 non

402 545 653 596 appareant.
675 536 889 579 Dicebant
906 535 998 584 ista,
1024 543 1067 578 et
1088 534 1384 593 praevalebant
1403 550 1532 594 super
1554 537 1785 590 Martyres,

404 616 446 650 et
464 606 690 664 fugiebant
716 606 879 665 ubique
902 606 1157 660 Christiani,
1191 616 1232 650 et
1258 604 1358 663 fuga
1383 604 1573 665 quadam
1593 603 1789 648 occulta-

406 678 567 722 bantur
581 676 791 736 Apostoli.
815 675 939 720 Unde
962 674 1061 734 fuga
1086 676 1421 720 occultabantur
1443 674 1792 734 ApostoliPQuia
1846 712 1848 714 ,

406 765 535 808 super
549 758 717 793 montes
731 748 902 792 stabant
917 764 1054 808 aquae.
1073 751 1177 792 Erat
1188 757 1374 807 potestas
1386 762 1598 808 aquarum
1611 761 1786 805 magna,
1836 757 1848 764 ”

409 820 493 864 Sed
518 818 739 878 quandiu?
759 818 874 862 Audi
891 819 1012 878 quod
1029 819 1240 878 sequitur.

462 892 614 933 Vnt«
640 889 708 933 Ab
736 889 1032 948 increpatione
1056 899 1131 932 tua
1152 888 1361 946 fugient&
1383 906 1403 929 υ
1430 891 1486 932 Et
1509 888 1593 932 hoc
1622 885 1788 931 factum

406 969 484 1014 est,
510 958 687 1016 fratre53
713 960 767 1003 ab
784 959 1081 1018 increpatione
1102 960 1178 1003 Dei
1201 958 1407 1018 sugerunt
1427 974 1550 1018 aquae
1569 978 1577 1002 :
1597 958 1681 1001 hoc
1697 965 1762 1001 est
1777 991 1788 1012 ‚

405 1047 427 1074 a
453 1046 651 1089 pressura
675 1030 889 1073 montium
918 1039 1197 1073 recesserunt.
1228 1032 1323 1073 Jam
1343 1038 1510 1074 montes
1543 1028 1622 1087 ipsi
1644 1036 1793 1071 extant

407 1105 559 1145 Petrus
581 1111 623 1145 et
654 1100 812 1145 Paulus
849 1120 856 1144 :
888 1101 1111 1160 quomodo
1133 1102 1351 1144 eminent?
1370 1101 1455 1153 Qui
1477 1109 1576 1143 ante
1600 1116 1622 1142 a
1642 1113 1790 1158 perse-

405 1173 629 1216 cutoribus
668 1171 977 1231 premebantur
999 1207 1009 1226 ,
1048 1187 1166 1215 nunc
1204 1173 1258 1215 ab
1291 1171 1626 1230 imperatoribus
1659 1185 1791 1214 vene-

405 1252 570 1286 rantur.
602 1245 828 1299 Fugerunt
855 1242 970 1285 enim
995 1257 1120 1302 aquae
1149 1242 1202 1285 ab
1230 1242 1527 1301 increpatione
1557 1241 1660 1297 Dei3
1691 1240 1796 1300 quia
1843 1240 1848 1247 ⁴

406 1329 480 1357 cor
502 1327 650 1370 regum
675 1312 721 1354 in
749 1328 882 1355 manu
904 1313 981 1355 Dei
996 1347 1006 1364 ‚
1025 1312 1199 1356 deflexit
1222 1328 1311 1372 quo
1342 1312 1533 1367 v01u'2t2,
1559 1311 1686 1371 jussit
1715 1326 1793 1370 per

408 1399 478 1427 eos
501 1399 652 1443 pacem
674 1382 765 1426 dari
790 1382 1063 1436 Christianis,
1090 1383 1266 1426 emicuit
1287 1392 1330 1426 et
1351 1382 1535 1426 eminuit
1561 1382 1792 1425 auctoritas

407 1454 654 1513 apostolica.
682 1453 906 1512 Numquid
925 1462 966 1496 et
988 1453 1164 1512 quando
1195 1469 1323 1513 supra
1347 1463 1469 1497 erant
1487 1469 1611 1513 aquae
1629 1488 1639 1506 ‚
1663 1468 1792 1497 mon-

405 1525 515 1568 tium
547 1523 764 1568 defecerat
797 1523 1077 1580 magnitudo?
1110 1523 1194 1568 Sed
1219 1533 1392 1578 tamen,
1424 1523 1576 1568 fratres
1599 1523 1711 1578 mei,
1743 1532 1794 1567 ut

408 1611 556 1640 omnes
578 1595 777 1640 viderent
801 1595 1078 1638 eminentiam
1101 1595 1314 1638 montium
1335 1630 1345 1650 ,
1371 1610 1448 1654 per
1481 1610 1590 1655 quos
1620 1603 1790 1639 montes

408 1666 520 1712 salus
544 1676 652 1710 esset
671 1666 816 1725 generi
833 1666 1048 1720 humano,
1075 1667 1198 1725 quia,
1224 1685 1243 1707 «
1264 1667 1421 1710 Levavi
1445 1666 1592 1710 oculos
1613 1681 1731 1709 meos
1746 1666 1794 1709 in

411 1756 430 1778 »
466 1746 657 1791 montes,
676 1735 795 1779 unde
810 1736 952 1780 veniet
970 1735 1175 1780 auxilium
1197 1737 1304 1780 mihi
1319 1739 1334 1762 3
1352 1756 1360 1780 :
1384 1756 1403 1777 »
1424 1737 1478 1780 ab
1496 1736 1793 1795 increpatione

408 1811 485 1854 Dei
510 1808 715 1867 fugerunt
737 1824 876 1868 aquae.
908 1826 928 1849 «
950 1811 987 1851 A
1009 1823 1114 1852 voce
1136 1809 1321 1853 tonitrus
1343 1809 1406 1852 tui
1425 1807 1739 1852 formidabunt.
1771 1827 1789 1848 »

408 1882 503 1923 Jam
521 1879 615 1939 quis
638 1894 727 1922 non
751 1887 962 1922 terreatur
995 1893 1016 1921 a
1046 1894 1152 1922 voce
1171 1879 1242 1922 Dei
1264 1895 1340 1937 per
1359 1878 1587 1938 Apostolos
1601 1914 1612 1930 ,
1638 1895 1661 1922 a
1686 1892 1792 1922 voce

408 1950 484 1993 Dei
518 1965 594 2008 per
627 1949 892 2007 Scripturas,
927 1964 1003 2008 per
1028 1949 1167 1993 nubes
1199 1950 1318 2009 ejus?
1353 1950 1616 2010 Conquievit
1644 1964 1788 2003 mare,

406 2019 754 2064 formidaverunt
771 2036 894 2079 aquae
913 2055 923 2073 ‚
945 2020 1097 2064 nudati
1120 2029 1220 2064 sunt
1237 2030 1427 2074 montes,
1449 2021 1576 2080 jussit
1602 2020 1792 2079 impera-

406 2100 488 2135 tor.
518 2091 600 2135 Sed
619 2091 715 2150 quis
734 2091 950 2150 jussisset,
985 2091 1066 2134 nisi
1097 2097 1204 2135 Deus
1237 2091 1471 2135 tonuisset?
1505 2093 1616 2145 Quia
1651 2090 1793 2134 voluit

407 2165 537 2216 Deus,
559 2161 620 2204 illi
637 2162 856 2221 jusserunt
873 2196 883 2215 7
910 2171 951 2204 et
974 2160 1138 2206 factum
1160 2171 1237 2206 est.
1259 2165 1372 2220 Ergo
1388 2161 1534 2206 nullus
1552 2162 1631 2206 sibi
1653 2161 1794 2205 homi-

404 2249 510 2276 num
533 2242 703 2291 arroget
727 2231 892 2291 ailquid
908 2267 918 2286 ‚
945 2232 1289 2277 formidaverunt
1307 2249 1454 2293 aquae,
1483 2233 1558 2277 sed
1580 2252 1599 2275 «
1625 2236 1662 2277 A
1683 2246 1790 2276 voce

405 2322 423 2345 »
461 2304 645 2348 tonitrus
668 2303 746 2346 tui.
785 2321 804 2343 »
844 2305 950 2347 Nam
980 2318 1079 2347 ecce
1110 2319 1211 2348 cum
1248 2303 1386 2348 voluit
1409 2307 1548 2358 Deus,
1574 2302 1785 2362 fugerunt

398 2391 524 2435 aquae
539 2410 549 2428 ,
575 2390 629 2418 ne
647 2383 894 2433 premerent
916 2383 1083 2419 montes
1110 2394 1118 2420 :
1146 2384 1380 2435 antequam
1402 2376 1446 2419 id
1464 2376 1586 2419 fieret
1603 2411 1613 2430 ‚
1635 2384 1678 2418 et
1700 2374 1781 2418 sub

406 2447 527 2505 aquis
540 2445 654 2488 firmi
672 2454 795 2487 erant
818 2454 1000 2488 montes.

464 2518 542 2560 IX.
573 2535 592 2558 ι(
612 2514 864 2561 Ascendunt
886 2526 1075 2572 montes,
1101 2526 1144 2561 et
1165 2516 1434 2561 descendunt
1458 2517 1626 2574 campi,
1650 2517 1694 2560 in
1717 2515 1785 2561 lo-

455 2606 463 2622 ¹
484 2599 563 2632 Psal.
583 2611 646 2641 cui,
668 2610 697 2642 ς.
719 2615 760 2622 --
778 2606 790 2622 ²
810 2602 901 2632 Prov.
930 2611 991 2641 xxx,
1015 2611 1042 2632 1.
1065 2617 1105 2623 —-
1126 2599 1139 2623 3
1159 2600 1240 2633 Psat.
1266 2610 1337 2639 cxx,
1366 2612 1395 2632 1.
