1848 3261
460 211 702 242 nunu-1⁸10
732 215 778 241 nv
809 211 1012 240 rsALMUM
1041 212 1108 239 cv.
1382 199 1468 237 219

92 277 209 321 enim
225 277 717 337 sequitur,·exponendo
732 275 953 338 quomodo
976 283 1265 335 peccaverunt
1281 289 1380 319 cum
1398 290 1470 334 pa-

92 349 231 392 tribus
253 348 363 392 suis:
397 366 416 389 «
437 351 582 392 Patres
603 349 754 404 nostri,
778 348 939 407 inquit,
958 348 1002 390 in
1021 349 1212 405 AEgypto
1235 361 1324 390 non
1337 345 1469 390 intel-

96 437 116 460 »
151 418 351 463 lexerunt
371 418 585 463 mirabilia
605 428 679 463 tua
695 421 708 444 ¹
727 438 736 463 :
767 438 784 461 »
812 427 855 462 et
882 426 1036 462 caetera
1053 452 1064 471 ,
1089 432 1188 476 quae
1210 416 1264 459 de
1284 416 1471 475 peccatis

92 504 243 533 eorum
265 488 403 533 multa
426 498 751 533 commemorat.
771 491 839 533 An
853 488 911 532 sic
929 488 1070 547 potius
1091 485 1392 545 accipiendum
1409 495 1472 529 est

91 557 213 619 quod
231 559 291 603 ait
309 578 318 603 ε
339 578 357 600 «
380 560 656 603 Peccavimus
677 574 778 603 cum
800 558 996 618 patribus
1017 558 1170 602 nostris
1185 592 1196 612 ,
1221 576 1239 597 »
1265 565 1474 616 tanquam

93 628 257 673 diceret
277 648 287 673 :
313 630 587 673 Peccavimus
609 629 718 673 sicut
739 639 880 688 patres
902 629 1064 683 nostri,
1101 642 1252 671 eorum
1272 625 1474 671 videlicet

93 698 304 743 imitando
324 701 528 757 peecata?
551 698 675 752 Quod
697 700 731 743 si
751 701 810 743 ita
833 708 910 753 est,
927 698 1208 742 astruendum
1236 706 1300 740 est
1329 695 1475 755 aliquo

94 769 347 830 hujusmodi
373 770 606 814 locutionis
628 770 827 830 exemplo
857 786 865 811 :
892 770 1014 830 quod
1040 784 1142 813 cum
1171 769 1216 812 in
1247 767 1475 828 praesentia

95 856 353 902 quaererem,
371 857 459 885 non
476 843 679 897 occurrit,
692 851 741 886 ut
757 857 856 886 cum
869 841 944 885 illo
962 857 1006 885 se
1018 841 1249 901 quisquam
1261 855 1473 899 peccasse,

95 912 165 957 vel
179 928 280 956 cum
300 911 376 956 illo
399 928 442 956 se
468 913 635 973 aliquid
655 913 805 958 fecisse
825 912 942 957 dicat
956 948 966 967 ,
992 927 1122 972 quem
1145 912 1192 956 in
1211 912 1340 955 simili
1362 912 1477 958 facto

96 983 225 1027 etiam
244 992 341 1042 post
359 983 550 1027 multum
573 986 778 1043 temporis
798 984 930 1029 fuerit
951 985 1158 1027 imitatus.

155 1055 256 1096 VII.
289 1052 406 1105 Quid
428 1062 491 1097 est
514 1068 615 1111 ergo
639 1073 648 1098 ;
679 1073 698 1097 «
725 1058 870 1098 Patres
899 1053 1033 1097 nostri
1056 1068 1146 1097 non
1172 1052 1479 1097 intellexerunt

96 1141 115 1164 1)
150 1122 366 1167 mirabilia
386 1133 457 1167 tua
473 1158 483 1177 ,
507 1141 527 1163 »
549 1124 646 1176 nisi,
666 1139 756 1167 non
778 1131 1079 1182 cognoverunt
1095 1121 1202 1182 quid
1220 1138 1296 1181 per
1306 1122 1380 1166 illa
1392 1123 1477 1166 mi-

93 1193 240 1237 rabilia
258 1193 317 1236 eis
340 1202 543 1253 praestare
564 1193 776 1238 volueris?
791 1194 908 1247 Quid
926 1193 1075 1253 utique
1096 1193 1178 1237 nisi
1198 1193 1333 1237 vitam
1350 1202 1478 1237 aeter-

92 1278 193 1306 nam
207 1297 218 1316 ‚
236 1272 280 1306 et
296 1279 386 1307 non
408 1263 660 1322 temporale,
681 1264 757 1308 sed
774 1264 1130 1308 incommutabile
1153 1264 1336 1318 bonum,
1356 1264 1478 1323 quod

92 1349 170 1394 per
190 1334 446 1394 patientiam
463 1337 738 1394 expectatur?
760 1335 865 1380 Ideo
885 1335 1160 1395 impatienter
1181 1350 1479 1379 murmurave-

93 1412 222 1459 runt,
254 1413 297 1448 et
318 1405 688 1460 amaricaverunt,
715 1414 758 1449 et
780 1405 905 1450 bonis
934 1405 1220 1464 praesentibus
1251 1404 1478 1451 fallacibus

94 1483 225 1534 atque
238 1472 467 1533 fugacibus
480 1475 628 1520 beatos
651 1491 695 1519 se
718 1475 810 1519 fieri
831 1476 1111 1535 quaesierunt.
1139 1495 1159 1518 «
1178 1479 1276 1521 Non
1296 1475 1479 1522 fuerunt

100 1564 117 1585 »
139 1559 351 1589 memores
366 1544 660 1600 multitudinis
673 1545 977 1590 misericordiae
995 1556 1128 1591 tuae.»
1140 1550 1197 1591 Et
1208 1546 1479 1592 intellectum

95 1613 337 1673 redarguit,
363 1624 406 1659 et
426 1616 695 1659 memoriam.
718 1616 951 1660 Intellectu
972 1617 1137 1676 quippe
1160 1632 1269 1676 opus
1291 1628 1405 1674 erat,
1430 1627 1480 1662 ut

95 1684 335 1742 cogitarent
352 1683 408 1728 ad
425 1701 613 1745 quorum
635 1686 854 1730 bonorum
871 1688 1157 1731 aeternitatem
1181 1702 1258 1747 per
1279 1687 1353 1732 illa
1376 1698 1480 1732 tem-

95 1753 260 1814 poralia
276 1765 451 1800 vocaret
464 1759 578 1800 Deus
597 1772 606 1797 ε
630 1757 838 1801 memoria
858 1773 977 1812 vero,
1003 1767 1053 1802 ut
1069 1757 1221 1802 saltem
1243 1775 1343 1819 quae
1365 1768 1479 1803 tem-

96 1823 303 1884 poraliter
317 1825 533 1870 mirabilia
551 1824 664 1870 facta
685 1836 803 1883 sunt,
823 1843 913 1871 non
934 1827 1309 1885 obliviscerentur,
1334 1829 1480 1874 fideli-

97 1905 251 1956 terque
271 1906 585 1955 praesumerent
602 1897 722 1957 quod
740 1897 891 1942 eadem
913 1908 1140 1958 potestate,
1155 1915 1287 1959 quam
1303 1900 1481 1945 fuerant

92 1968 183 2027 jam
206 1967 384 2026 experti,
406 1970 520 2011 Deus
542 1967 638 2012 illos
671 1969 725 2012 ab
748 1969 1024 2014 inimicorum
1046 1971 1344 2029 persecutione
1366 1970 1479 2016 libe-

99 2046 212 2081 raret
237 2056 246 2082 ε
272 2037 397 2082 obliti
414 2047 516 2082 sunt
538 2048 685 2082 autem
707 2039 812 2099 quid
836 2040 894 2083 eis
917 2040 963 2083 in
989 2043 1183 2100 AEgypto
1205 2040 1260 2086 ad
1282 2038 1480 2087 inimicos

98 2122 249 2152 eorum
273 2108 558 2153 conterendos
580 2124 657 2168 per
668 2118 788 2153 tanta
808 2109 1001 2169 prodigia
1018 2112 1296 2170 praestitisset.
1319 2132 1340 2155 «
1356 2116 1414 2157 Et
1428 2113 1482 2156 ir-

102 2196 121 2218 »
158 2177 412 2232 ritaverunt,
431 2178 708 2223 ascendentes
722 2179 767 2222 in
780 2181 903 2235 mari,
919 2196 1037 2225 mare
1050 2182 1285 2226 Rubrum&
1302 2182 1482 2228 »Codex

98 2264 229 2309 quem
245 2249 462 2304 intuebar,
480 2250 539 2294 sic
560 2250 752 2294 habebat
769 2271 778 2295 ;
800 2260 842 2294 et
861 2253 926 2296 his
946 2253 1125 2312 quidem
1143 2252 1316 2298 duobus
1337 2254 1482 2299 verbis

99 2319 277 2374 ultimis,
293 2319 413 2380 quod
429 2320 595 2365 dictum
611 2332 673 2366 est
692 2342 701 2367 ε
728 2341 747 2364 «
766 2338 883 2367 mare
900 2324 1101 2367 Rubrum
1114 2359 1125 2379 ,
1145 2343 1163 2365 »
1190 2324 1311 2369 stella
1338 2325 1482 2371 fuerat

99 2399 368 2449 praenotata,
394 2407 478 2450 qua
501 2392 801 2450 significantur
822 2410 921 2454 quae
943 2394 988 2438 in
1011 2396 1197 2440 Hebraeo
1220 2405 1346 2451 sunt,
1373 2406 1416 2442 et
1437 2397 1482 2442 in

100 2459 455 2518 interpretatione
470 2463 755 2521 Septuaginta
777 2479 866 2508 non
889 2474 1006 2509 sunt.
1031 2464 1180 2509 Plures
1198 2476 1343 2510 autem
1360 2466 1485 2511 codi-

152 2550 161 2566 ¹
182 2543 263 2575 Psal.
282 2555 334 2586 cv,
353 2556 384 2585 7.
406 2561 447 2568 —
468 2552 481 2568 ²
500 2545 581 2577 Ibid.
