1848 3261
416 257 658 287 mmmmm
690 259 736 287 nv
767 256 969 287 PsALMUM
1000 258 1120 285 cvm.
1372 248 1457 287 267

74 338 183 382 quos
203 323 359 367 imitati
381 332 483 370 sunt
499 358 509 378 ‚
536 323 687 367 merita
709 322 958 367 sortiantur.
987 320 1029 365 Si
1052 334 1153 378 ergo
1182 321 1316 366 Judas
1339 332 1461 367 tene-

73 402 139 437 ret
155 393 264 436 illud
282 393 334 437 ad
354 393 472 452 quod
492 402 668 437 vocatus
686 401 770 446 est,
797 390 920 436 nullo
937 389 1070 435 modo
1092 389 1147 434 ad
1169 405 1269 434 eum
1293 392 1362 435 vel
1383 407 1460 437 sua

72 464 313 523 praeterita,
349 463 419 507 vel
450 473 680 523 parentum
716 461 918 522 iniquitas
941 461 1176 520 pertineret
1203 480 1212 505 ι
1234 461 1334 521 quia
1357 477 1459 520 ergo

73 550 162 578 non
184 534 325 578 tenuit
347 534 624 593 adoptionem
662 533 706 575 in
728 531 892 575 familia
924 531 1031 584 Dei,
1071 531 1147 574 sed
1182 531 1458 591 iniquitatem

72 605 231 649 vetusti
253 605 420 663 generis
441 604 584 663 potius
604 602 734 661 elegit
752 624 763 660 3
794 601 921 646 rediit
949 601 1152 661 iniquitas
1172 611 1346 661 patrum
1369 602 1458 661 ejus

71 675 118 718 in
143 684 378 733 conspectu
412 673 606 727 Domini,
633 683 682 716 ut
710 673 755 715 in
780 688 832 716 eo
860 672 988 715 etiam
1011 672 1102 731 ipsa
1137 672 1393 731 puniretur3
1416 681 1460 716 et

71 753 298 804 peccatum
323 744 467 787 matris
483 745 574 803 ejus
597 759 685 787 non
703 752 767 786 est
787 743 832 786 in
854 758 904 786 eo
927 741 1136 785 deletum.

132 817 252 857 XVI.
270 813 430 857 «Fiant
452 823 601 857 contra
627 813 861 857 Dominum
883 828 1052 871 semper
1067 814 1125 855 ¹.»
1140 811 1192 855 Id
1214 821 1292 866 est,
1317 820 1459 871 patres

73 886 162 945 ejus
182 893 225 927 ct
241 893 399 927 matres
417 884 508 943 ejus
533 884 707 927 «Fiant
722 896 871 927 contra
888 883 1123 926 Dominum
1137 898 1319 941 semper,
1335 900 1354 923 υ
1371 898 1460 926 non

72 965 123 998 ut
142 954 327 998 Domino
350 953 646 1008 adversentur,
664 954 739 997 sed
761 962 809 996 ut
828 952 978 996 merita
999 968 1150 997 eorum
1167 953 1350 1011 pessima
1370 968 1460 997 non

73 1025 354 1070 obliviscatur
387 1025 431 1068 in
461 1025 543 1069 isto
568 1025 777 1068 Dominus
794 1060 804 1079 ‚
834 1040 934 1068 cum
962 1023 1025 1067 illi
1053 1033 1097 1068 et
1117 1024 1208 1082 ipsa
1230 1023 1455 1067 retribuet.

79 1115 98 1137 «
117 1097 279 1140 Contra
296 1095 527 1138 Dominum
545 1095 692 1138 »enim
705 1095 825 1147 dixit,
841 1095 887 1137 in
901 1103 1135 1153 conspectu
1147 1093 1335 1137 Domini.
1350 1096 1460 1137 Nam

74 1175 116 1210 et
130 1165 199 1209 alii
215 1166 470 1224 interpretes
485 1165 544 1208 sic
558 1164 888 1218 transtulerunt,
900 1183 916 1203 «
932 1164 1061 1207 Fiant
1072 1164 1118 1207 in
1133 1172 1368 1222 conspectu
1380 1166 1461 1208 Do-

79 1256 96 1277 »
116 1236 221 1279 mini
236 1251 404 1294 semper
420 1254 428 1279 :
447 1256 463 1275 »
477 1235 548 1278 alii
560 1250 680 1288 vero,
697 1254 713 1273 «
729 1235 857 1278 Fiant
869 1249 1014 1278 coram
1032 1235 1219 1277 Domino
1231 1249 1422 1292 semper:
1439 1254 1457 1274 »

77 1307 197 1351 Sicut
228 1305 331 1349 alibi
353 1305 518 1350 dictum
544 1315 607 1349 est
632 1325 640 1349 ε
672 1325 688 1345 «
718 1305 901 1349 Posuisti
937 1304 1187 1363 iniquitates
1219 1313 1385 1347 nostras
1418 1304 1461 1346 in

80 1398 97 1419 »
117 1386 350 1436 conspectu
371 1381 488 1420 tuo‘2.
509 1380 686 1435 Semper
705 1396 721 1417 »
739 1385 883 1419 autem
900 1375 1020 1429 dicit,
1038 1384 1087 1419 ut
1108 1375 1197 1418 sine
1215 1375 1462 1418 remissione

75 1447 128 1491 sit
142 1456 309 1490 tantum
334 1446 444 1490 illud
466 1446 620 1500 scelus,
643 1447 788 1501 ethic,
810 1455 852 1490 et
866 1446 909 1489 in
929 1445 1076 1489 futuro
1095 1445 1295 1489 saeculo.«
1310 1446 1461 1505 Dispe-

80 1539 98 1560 »
116 1527 207 1562 reat
223 1516 277 1561 de
298 1527 410 1561 terra
429 1518 634 1561 memoria
658 1532 807 1560 eorum
825 1534 834 1562 ε
854 1537 871 1558 »
888 1526 1059 1575 patrum
1077 1516 1242 1560 scilicet
1259 1525 1302 1560 et
1319 1517 1466 1559 matris

75 1591 180 1649 ejus.
197 1589 447 1632 Memoriam
468 1588 572 1631 dicit
595 1603 761 1642 eorum,
777 1587 939 1647 quaein
961 1587 1198 1646 propagine
1221 1587 1465 1645 generatio-

77 1659 142 1702 nis
165 1658 422 1703 custoditur.
451 1661 572 1702 Hanc
589 1658 865 1717 prophetavit
882 1658 937 1701 de
954 1667 1062 1701 terra
1086 1658 1340 1717 perituram,
1363 1658 1465 1718 quia

78 1738 121 1772 et
140 1729 231 1787 ipse
248 1727 398 1782 Judas‚
424 1737 466 1771 et
484 1728 560 1772 filii
576 1728 667 1787 ejus
690 1728 766 1788 qui
783 1738 906 1772 erant
928 1737 1139 1788 tanquam
1160 1728 1367 1771 memoria
1386 1744 1465 1786 pa-

77 1809 196 1843 trum
210 1808 253 1842 et
273 1799 418 1842 matris
441 1800 548 1858 ejus,
569 1800 659 1842 sine
676 1799 943 1842 successione
965 1798 1112 1858 prolis,
1138 1799 1251 1842 sicut
1269 1799 1466 1858 superius

79 1869 245 1914 dictum
268 1878 332 1912 est
351 1904 362 1923 ,
386 1869 432 1911 in
457 1869 666 1912 brevitate
690 1868 817 1912 unius
840 1869 1125 1927 generationis
1146 1867 1323 1912 extincti
1344 1877 1461 1912 sunt.

142 1942 282 1984 XVII.
323 1940 436 1984 Dicit
468 1939 622 2000 aliquis
645 1959 653 1984 ;
687 1940 902 1983 Etiam-ne
936 1941 1019 1984 hoc
1053 1938 1109 1983 ad
1130 1955 1307 1999 poenam
1340 1938 1468 1984 ,Iudae

79 2011 297 2070 pertinere
319 2009 585 2053 credendum
605 2019 683 2063 est,
701 2010 822 2070 quod
839 2019 934 2069 post
957 2011 1047 2070 ejus
1066 2019 1251 2054 mortem
1274 2010 1329 2053 ad
1348 2025 1469 2053 men·

81 2080 302 2124 dicitatem
321 2095 431 2123 uxor
451 2081 543 2139 ejus
566 2089 609 2123 et
631 2079 708 2123 filii
730 2089 1048 2139 pervenerunt,
1070 2089 1114 2123 et
1134 2078 1329 2123 translati
1347 2089 1463 2134 sunt,

81 2149 205 2210 ejecti
223 2150 277 2193 de
291 2150 632 2193 habitationibus
652 2150 753 2203 suis,
772 2158 991 2193 scrutante
1009 2149 1275 2193 foeneratore
1292 2164 1467 2193 omnem

81 2221 368 2266 substantiam
402 2222 491 2281 ejus
509 2256 519 2275 ,
550 2231 593 2264 et
614 2220 919 2280 diripientibus
941 2220 1089 2265 alienis
1127 2236 1275 2264 omnes
1297 2220 1467 2264 labores

82 2294 194 2352 ejus,
229 2293 402 2336 nemine
435 2293 683 2352 adjuvante,
708 2308 788 2336 nec
811 2293 1040 2336 miserante
1070 2291 1260 2351 pupillos
1282 2293 1372 2351 ejus
1390 2327 1401 2346 ‚
1424 2301 1467 2335 et

81 2363 201 2424 quod
227 2363 312 2406 cito
345 2372 446 2406 sunt
468 2364 560 2406 sine
591 2363 771 2421 posteris
793 2363 985 2406 mortui?
1006 2363 1231 2422 Numquid
1252 2362 1379 2405 etiam
1410 2361 1466 2404 de

82 2435 147 2477 his
170 2449 267 2493 quae
289 2433 335 2475 in
355 2435 440 2476 suis
464 2442 562 2491 post
583 2443 766 2477 mortem
800 2435 1012 2493 cujusque
1042 2433 1325 2490 contingunt,
1351 2431 1467 2475 ullus

82 2513 276 2548 mortuos
294 2503 432 2561 tangit
452 2503 602 2547 dolor?
624 2512 700 2546 aut
720 2504 813 2547 haec
831 2503 981 2547 saltem
1005 2504 1110 2547 scire
1132 2501 1316 2562 putandi
1335 2511 1436 2546 sunt
1452 2537 1463 2555 ‚

135 2588 239 2619 ¹Psal.
266 2587 484 2626 ‹2vu1,15.—
507 2594 517 2608 ²
542 2588 747 2627 id.xz1x‚8.
