1848 3261
263 242 503 273 Eis-Annum
534 246 580 273 nv
612 242 814 273 PsALMUM
844 242 1002 280 cxvn1,
1037 240 1175 270 snaMo
1205 243 1303 270 xm.
1375 228 1455 269 441

87 313 238 357 horam
269 311 468 369 negando
485 346 496 365 ‚
533 310 607 355 sed
635 307 887 370 poenitendo
915 316 1062 366 postea
1096 308 1366 363 revixerunt,
1392 307 1461 351 vel

88 382 216 426 etiam
238 382 431 438 martyrii
446 380 649 440 palmam,
674 393 805 439 quam
830 376 1123 437 perdiderant,
1139 386 1332 435 reparata
1354 392 1463 421 con·

86 451 270 497 sessione
283 460 573 510 sumpserunt.
595 453 692 495 Non
705 449 836 507 igitur
863 467 883 490 «
900 450 1044 507 Usque
1054 445 1181 491 valde
1195 481 1206 502 ,
1227 464 1248 488 »
1269 447 1338 491 vel
1354 448 1465 491 siout

87 521 265 582 quidam
281 521 449 566 codices
463 521 642 575 habent,
658 535 746 564 non
764 539 784 561 «
802 522 1120 579 Usquequaque
1132 536 1171 571 ‚»
1187 518 1271 561 hoc
1285 526 1362 571 est,
1376 532 1466 560 non

88 590 362 646 omnimodo,
395 607 444 634 ex
458 606 531 636 ore
546 590 731 645 Petri,in
748 605 836 650 quo
858 598 948 632 erat
970 598 1100 647 typus
1121 586 1347 641 Ecclesiae,
1373 601 1469 630 ver-

88 662 195 705 hum
228 661 414 705 veritatis
448 660 643 704 ablatum
671 669 734 704 est
757 679 765 704 :
801 659 902 720 quia
924 659 1004 702 etsi
1032 658 1086 701 ad
1119 658 1272 702 horam
1297 656 1470 714 negavit

88 732 243 776 timore
264 731 464 776 turbatus
480 766 491 786 ,
526 740 672 775 tamen
702 730 849 774 flendo
877 738 940 773 est
961 730 1204 789 reparatus1
1223 763 1234 783 ,
1258 736 1301 771 et
1330 726 1471 771 confi-

89 800 223 846 tendo
244 810 306 844 est
327 811 475 860 postea
507 809 752 845 coronatus.
779 803 937 845 Totum
959 800 1107 860 itaque
1132 813 1288 858 corpus
1311 797 1471 842 Christi

89 871 284 930 loquitur
298 906 309 924 ‚
334 871 380 914 id
402 880 486 925 est,
512 871 715 915 Ecclesiae
731 880 891 915 sanotae
913 870 1170 914 universitas
1189 888 1198 914 ε
1217 869 1365 928 inquo
1379 876 1471 911 toto

90 956 270 1000 corpore
281 941 368 985 sive
381 941 498 1000 quia,
514 941 774 1000 negantibus
789 941 1000 1000 plurimis,
1013 949 1311 984 remanserunt
1324 938 1471 992 fortes,

91 1011 168 1070 qui
190 1025 329 1070 usque
344 1011 400 1054 ad
420 1020 605 1055 mortem
624 1027 702 1069 pro
734 1011 916 1055 veritate
937 1020 1174 1067 certarent3
1203 1011 1290 1054 sive
1312 1009 1414 1068 quia
1431 1016 1475 1051 et

92 1095 142 1124 ex
165 1080 214 1123 iis
235 1081 309 1139 qui
332 1089 595 1138 negaverant
611 1080 739 1126 multi
757 1082 938 1139 reparati
952 1090 1074 1134 sunt,
1095 1095 1185 1124 non
1197 1088 1260 1122 est
1282 1078 1475 1122 ablatum

87 1165 137 1194 ex
161 1153 253 1210 ejus
272 1166 345 1194 ore
362 1151 545 1194 verbum
567 1151 756 1195 veritatis
777 1171 796 1193 α
819 1153 963 1209 Usque
981 1149 1123 1194 valde.
1141 1168 1161 1191 »
1182 1148 1310 1201 Quod
1329 1157 1474 1192 autem

88 1220 171 1274 ait,
201 1239 222 1261 «
246 1222 308 1264 Ne
330 1221 497 1264 auferas
514 1255 525 1275 ,
557 1239 577 1261 »
603 1219 937 1278 intelligendum
959 1228 1050 1274 est,
1071 1222 1134 1264 Ne
1153 1218 1313 1262 auferri
1336 1219 1472 1275 sinas3

88 1299 264 1350 propter
285 1290 404 1349 quod
424 1289 589 1334 orando
610 1290 794 1334 dicimus
812 1309 822 1334 2
853 1309 873 1332 «
896 1292 959 1335 Ne
980 1305 1059 1334 nos
1086 1290 1245 1333 inferas
1261 1289 1307 1332 in
1328 1297 1473 1332 tenta-

91 1378 111 1403 »
146 1360 352 1404 tionem&
383 1377 403 1400 »
428 1361 485 1404 Et
505 1360 595 1419 ipse
617 1361 826 1404 Dominus
845 1359 900 1404 ad
923 1363 1126 1414 Petrum,
1152 1378 1172 1402 «
1196 1359 1383 1417 Rogavi,
1405 1359 1474 1401 in-

93 1449 113 1472 »
149 1431 245 1491 quit
261 1465 271 1485 ,
298 1445 377 1489 pro
398 1439 440 1473 te
458 1445 513 1473 ne
531 1430 701 1475 deficiat
724 1431 830 1475 fides
852 1433 953 1475 tua3
982 1450 991 1476 :
1018 1450 1037 1472 »
1060 1432 1144 1475 hoc
1166 1439 1245 1485 est,
1271 1446 1326 1474 ne
1349 1428 1474 1473 aufe-

89 1510 210 1546 ratur
223 1518 273 1545 ex
285 1517 359 1546 ore
375 1510 451 1545 tuo
463 1501 647 1544 verbum
658 1503 847 1546 veritatis
865 1521 884 1544 «
901 1505 1046 1561 Usque
1057 1501 1199 1545 valde.
1215 1520 1234 1543 »
1252 1499 1472 1560 Sequitur,

95 1591 116 1614 «
150 1571 261 1625 Quia
282 1571 328 1615 in
345 1571 519 1631 judiciis
542 1571 626 1615 tuis
648 1573 839 1630 speravi3
871 1589 891 1612 »
912 1571 982 1616 vel
1005 1572 1114 1615 sicut
1135 1571 1190 1614 de
1213 1586 1354 1629 graeco
1376 1570 1476 1630 qui-

93 1641 194 1686 dam
218 1641 468 1700 diligentius
502 1650 829 1700 expresserunt,
857 1660 877 1684 «
911 1641 1244 1701 Supersperavi4
1272 1656 1281 1682 :
1310 1658 1329 1681 »
1357 1638 1477 1700 quod

92 1712 278 1758 verbum
305 1711 383 1755 etsi
396 1712 538 1755 minus
555 1712 711 1756 usitate
732 1711 1022 1771 compositum
1054 1720 1118 1755 est
1133 1746 1143 1766 ,
1160 1720 1306 1755 tamen
1326 1710 1479 1770 implet

93 1783 284 1828 veritatis
305 1781 643 1841 interpretandae
661 1781 974 1825 necessitatem.
1000 1781 1219 1825 Attentius
1236 1796 1338 1839 ergo
1353 1780 1479 1825 nobis

94 1853 180 1897 loci
201 1853 329 1912 hujus
348 1851 569 1895 rimandus
592 1860 656 1894 est
668 1866 830 1906 sensus,
856 1860 906 1894 ut
926 1850 1214 1908 intelligamus
1229 1886 1239 1905 ,
1263 1860 1479 1910 quantum

96 1926 211 1968 Deus
233 1922 409 1981 adjuvat
424 1956 434 1976 ,
461 1920 568 1981 quid
590 1920 671 1964 sibi
683 1920 808 1975 velit,
833 1939 853 1962 «
878 1923 927 1964 In
948 1920 1090 1965 verbis
1107 1921 1192 1964 tuis
1209 1922 1397 1980 speravi,
1425 1925 1478 1965 In

99 2011 120 2033 »
150 1992 324 2051 judiciis
341 1991 425 2035 tuis
447 1990 757 2050 supersperavi.
784 1989 1074 2049 Respondebo
1094 2026 1104 2045 ,
1130 1991 1293 2051 inquit,
1320 2007 1479 2050 expro-

100 2080 121 2103 »
157 2062 385 2105 brantibus
401 2061 505 2105 mihi
519 2061 717 2115 verbum,
733 2061 939 2121 quoniam
953 2062 1119 2120 speravi
1132 2063 1176 2105 in
1188 2062 1329 2106 verbis
1344 2062 1475 2108 tuiszn

97 2131 144 2176 id
165 2141 227 2175 est
246 2168 257 2187 ,
275 2132 482 2192 quoniam
504 2132 610 2175 mihi
631 2132 713 2175 hoc
735 2132 825 2190 ipse
845 2132 1088 2191 promisisti.
1113 2151 1132 2173 «
1157 2135 1213 2176 Et
1234 2148 1288 2176 ne
1311 2131 1478 2178 auferas

101 2222 122 2244 »
158 2218 208 2246 ex
231 2218 303 2246 ore
320 2218 417 2246 meo
433 2203 616 2246 verbum
640 2202 829 2245 veritatis
861 2218 999 2262 usque
1021 2202 1145 2246 valde
1163 2238 1174 2257 ,
1205 2203 1412 2263 quoniam
1434 2205 1480 2248 in

102 2291 122 2313 ³>
152 2271 322 2332 judiciis
337 2273 420 2315 tuis
442 2272 736 2331 supersperavi
759 2292 766 2317 :
787 2290 806 2314 >›
824 2271 869 2315 id
887 2281 969 2327 est,
986 2274 1188 2332 quoniam
1205 2273 1368 2333 judicia
1386 2283 1477 2329 tua,

100 2342 260 2400 quibus
279 2357 347 2385 me
370 2342 546 2401 corripis
567 2352 610 2386 et
628 2341 834 2399 flagellas,
852 2358 940 2386 non
961 2342 1099 2386 solum
1124 2345 1230 2387 mihi
1253 2360 1340 2388 non
1364 2343 1481 2388 aufe-

101 2421 206 2456 runt
235 2428 375 2471 spem,
404 2427 555 2456 verum
582 2422 743 2471 augent
764 2413 891 2456 etiam
914 2433 924 2470 3
953 2413 1157 2473 quoniam
1190 2429 1320 2473 quem
1343 2413 1484 2472 diligit

151 2516 161 2531 ¹
180 2509 294 2541 Matth.
314 2520 389 2542 Χῖαι
404 2535 412 2551 ,
442 2511 553 2552 70-75.
576 2527 617 2534 --
637 2517 650 2536 ²
671 2511 717 2543 Id.
738 2521 787 2551 vi,
817 2510 868 2542 13.
905 2528 941 2533 -
966 2509 979 2533 3
1000 2513 1077 2543 Luc.
1099 2523 1178 2553 nn,
1207 2511 1258 2544 32.
1280 2528 1321 2534 -
1344 2511 1358 2538 6
1378 2512 1480 2545 Graec.

107 2563 277 2600 ἐπῆλπισν..
