1848 3261
241 260 482 290 ENAurtAtmo
514 263 528 288 1
560 263 604 289 IN
637 257 839 289 PsALMUM
870 260 971 298 (2111,
1005 258 1143 287 smmo
1176 263 1205 287 1.
1355 248 1411 287 97

35 329 168 372 miror
180 329 300 388 quod
317 343 407 372 non
436 341 644 372 noveram
660 362 671 383 ,
696 341 786 371 non
808 324 929 386 quod
949 324 1080 370 modo
1097 340 1304 384 magnum
1326 323 1414 369 fac-

34 407 130 443 tum
167 408 228 443 est
263 414 316 443 ex
346 413 433 458 quo
462 397 593 442 didici
615 432 625 453 ‚
662 397 738 441 sed
760 396 860 457 quia
886 410 1067 454 magnus
1087 395 1228 440 factus
1250 411 1344 440 sum
1365 412 1416 440 ex

35 485 123 529 quo
145 468 291 513 didici.
318 468 433 513 Audi
451 469 542 528 jam
565 478 608 513 et
620 467 699 512 ubi
716 466 887 511 videtur
903 467 1201 525 magnificatus
1220 470 1332 511 Deus
1350 467 1417 510 ni-

35 541 116 584 mis
131 575 142 595 ‚
167 555 336 600 semper
356 555 539 599 magnus
561 558 569 585 :
595 538 896 598 magnificatus
920 537 1036 581 enim
1058 537 1182 581 nimis
1203 537 1250 581 in
1273 537 1418 597 operi-

36 610 118 654 bus
135 610 220 654 suis
237 611 292 654 ad
309 626 402 654 nos.

95 682 170 725 IV.
192 699 212 723 «
227 679 552 725 Confessionem
572 688 612 724 et
627 678 826 723 decorem
842 677 1034 722 induisti.
1054 700 1070 720 »
1089 681 1202 723 Ante
1219 678 1421 723 decorem

37 749 350 795 confessionem
366 750 512 809 posuit
529 785 540 806 ‚
565 749 697 794 decus
716 750 761 793 in
784 748 1125 809 pulchritudine.
1141 750 1306 802 Quaeris
1329 750 1425 809 pul-

37 820 354 876 chritudinem,
380 821 538 865 bonam
564 836 654 864 rem
677 821 848 881 quaeris.
879 819 962 865 Sed
984 836 1118 879 quare
1140 821 1296 880 quaeris
1319 820 1423 880 pul-

38 890 353 945 chritudinem,
379 907 404 935 o
424 891 595 935 anima?
620 894 675 935 [ft
699 900 813 935 amet
834 900 877 934 te
900 906 1081 950 sponsus
1105 901 1204 935 tuus
1228 911 1236 935 :
1262 891 1422 935 etenim

40 960 238 1021 displices
259 961 297 1004 ei
319 960 452 1005 foeda.
480 961 559 1005 Ille
588 962 702 1004 enim
721 960 860 1021 qualis
883 964 976 1005 est?
1003 981 1022 1003 «
1045 962 1268 1020 Speciosus
1287 960 1426 1006 forma

42 1051 64 1075 »
99 1049 188 1093 prae
210 1033 307 1076 filiis
329 1033 572 1077 hominum.
595 1053 611 1073 »
630 1033 825 1077 Osculari
846 1033 911 1077 vis
927 1032 1048 1077 foeda
1065 1032 1298 1092 pulchrum
1318 1055 1329 1092 3
1351 1033 1427 1078 scd

42 1120 131 1149 non
154 1103 365 1159 attendis,
392 1104 492 1164 quia
513 1114 561 1148 tu
579 1104 886 1163 iniquitatibus
901 1102 1029 1162 plena
1052 1119 1110 1148 es.
1140 1124 1159 1146 «
1185 1105 1350 1149 Diffusa
1365 1115 1429 1150 est

45 1193 65 1217 »
101 1184 246 1219 autem
271 1176 405 1233 gratia
426 1174 472 1217 in
512 1173 634 1217 labiis
663 1173 762 1217 tuis.
790 1191 811 1214 »
843 1173 911 1218 Sic
946 1174 1060 1217 enim
1088 1174 1142 1218 de
1164 1174 1238 1219 illo
1261 1176 1427 1220 dictum

43 1255 108 1290 est
135 1265 144 1290 z
178 1265 196 1285 «
227 1245 451 1304 Speciosus
473 1244 612 1289 forma
643 1260 733 1304 prae
758 1244 854 1289 filiis
887 1245 1138 1301 hominum,
1175 1247 1334 1292 diffusa
1367 1257 1430 1292 est

46 1334 66 1357 »
88 1315 223 1374 gratia
238 1315 283 1358 in
304 1315 428 1359 labiis
445 1315 529 1359 tuis
547 1336 558 1373 3
574 1324 802 1374 propterea
825 1314 1159 1360 adolescentulae
1181 1316 1428 1362 dilexerunt

46 1404 66 1428 »
101 1395 144 1430 te
171 1388 200 1430 1.
233 1406 250 1427 »
271 1388 348 1430 Est
370 1402 472 1445 ergo
495 1385 674 1446 quidam
702 1385 937 1441 formosus,
963 1395 1026 1430 est
1047 1386 1225 1446 quidam
1247 1388 1429 1448 pulcher

43 1472 134 1516 prae
165 1455 264 1500 filiis
285 1456 516 1500 hominum
547 1475 555 1500 :
581 1456 659 1500 etsi
691 1456 804 1500 filius
838 1456 1050 1511 hominis,
1084 1465 1232 1501 tamen
1260 1474 1350 1517 prae
1376 1460 1429 1502 fi-

42 1527 109 1572 liis
136 1527 380 1572 hominum.
410 1527 523 1571 Huic
559 1536 609 1571 tu
629 1526 798 1586 placere
825 1528 888 1571 vis
905 1562 915 1582 ‚
937 1543 962 1571 o
992 1527 1135 1571 anima
1163 1528 1354 1573 humana
1372 1565 1381 1583 ‚
1404 1545 1430 1574 o

43 1597 131 1642 una
157 1598 205 1642 in
229 1596 409 1641 multis?
451 1597 691 1641 Audiamus
723 1589 989 1654 Ecclesiam3
1029 1617 1048 1639 α
1080 1598 1191 1651 Quia
1229 1609 1320 1644 erat
1350 1599 1432 1644 illis

45 1687 66 1711 »
101 1669 245 1713 anima
266 1684 354 1712 una
376 1678 418 1713 et
444 1684 516 1712 cor
537 1683 676 1712 unum
703 1668 749 1711 in
770 1671 910 1713 Deum
927 1671 944 1694 ‘²
974 1687 982 1712 :
1011 1686 1031 1709 »
1055 1669 1166 1713 hanc
1189 1669 1427 1731 alloquitur

43 1738 251 1784 Psalmus.
277 1739 352 1783 Vis
383 1738 422 1782 ei
456 1738 656 1798 placere?
677 1741 774 1784 Non
808 1748 959 1798 potes,
996 1739 1192 1799 quandiu
1225 1739 1431 1786 deformis

44 1825 88 1854 es
105 1829 114 1854 z
139 1809 248 1870 quid
268 1807 395 1853 facies
418 1817 469 1852 ut
486 1808 669 1868 pulchra
691 1809 743 1853 sis
759 1810 777 1852 P
792 1809 914 1852 Prius
938 1808 1018 1852 tibi
1037 1808 1262 1869 displiceat
1283 1810 1431 1856 defor-

45 1881 170 1925 mitas
192 1890 290 1936 tua,
316 1889 358 1924 et
385 1889 492 1924 tunc
523 1880 576 1924 ab
604 1879 680 1924 illo
709 1880 801 1939 ipso
831 1880 901 1924 cui
926 1879 988 1924 vis
1021 1880 1190 1940 placere
1215 1881 1397 1942 pulchra
1414 1920 1424 1935 ,

45 1952 276 1996 mereberis
289 1950 675 2011 pulchritudinem.
699 1953 795 2010 Ipse
810 1951 925 1995 enim
941 1951 1020 1995 erit
1037 1952 1296 1998 reformator
1310 1964 1428 2010 tuus,

44 2022 122 2082 qui
143 2021 226 2066 fuit
254 2021 464 2066 formator
498 2030 614 2065 tuus.
649 2024 764 2080 Ergo
792 2021 909 2081 prius
935 2022 1110 2066 attende
1141 2039 1241 2083 quae
1263 2025 1339 2081 sis,
1374 2042 1429 2070 ne

47 2091 203 2136 audeas
217 2093 279 2135 ire
297 2091 417 2136 foeda
430 2092 475 2135 in
489 2092 661 2151 pulchri
678 2091 838 2136 oscula.
860 2094 916 2135 Et
938 2092 1247 2153 quidintnens‚
1269 2096 1428 2157 inquis,

47 2176 117 2206 me
128 2161 285 2206 videbo
295 2164 312 2206 Ξ)
322 2162 471 2206 Posuit
481 2161 561 2206 tibi
579 2162 807 2221 speculum
821 2162 1086 2222 Scripturam
1109 2180 1229 2209 suam
1246 2186 1256 2222 3
1271 2165 1431 2225 legitur

49 2233 134 2278 tibi
151 2253 159 2278 :
180 2252 200 2276 «
216 2233 335 2277 Beati
346 2233 500 2284 mundi
513 2232 665 2289 corde,
683 2233 890 2294 quoniam
904 2234 985 2293 ipsi
1000 2238 1139 2279 Deum
1149 2236 1397 2283 videbunt?
1407 2257 1428 2280 »

53 2304 286 2366 Speculum
309 2305 354 2348 in
373 2305 454 2348 hac
470 2304 655 2349 lectione
681 2305 953 2364 propositum
976 2316 1037 2350 est
1055 2327 1063 2351 ι
1080 2307 1179 2352 vide
1200 2309 1234 2353 si
1254 2310 1336 2354 hoc
1359 2326 1401 2355 es
1418 2346 1429 2366 ‚

52 2376 172 2437 quod
194 2375 325 2434 dixit3
355 2376 388 2420 si
410 2375 608 2420 nondum
629 2391 694 2429 es,
731 2391 852 2434 geme
875 2385 924 2420 ut
954 2377 1023 2421 sis.
1049 2379 1336 2424 Renuntiabit
1354 2381 1431 2426 tibi

53 2446 275 2506 speculum
301 2445 455 2490 faciem
476 2455 594 2490 tuam
625 2465 633 2490 :
659 2447 769 2490 sicut
790 2447 1014 2504 speculum
1036 2464 1126 2492 non
1147 2451 1302 2496 senties
1320 2451 1432 2497 adu-

53 2516 233 2562 latorem
246 2552 257 2573 ,
273 2517 332 2561 sic
347 2526 484 2561 necte
501 2516 662 2576 palpes.
684 2519 776 2561 Hoc
790 2517 867 2561 tibi
888 2517 1076 2563 ostendit
1094 2520 1208 2564 nitor
1219 2519 1291 2565 ille
1313 2523 1434 2582 quod

104 2610 111 2626 ¹
131 2602 210 2635 Psal.
230 2614 315 2643 κων,
336 2602 366 2634 3,
389 2619 428 2624 -
446 2609 457 2625 2
477 2604 548 2634 Act.
575 2613 621 2643 lv,
643 2602 695 2634 3¹2.
717 2620 755 2624 -—
775 2601 787 2625 3
805 2603 914 2635 Martii.
933 2615 965 2645 v,
985 2604 1016 2636 S.

190 2667 344 2698 cxvffl.
1197 2661 1222 2698 7
