<?xml version="1.0" encoding="UTF-8"?>
<!DOCTYPE html PUBLIC "-//W3C//DTD XHTML 1.0 Transitional//EN"
    "http://www.w3.org/TR/xhtml1/DTD/xhtml1-transitional.dtd">
<html xmlns="http://www.w3.org/1999/xhtml" xml:lang="en" lang="en">
 <head>
  <title>
</title>
<meta http-equiv="Content-Type" content="text/html;charset=utf-8" />
  <meta name='ocr-system' content='tesseract 3.04.00' />
  <meta name='ocr-capabilities' content='ocr_page ocr_carea ocr_par ocr_line ocrx_word'/>
</head>
<body>
  <div class='ocr_page' id='page_1' title='image "./operaomniaaccura11auguuoft_0245.png"; bbox 0 0 1848 3261; ppageno 0'>
   <div class='ocr_carea' id='block_1_1' title="bbox 429 219 1449 264">
    <p class='ocr_par' dir='ltr' id='par_1_1' title="bbox 429 219 1449 264">
     <span class='ocr_line' id='line_1_1' title="bbox 429 219 1449 264; baseline -0.004 0"><span class='ocrx_word' id='word_1_1' title='bbox 429 232 672 264; x_wconf 64' lang='lat' dir='ltr'>nummu-ro</span> <span class='ocrx_word' id='word_1_2' title='bbox 701 236 749 264; x_wconf 66' lang='lat'>11«</span> <span class='ocrx_word' id='word_1_3' title='bbox 778 231 982 264; x_wconf 59' lang='lat' dir='ltr'>reatuum</span> <span class='ocrx_word' id='word_1_4' title='bbox 1010 232 1096 260; x_wconf 85' lang='lat' dir='ltr'>cv1.</span> <span class='ocrx_word' id='word_1_5' title='bbox 1361 219 1449 261; x_wconf 80' lang='lat'>235</span> 
     </span>
    </p>
   </div>
   <div class='ocr_carea' id='block_1_2' title="bbox 62 295 1451 998">
    <p class='ocr_par' dir='ltr' id='par_1_2' title="bbox 62 295 1451 998">
     <span class='ocr_line' id='line_1_2' title="bbox 67 295 1451 364; baseline -0.007 -13"><span class='ocrx_word' id='word_1_6' title='bbox 67 320 225 351; x_wconf 89' lang='lat' dir='ltr'>norum</span> <span class='ocrx_word' id='word_1_7' title='bbox 261 302 492 364; x_wconf 86' lang='lat' dir='ltr'><strong>spirituum</strong></span> <span class='ocrx_word' id='word_1_8' title='bbox 510 302 586 362; x_wconf 81' lang='lat' dir='ltr'>qui</span> <span class='ocrx_word' id='word_1_9' title='bbox 607 317 676 346; x_wconf 88' lang='lat' dir='ltr'>eas</span> <span class='ocrx_word' id='word_1_10' title='bbox 693 300 1018 361; x_wconf 84' lang='lat' dir='ltr'>captivaverant</span> <span class='ocrx_word' id='word_1_11' title='bbox 1036 331 1048 352; x_wconf 92' lang='lat'>‚</span> <span class='ocrx_word' id='word_1_12' title='bbox 1073 304 1125 341; x_wconf 90' lang='lat' dir='ltr'>ut</span> <span class='ocrx_word' id='word_1_13' title='bbox 1150 295 1371 341; x_wconf 84' lang='lat' dir='ltr'>salventur</span> <span class='ocrx_word' id='word_1_14' title='bbox 1406 306 1451 343; x_wconf 88' lang='lat' dir='ltr'>et</span> 
     </span>
     <span class='ocr_line' id='line_1_3' title="bbox 67 366 1446 437; baseline -0.007 -17"><span class='ocrx_word' id='word_1_15' title='bbox 67 376 351 437; x_wconf 85' lang='lat' dir='ltr'>perficiantur</span> <span class='ocrx_word' id='word_1_16' title='bbox 380 374 427 417; x_wconf 90' lang='lat' dir='ltr'>in</span> <span class='ocrx_word' id='word_1_17' title='bbox 459 382 696 428; x_wconf 79' lang='lat' dir='ltr'>aeternum,</span> <span class='ocrx_word' id='word_1_18' title='bbox 731 387 813 416; x_wconf 85' lang='lat' dir='ltr'>vox</span> <span class='ocrx_word' id='word_1_19' title='bbox 845 384 994 414; x_wconf 83' lang='lat' dir='ltr'>earum</span> <span class='ocrx_word' id='word_1_20' title='bbox 1023 376 1087 411; x_wconf 89' lang='lat' dir='ltr'>est</span> <span class='ocrx_word' id='word_1_21' title='bbox 1116 366 1163 410; x_wconf 89' lang='lat' dir='ltr'>in</span> <span class='ocrx_word' id='word_1_22' title='bbox 1184 368 1410 426; x_wconf 84' lang='lat' dir='ltr'>prophetia</span> <span class='ocrx_word' id='word_1_23' title='bbox 1435 385 1446 411; x_wconf 71' lang='grc' dir='ltr'>ε</span> 
     </span>
     <span class='ocr_line' id='line_1_4' title="bbox 69 444 1450 499; baseline -0.004 -10"><span class='ocrx_word' id='word_1_24' title='bbox 69 466 90 489; x_wconf 85' lang='grc'>«</span> <span class='ocrx_word' id='word_1_25' title='bbox 127 446 273 492; x_wconf 89' lang='lat' dir='ltr'>Salvos</span> <span class='ocrx_word' id='word_1_26' title='bbox 294 444 363 490; x_wconf 83' lang='lat' dir='ltr'>fac</span> <span class='ocrx_word' id='word_1_27' title='bbox 389 460 492 499; x_wconf 72' lang='grc' dir='ltr'><em>Ποε,</em></span> <span class='ocrx_word' id='word_1_28' title='bbox 529 445 711 489; x_wconf 83' lang='lat' dir='ltr'>Domine</span> <span class='ocrx_word' id='word_1_29' title='bbox 734 446 848 487; x_wconf 90' lang='lat' dir='ltr'>Deus</span> <span class='ocrx_word' id='word_1_30' title='bbox 873 449 1042 494; x_wconf 84' lang='lat' dir='ltr'>noster,</span> <span class='ocrx_word' id='word_1_31' title='bbox 1069 447 1112 483; x_wconf 89' lang='lat' dir='ltr'>et</span> <span class='ocrx_word' id='word_1_32' title='bbox 1134 453 1345 497; x_wconf 83' lang='lat' dir='ltr'>congrega</span> <span class='ocrx_word' id='word_1_33' title='bbox 1372 455 1450 484; x_wconf 88' lang='lat' dir='ltr'>nos</span> 
     </span>
     <span class='ocr_line' id='line_1_5' title="bbox 67 507 1451 572; baseline -0.005 -14"><span class='ocrx_word' id='word_1_34' title='bbox 67 535 89 559; x_wconf 88' lang='lat'>»</span> <span class='ocrx_word' id='word_1_35' title='bbox 124 516 179 560; x_wconf 87' lang='lat' dir='ltr'>de</span> <span class='ocrx_word' id='word_1_36' title='bbox 203 515 474 560; x_wconf 88' lang='lat' dir='ltr'>Gentibus.»</span> <span class='ocrx_word' id='word_1_37' title='bbox 512 516 609 560; x_wconf 89' lang='lat' dir='ltr'>Non</span> <span class='ocrx_word' id='word_1_38' title='bbox 649 513 760 558; x_wconf 88' lang='lat' dir='ltr'>sicut</span> <span class='ocrx_word' id='word_1_39' title='bbox 789 527 866 572; x_wconf 83' lang='lat' dir='ltr'>per</span> <span class='ocrx_word' id='word_1_40' title='bbox 896 509 1211 555; x_wconf 84' lang='lat' dir='ltr'>Antichristum</span> <span class='ocrx_word' id='word_1_41' title='bbox 1243 507 1451 567; x_wconf 88' lang='lat' dir='ltr'>compleri</span> 
     </span>
     <span class='ocr_line' id='line_1_6' title="bbox 64 579 1451 644; baseline -0.007 -13"><span class='ocrx_word' id='word_1_42' title='bbox 64 586 310 644; x_wconf 82' lang='lat' dir='ltr'>existimant</span> <span class='ocrx_word' id='word_1_43' title='bbox 333 585 475 629; x_wconf 83' lang='lat' dir='ltr'>Judaei</span> <span class='ocrx_word' id='word_1_44' title='bbox 493 620 504 639; x_wconf 79' lang='lat'>,</span> <span class='ocrx_word' id='word_1_45' title='bbox 531 583 606 628; x_wconf 87' lang='lat' dir='ltr'>sed</span> <span class='ocrx_word' id='word_1_46' title='bbox 628 599 705 643; x_wconf 86' lang='lat' dir='ltr'>per</span> <span class='ocrx_word' id='word_1_47' title='bbox 730 583 951 628; x_wconf 80' lang='lat' dir='ltr'>Christum</span> <span class='ocrx_word' id='word_1_48' title='bbox 985 579 1220 624; x_wconf 87' lang='lat' dir='ltr'>Dominum</span> <span class='ocrx_word' id='word_1_49' title='bbox 1252 587 1451 622; x_wconf 88' lang='lat' dir='ltr'>nostrum</span> 
     </span>
     <span class='ocr_line' id='line_1_7' title="bbox 63 647 1451 706; baseline -0.006 -6"><span class='ocrx_word' id='word_1_50' title='bbox 63 657 311 701; x_wconf 87' lang='lat' dir='ltr'>venientem</span> <span class='ocrx_word' id='word_1_51' title='bbox 341 656 385 698; x_wconf 83' lang='lat' dir='ltr'>in</span> <span class='ocrx_word' id='word_1_52' title='bbox 417 654 593 698; x_wconf 85' lang='lat' dir='ltr'>nomine</span> <span class='ocrx_word' id='word_1_53' title='bbox 627 652 764 697; x_wconf 84' lang='lat' dir='ltr'>Patris</span> <span class='ocrx_word' id='word_1_54' title='bbox 796 652 886 706; x_wconf 68' lang='lat' dir='ltr'>sui,</span> <span class='ocrx_word' id='word_1_55' title='bbox 925 650 1038 694; x_wconf 88' lang='lat' dir='ltr'>diem</span> <span class='ocrx_word' id='word_1_56' title='bbox 1072 665 1122 693; x_wconf 82' lang='lat' dir='ltr'>ex</span> <span class='ocrx_word' id='word_1_57' title='bbox 1157 648 1227 692; x_wconf 84' lang='lat' dir='ltr'>die</span> <span class='ocrx_word' id='word_1_58' title='bbox 1265 647 1451 692; x_wconf 82' lang='lat' dir='ltr'>salutare</span> 
     </span>
     <span class='ocr_line' id='line_1_8' title="bbox 64 718 1449 786; baseline -0.006 -16"><span class='ocrx_word' id='word_1_59' title='bbox 64 727 175 786; x_wconf 86' lang='lat' dir='ltr'>ejus:</span> <span class='ocrx_word' id='word_1_60' title='bbox 194 725 348 785; x_wconf 81' lang='lat' dir='ltr'>dequo</span> <span class='ocrx_word' id='word_1_61' title='bbox 366 733 407 767; x_wconf 85' lang='lat' dir='ltr'>et</span> <span class='ocrx_word' id='word_1_62' title='bbox 427 725 498 768; x_wconf 82' lang='lat' dir='ltr'>hic</span> <span class='ocrx_word' id='word_1_63' title='bbox 514 724 679 768; x_wconf 76' lang='lat' dir='ltr'>dictum</span> <span class='ocrx_word' id='word_1_64' title='bbox 698 732 762 767; x_wconf 84' lang='lat' dir='ltr'>est</span> <span class='ocrx_word' id='word_1_65' title='bbox 784 742 793 767; x_wconf 88' lang='lat'>:</span> <span class='ocrx_word' id='word_1_66' title='bbox 818 742 838 765; x_wconf 90' lang='lat'>«</span> <span class='ocrx_word' id='word_1_67' title='bbox 858 720 992 765; x_wconf 85' lang='lat' dir='ltr'>Visita</span> <span class='ocrx_word' id='word_1_68' title='bbox 1015 735 1092 763; x_wconf 87' lang='lat' dir='ltr'>nos</span> <span class='ocrx_word' id='word_1_69' title='bbox 1109 719 1153 762; x_wconf 91' lang='lat' dir='ltr'>in</span> <span class='ocrx_word' id='word_1_70' title='bbox 1168 718 1344 763; x_wconf 84' lang='lat' dir='ltr'>salutari</span> <span class='ocrx_word' id='word_1_71' title='bbox 1356 727 1449 763; x_wconf 88' lang='lat' dir='ltr'>tuo.</span> 
     </span>
     <span class='ocr_line' id='line_1_9' title="bbox 66 788 1450 854; baseline -0.004 -15"><span class='ocrx_word' id='word_1_72' title='bbox 66 815 87 839; x_wconf 85' lang='lat'>»</span> <span class='ocrx_word' id='word_1_73' title='bbox 122 800 179 842; x_wconf 87' lang='lat' dir='ltr'>Et</span> <span class='ocrx_word' id='word_1_74' title='bbox 200 795 315 841; x_wconf 91' lang='lat' dir='ltr'>dicet</span> <span class='ocrx_word' id='word_1_75' title='bbox 341 795 481 840; x_wconf 83' lang='lat' dir='ltr'>omnis</span> <span class='ocrx_word' id='word_1_76' title='bbox 502 794 691 854; x_wconf 88' lang='lat' dir='ltr'>populus</span> <span class='ocrx_word' id='word_1_77' title='bbox 718 813 728 839; x_wconf 70' lang='grc' dir='ltr'>ε</span> <span class='ocrx_word' id='word_1_78' title='bbox 755 811 775 835; x_wconf 82' lang='lat'>»</span> <span class='ocrx_word' id='word_1_79' title='bbox 798 796 882 837; x_wconf 90' lang='lat' dir='ltr'>Iste</span> <span class='ocrx_word' id='word_1_80' title='bbox 906 789 1094 852; x_wconf 89' lang='lat' dir='ltr'>populus</span> <span class='ocrx_word' id='word_1_81' title='bbox 1118 788 1450 849; x_wconf 77' lang='lat' dir='ltr'>praedestinato-</span> 
     </span>
     <span class='ocr_line' id='line_1_10' title="bbox 63 860 1450 925; baseline -0.005 -12"><span class='ocrx_word' id='word_1_82' title='bbox 63 883 162 913; x_wconf 86' lang='lat' dir='ltr'>rum</span> <span class='ocrx_word' id='word_1_83' title='bbox 179 867 234 912; x_wconf 87' lang='lat' dir='ltr'>de</span> <span class='ocrx_word' id='word_1_84' title='bbox 252 866 578 911; x_wconf 82' lang='lat' dir='ltr'>circumcisione</span> <span class='ocrx_word' id='word_1_85' title='bbox 595 875 638 909; x_wconf 86' lang='lat' dir='ltr'>et</span> <span class='ocrx_word' id='word_1_86' title='bbox 656 864 872 925; x_wconf 76' lang='lat' dir='ltr'>praeputio</span> <span class='ocrx_word' id='word_1_87' title='bbox 887 899 898 919; x_wconf 91' lang='lat'>‚</span> <span class='ocrx_word' id='word_1_88' title='bbox 925 878 1028 923; x_wconf 83' lang='lat' dir='ltr'>gens</span> <span class='ocrx_word' id='word_1_89' title='bbox 1052 870 1196 907; x_wconf 87' lang='lat' dir='ltr'>sancta</span> <span class='ocrx_word' id='word_1_90' title='bbox 1214 896 1225 917; x_wconf 80' lang='lat'><strong>‚</strong></span> <span class='ocrx_word' id='word_1_91' title='bbox 1260 860 1450 921; x_wconf 88' lang='lat' dir='ltr'>populus</span> 
     </span>
     <span class='ocr_line' id='line_1_11' title="bbox 62 935 815 998; baseline -0.008 -15"><span class='ocrx_word' id='word_1_92' title='bbox 62 939 110 983; x_wconf 92' lang='lat' dir='ltr'>in</span> <span class='ocrx_word' id='word_1_93' title='bbox 131 937 412 998; x_wconf 88' lang='lat' dir='ltr'>adoptionem</span> <span class='ocrx_word' id='word_1_94' title='bbox 440 955 450 981; x_wconf 74' lang='grc' dir='ltr'><strong>ι</strong></span> <span class='ocrx_word' id='word_1_95' title='bbox 479 955 500 978; x_wconf 73' lang='grc' dir='ltr'>ι(</span> <span class='ocrx_word' id='word_1_96' title='bbox 524 935 622 980; x_wconf 86' lang='lat' dir='ltr'>Fiat</span> <span class='ocrx_word' id='word_1_97' title='bbox 638 970 650 992; x_wconf 75' lang='grc'><em>,</em></span> <span class='ocrx_word' id='word_1_98' title='bbox 676 937 765 980; x_wconf 86' lang='lat' dir='ltr'>fiat.</span> <span class='ocrx_word' id='word_1_99' title='bbox 794 953 815 977; x_wconf 89' lang='lat'>»</span> 
     </span>
    </p>
   </div>
   <div class='ocr_carea' id='block_1_3' title="bbox 62 1097 1447 1122">
    <p class='ocr_par' dir='ltr' id='par_1_3' title="bbox 62 1097 1447 1122">
     <span class='ocr_line' id='line_1_12' title="bbox 62 1097 1447 1122; baseline -0.007 0"><span class='ocrx_word' id='word_1_100' title='bbox 62 1098 1194 1122; x_wconf 52' lang='grc' dir='ltr'>ΜΜΝἋΜΜΝΝἉΜΜΜΜΜΝΜΛΛΜΜΜΜΜΜΊΜΜΝΝΜ</span> <span class='ocrx_word' id='word_1_101' title='bbox 1199 1097 1447 1114; x_wconf 59' lang='lat' dir='ltr'>mmmw</span> 
     </span>
    </p>
   </div>
   <div class='ocr_carea' id='block_1_4' title="bbox 566 1244 950 1294">
    <p class='ocr_par' dir='ltr' id='par_1_4' title="bbox 566 1244 950 1294">
     <span class='ocr_line' id='line_1_13' title="bbox 566 1244 950 1294; baseline -0.003 -1"><span class='ocrx_word' id='word_1_102' title='bbox 566 1246 692 1293; x_wconf 66' lang='lat' dir='ltr'>ENA</span> <span class='ocrx_word' id='word_1_103' title='bbox 703 1244 950 1294; x_wconf 63' lang='lat' dir='ltr'><strong>RRATffl</strong></span> 
     </span>
    </p>
   </div>
   <div class='ocr_carea' id='block_1_5' title="bbox 461 1401 1053 1445">
    <p class='ocr_par' dir='ltr' id='par_1_5' title="bbox 461 1401 1053 1445">
     <span class='ocr_line' id='line_1_14' title="bbox 461 1401 1053 1445; baseline -0.002 -1"><span class='ocrx_word' id='word_1_104' title='bbox 461 1407 524 1444; x_wconf 90' lang='lat' dir='ltr'>IN</span> <span class='ocrx_word' id='word_1_105' title='bbox 571 1403 876 1445; x_wconf 84' lang='lat' dir='ltr'><strong>PSALMUM</strong></span> <span class='ocrx_word' id='word_1_106' title='bbox 934 1401 1053 1443; x_wconf 81' lang='lat' dir='ltr'><strong>CVI.</strong></span> 
     </span>
    </p>
   </div>
   <div class='ocr_carea' id='block_1_6' title="bbox 59 1543 1452 2526">
    <p class='ocr_par' dir='ltr' id='par_1_6' title="bbox 59 1543 1452 2526">
     <span class='ocr_line' id='line_1_15' title="bbox 123 1543 1448 1600; baseline -0.003 -8"><span class='ocrx_word' id='word_1_107' title='bbox 123 1550 159 1592; x_wconf 92' lang='grc' dir='ltr'>Ι.</span> <span class='ocrx_word' id='word_1_108' title='bbox 195 1550 392 1592; x_wconf 75' lang='lat' dir='ltr'>PsALMns</span> <span class='ocrx_word' id='word_1_109' title='bbox 432 1547 512 1590; x_wconf 89' lang='lat' dir='ltr'>iste</span> <span class='ocrx_word' id='word_1_110' title='bbox 552 1545 845 1590; x_wconf 81' lang='lat' dir='ltr'>miserationes</span> <span class='ocrx_word' id='word_1_111' title='bbox 876 1544 955 1589; x_wconf 87' lang='lat' dir='ltr'>Dei</span> <span class='ocrx_word' id='word_1_112' title='bbox 990 1543 1269 1589; x_wconf 84' lang='lat' dir='ltr'>commendat</span> <span class='ocrx_word' id='word_1_113' title='bbox 1296 1543 1448 1600; x_wconf 80' lang='lat' dir='ltr'>nobis,</span> 
     </span>
     <span class='ocr_line' id='line_1_16' title="bbox 62 1614 1450 1679; baseline -0.004 -16"><span class='ocrx_word' id='word_1_114' title='bbox 62 1618 265 1679; x_wconf 86' lang='lat' dir='ltr'>probatas</span> <span class='ocrx_word' id='word_1_115' title='bbox 286 1618 332 1661; x_wconf 91' lang='lat' dir='ltr'>in</span> <span class='ocrx_word' id='word_1_116' title='bbox 353 1617 479 1662; x_wconf 90' lang='lat' dir='ltr'>nobis</span> <span class='ocrx_word' id='word_1_117' title='bbox 494 1652 505 1672; x_wconf 84' lang='lat'><strong><em>‚</em></strong></span> <span class='ocrx_word' id='word_1_118' title='bbox 526 1625 569 1660; x_wconf 87' lang='lat' dir='ltr'>et</span> <span class='ocrx_word' id='word_1_119' title='bbox 590 1615 689 1660; x_wconf 87' lang='lat' dir='ltr'>ideo</span> <span class='ocrx_word' id='word_1_120' title='bbox 710 1616 895 1676; x_wconf 83' lang='lat' dir='ltr'>expertis</span> <span class='ocrx_word' id='word_1_121' title='bbox 916 1624 980 1659; x_wconf 88' lang='lat' dir='ltr'>est</span> <span class='ocrx_word' id='word_1_122' title='bbox 1002 1614 1187 1659; x_wconf 83' lang='lat' dir='ltr'>dulcior.</span> <span class='ocrx_word' id='word_1_123' title='bbox 1212 1617 1270 1659; x_wconf 88' lang='lat' dir='ltr'>Et</span> <span class='ocrx_word' id='word_1_124' title='bbox 1290 1615 1450 1659; x_wconf 89' lang='lat' dir='ltr'>mirum</span> 
     </span>
     <span class='ocr_line' id='line_1_17' title="bbox 61 1685 1452 1748; baseline -0.002 -15"><span class='ocrx_word' id='word_1_125' title='bbox 61 1690 96 1733; x_wconf 89' lang='lat' dir='ltr'>si</span> <span class='ocrx_word' id='word_1_126' title='bbox 117 1689 310 1748; x_wconf 90' lang='lat' dir='ltr'>potuerit</span> <span class='ocrx_word' id='word_1_127' title='bbox 325 1688 465 1733; x_wconf 84' lang='lat' dir='ltr'>suavis</span> <span class='ocrx_word' id='word_1_128' title='bbox 483 1702 572 1731; x_wconf 86' lang='lat' dir='ltr'>esse</span> <span class='ocrx_word' id='word_1_129' title='bbox 593 1685 793 1742; x_wconf 77' lang='lat' dir='ltr'>cuilibet,</span> <span class='ocrx_word' id='word_1_130' title='bbox 812 1686 895 1730; x_wconf 88' lang='lat' dir='ltr'>nisi</span> <span class='ocrx_word' id='word_1_131' title='bbox 916 1685 979 1730; x_wconf 82' lang='lat' dir='ltr'>illi</span> <span class='ocrx_word' id='word_1_132' title='bbox 995 1686 1073 1746; x_wconf 89' lang='lat' dir='ltr'>qui</span> <span class='ocrx_word' id='word_1_133' title='bbox 1098 1685 1142 1729; x_wconf 82' lang='lat' dir='ltr'>id</span> <span class='ocrx_word' id='word_1_134' title='bbox 1160 1687 1281 1745; x_wconf 89' lang='lat' dir='ltr'>quod</span> <span class='ocrx_word' id='word_1_135' title='bbox 1302 1685 1349 1729; x_wconf 89' lang='lat' dir='ltr'>in</span> <span class='ocrx_word' id='word_1_136' title='bbox 1368 1686 1452 1730; x_wconf 85' lang='lat' dir='ltr'>isto</span> 
     </span>
     <span class='ocr_line' id='line_1_18' title="bbox 63 1754 1451 1812; baseline -0.004 -8"><span class='ocrx_word' id='word_1_137' title='bbox 63 1759 235 1804; x_wconf 81' lang='lat' dir='ltr'>Psalmo</span> <span class='ocrx_word' id='word_1_138' title='bbox 256 1757 399 1812; x_wconf 84' lang='lat' dir='ltr'>audit,</span> <span class='ocrx_word' id='word_1_139' title='bbox 420 1758 462 1801; x_wconf 90' lang='lat' dir='ltr'>in</span> <span class='ocrx_word' id='word_1_140' title='bbox 480 1773 524 1801; x_wconf 86' lang='lat' dir='ltr'>se</span> <span class='ocrx_word' id='word_1_141' title='bbox 542 1756 709 1802; x_wconf 87' lang='lat' dir='ltr'>didicit.</span> <span class='ocrx_word' id='word_1_142' title='bbox 733 1759 829 1803; x_wconf 92' lang='lat' dir='ltr'>Non</span> <span class='ocrx_word' id='word_1_143' title='bbox 841 1766 988 1800; x_wconf 83' lang='lat' dir='ltr'>tamen</span> <span class='ocrx_word' id='word_1_144' title='bbox 1008 1755 1086 1799; x_wconf 89' lang='lat' dir='ltr'>uni</span> <span class='ocrx_word' id='word_1_145' title='bbox 1102 1755 1231 1800; x_wconf 86' lang='lat' dir='ltr'>alicui</span> <span class='ocrx_word' id='word_1_146' title='bbox 1249 1755 1318 1799; x_wconf 87' lang='lat' dir='ltr'>vel</span> <span class='ocrx_word' id='word_1_147' title='bbox 1339 1754 1451 1800; x_wconf 92' lang='lat' dir='ltr'>duo-</span> 
     </span>
     <span class='ocr_line' id='line_1_19' title="bbox 62 1825 1451 1889; baseline -0.004 -14"><span class='ocrx_word' id='word_1_148' title='bbox 62 1831 172 1886; x_wconf 83' lang='lat' dir='ltr'>buS,</span> <span class='ocrx_word' id='word_1_149' title='bbox 196 1831 272 1874; x_wconf 90' lang='lat' dir='ltr'>sed</span> <span class='ocrx_word' id='word_1_150' title='bbox 291 1827 459 1889; x_wconf 83' lang='lat' dir='ltr'>populo</span> <span class='ocrx_word' id='word_1_151' title='bbox 480 1828 554 1871; x_wconf 88' lang='lat' dir='ltr'>Dei</span> <span class='ocrx_word' id='word_1_152' title='bbox 575 1828 844 1887; x_wconf 84' lang='lat' dir='ltr'>conscriptus</span> <span class='ocrx_word' id='word_1_153' title='bbox 870 1835 955 1882; x_wconf 81' lang='lat' dir='ltr'>est,</span> <span class='ocrx_word' id='word_1_154' title='bbox 993 1835 1036 1871; x_wconf 89' lang='lat' dir='ltr'>et</span> <span class='ocrx_word' id='word_1_155' title='bbox 1060 1825 1114 1870; x_wconf 86' lang='lat' dir='ltr'>ad</span> <span class='ocrx_word' id='word_1_156' title='bbox 1141 1841 1185 1870; x_wconf 88' lang='lat' dir='ltr'>se</span> <span class='ocrx_word' id='word_1_157' title='bbox 1209 1841 1451 1885; x_wconf 83' lang='lat' dir='ltr'>agnoscen-</span> 
     </span>
     <span class='ocr_line' id='line_1_20' title="bbox 63 1896 1452 1961; baseline -0.004 -15"><span class='ocrx_word' id='word_1_158' title='bbox 63 1900 171 1946; x_wconf 90' lang='lat' dir='ltr'>dum</span> <span class='ocrx_word' id='word_1_159' title='bbox 197 1910 406 1961; x_wconf 85' lang='lat' dir='ltr'>tanquam</span> <span class='ocrx_word' id='word_1_160' title='bbox 435 1898 482 1943; x_wconf 91' lang='lat' dir='ltr'>in</span> <span class='ocrx_word' id='word_1_161' title='bbox 517 1897 695 1958; x_wconf 88' lang='lat' dir='ltr'>speculo</span> <span class='ocrx_word' id='word_1_162' title='bbox 716 1898 978 1958; x_wconf 90' lang='lat' dir='ltr'>propositus.</span> <span class='ocrx_word' id='word_1_163' title='bbox 1013 1897 1148 1957; x_wconf 88' lang='lat' dir='ltr'>Cujus</span> <span class='ocrx_word' id='word_1_164' title='bbox 1182 1896 1335 1941; x_wconf 89' lang='lat' dir='ltr'>titulus</span> <span class='ocrx_word' id='word_1_165' title='bbox 1361 1912 1452 1941; x_wconf 89' lang='lat' dir='ltr'>non</span> 
     </span>
     <span class='ocr_line' id='line_1_21' title="bbox 62 1965 1451 2024; baseline -0.002 -9"><span class='ocrx_word' id='word_1_166' title='bbox 62 1986 182 2015; x_wconf 87' lang='lat' dir='ltr'>nunc</span> <span class='ocrx_word' id='word_1_167' title='bbox 204 1968 455 2014; x_wconf 87' lang='lat' dir='ltr'>tractandus</span> <span class='ocrx_word' id='word_1_168' title='bbox 477 1977 542 2012; x_wconf 86' lang='lat' dir='ltr'>est</span> <span class='ocrx_word' id='word_1_169' title='bbox 569 1988 576 2012; x_wconf 90' lang='lat'>:</span> <span class='ocrx_word' id='word_1_170' title='bbox 602 1977 666 2012; x_wconf 87' lang='lat' dir='ltr'>est</span> <span class='ocrx_word' id='word_1_171' title='bbox 688 1967 826 2024; x_wconf 82' lang='lat' dir='ltr'>enim,</span> <span class='ocrx_word' id='word_1_172' title='bbox 858 1966 1080 2012; x_wconf 79' lang='lat' dir='ltr'>«Alleluia</span> <span class='ocrx_word' id='word_1_173' title='bbox 1095 2002 1107 2023; x_wconf 84' lang='lat'>‚</span> <span class='ocrx_word' id='word_1_174' title='bbox 1126 1984 1147 2008; x_wconf 71' lang='lat'>&gt;›</span> <span class='ocrx_word' id='word_1_175' title='bbox 1173 1975 1217 2010; x_wconf 87' lang='lat' dir='ltr'>et</span> <span class='ocrx_word' id='word_1_176' title='bbox 1238 1966 1303 2011; x_wconf 88' lang='lat' dir='ltr'>bis</span> <span class='ocrx_word' id='word_1_177' title='bbox 1340 1965 1451 2012; x_wconf 77' lang='lat' dir='ltr'>«Al-</span> 
     </span>
     <span class='ocr_line' id='line_1_22' title="bbox 64 2037 1452 2098; baseline -0.001 -15"><span class='ocrx_word' id='word_1_178' title='bbox 64 2060 85 2083; x_wconf 87' lang='lat'>»</span> <span class='ocrx_word' id='word_1_179' title='bbox 106 2041 252 2086; x_wconf 85' lang='lat' dir='ltr'>leluia.</span> <span class='ocrx_word' id='word_1_180' title='bbox 273 2059 294 2083; x_wconf 82' lang='grc'>»</span> <span class='ocrx_word' id='word_1_181' title='bbox 316 2039 447 2094; x_wconf 88' lang='lat' dir='ltr'>Quod</span> <span class='ocrx_word' id='word_1_182' title='bbox 467 2039 594 2084; x_wconf 89' lang='lat' dir='ltr'>nobis</span> <span class='ocrx_word' id='word_1_183' title='bbox 620 2049 794 2084; x_wconf 86' lang='lat' dir='ltr'>cantare</span> <span class='ocrx_word' id='word_1_184' title='bbox 821 2047 939 2084; x_wconf 89' lang='lat' dir='ltr'>certo</span> <span class='ocrx_word' id='word_1_185' title='bbox 968 2048 1163 2098; x_wconf 87' lang='lat' dir='ltr'>tempore</span> <span class='ocrx_word' id='word_1_186' title='bbox 1201 2037 1452 2083; x_wconf 87' lang='lat' dir='ltr'>solemniter</span> 
     </span>
     <span class='ocr_line' id='line_1_23' title="bbox 61 2107 1448 2170; baseline -0.001 -14"><span class='ocrx_word' id='word_1_187' title='bbox 61 2111 192 2156; x_wconf 90' lang='lat' dir='ltr'>moris</span> <span class='ocrx_word' id='word_1_188' title='bbox 225 2120 311 2167; x_wconf 80' lang='lat' dir='ltr'>est,</span> <span class='ocrx_word' id='word_1_189' title='bbox 342 2109 585 2155; x_wconf 88' lang='lat' dir='ltr'>secundum</span> <span class='ocrx_word' id='word_1_190' title='bbox 616 2109 820 2154; x_wconf 77' lang='lat' dir='ltr'>Ecclesiae</span> <span class='ocrx_word' id='word_1_191' title='bbox 856 2109 1082 2170; x_wconf 84' lang='lat' dir='ltr'>antiquam</span> <span class='ocrx_word' id='word_1_192' title='bbox 1116 2107 1396 2153; x_wconf 84' lang='lat' dir='ltr'>traditionem</span> <span class='ocrx_word' id='word_1_193' title='bbox 1437 2127 1448 2154; x_wconf 72' lang='grc' dir='ltr'>ε</span> 
     </span>
     <span class='ocr_line' id='line_1_24' title="bbox 61 2178 1450 2242; baseline -0.003 -16"><span class='ocrx_word' id='word_1_194' title='bbox 61 2197 204 2242; x_wconf 86' lang='lat' dir='ltr'>neque</span> <span class='ocrx_word' id='word_1_195' title='bbox 224 2182 340 2225; x_wconf 90' lang='lat' dir='ltr'>enim</span> <span class='ocrx_word' id='word_1_196' title='bbox 365 2189 407 2224; x_wconf 83' lang='lat' dir='ltr'>et</span> <span class='ocrx_word' id='word_1_197' title='bbox 427 2181 512 2225; x_wconf 86' lang='lat' dir='ltr'>hoc</span> <span class='ocrx_word' id='word_1_198' title='bbox 544 2180 635 2224; x_wconf 89' lang='lat' dir='ltr'>sine</span> <span class='ocrx_word' id='word_1_199' title='bbox 669 2188 938 2224; x_wconf 82' lang='lat' dir='ltr'>sacramento</span> <span class='ocrx_word' id='word_1_200' title='bbox 968 2179 1094 2224; x_wconf 88' lang='lat' dir='ltr'>certis</span> <span class='ocrx_word' id='word_1_201' title='bbox 1117 2178 1271 2224; x_wconf 89' lang='lat' dir='ltr'>diebus</span> <span class='ocrx_word' id='word_1_202' title='bbox 1298 2187 1450 2222; x_wconf 88' lang='lat' dir='ltr'>canta-</span> 
     </span>
     <span class='ocr_line' id='line_1_25' title="bbox 59 2248 1450 2312; baseline -0.004 -15"><span class='ocrx_word' id='word_1_203' title='bbox 59 2268 172 2297; x_wconf 86' lang='lat' dir='ltr'>mus.</span> <span class='ocrx_word' id='word_1_204' title='bbox 198 2251 383 2297; x_wconf 83' lang='lat' dir='ltr'>Alleluia</span> <span class='ocrx_word' id='word_1_205' title='bbox 406 2252 533 2295; x_wconf 84' lang='lat' dir='ltr'>certis</span> <span class='ocrx_word' id='word_1_206' title='bbox 557 2250 736 2312; x_wconf 84' lang='lat' dir='ltr'>quidem</span> <span class='ocrx_word' id='word_1_207' title='bbox 763 2250 920 2295; x_wconf 86' lang='lat' dir='ltr'>diebus</span> <span class='ocrx_word' id='word_1_208' title='bbox 940 2260 1191 2306; x_wconf 82' lang='lat' dir='ltr'>cantamus,</span> <span class='ocrx_word' id='word_1_209' title='bbox 1225 2249 1300 2294; x_wconf 84' lang='lat' dir='ltr'>sed</span> <span class='ocrx_word' id='word_1_210' title='bbox 1330 2248 1450 2293; x_wconf 93' lang='lat' dir='ltr'>omni</span> 
     </span>
     <span class='ocr_line' id='line_1_26' title="bbox 60 2320 1445 2381; baseline -0.003 -14"><span class='ocrx_word' id='word_1_211' title='bbox 60 2322 132 2367; x_wconf 89' lang='lat' dir='ltr'>die</span> <span class='ocrx_word' id='word_1_212' title='bbox 164 2323 416 2381; x_wconf 85' lang='lat' dir='ltr'>cogitamus.</span> <span class='ocrx_word' id='word_1_213' title='bbox 445 2322 488 2367; x_wconf 90' lang='lat' dir='ltr'>Si</span> <span class='ocrx_word' id='word_1_214' title='bbox 510 2323 625 2366; x_wconf 88' lang='lat' dir='ltr'>enim</span> <span class='ocrx_word' id='word_1_215' title='bbox 647 2323 731 2366; x_wconf 89' lang='lat' dir='ltr'>hoc</span> <span class='ocrx_word' id='word_1_216' title='bbox 759 2322 892 2367; x_wconf 78' lang='lat' dir='ltr'>verbo</span> <span class='ocrx_word' id='word_1_217' title='bbox 924 2322 1191 2380; x_wconf 81' lang='lat' dir='ltr'>significatur</span> <span class='ocrx_word' id='word_1_218' title='bbox 1218 2320 1312 2365; x_wconf 83' lang='lat' dir='ltr'>laus</span> <span class='ocrx_word' id='word_1_219' title='bbox 1333 2320 1409 2364; x_wconf 85' lang='lat' dir='ltr'>Dei</span> <span class='ocrx_word' id='word_1_220' title='bbox 1433 2354 1445 2376; x_wconf 83' lang='lat'>,</span> 
     </span>
     <span class='ocr_line' id='line_1_27' title="bbox 61 2391 1447 2451; baseline -0.003 -13"><span class='ocrx_word' id='word_1_221' title='bbox 61 2394 139 2438; x_wconf 87' lang='lat' dir='ltr'>etsi</span> <span class='ocrx_word' id='word_1_222' title='bbox 161 2409 251 2438; x_wconf 87' lang='lat' dir='ltr'>non</span> <span class='ocrx_word' id='word_1_223' title='bbox 272 2394 318 2436; x_wconf 91' lang='lat' dir='ltr'>in</span> <span class='ocrx_word' id='word_1_224' title='bbox 343 2409 417 2437; x_wconf 88' lang='lat' dir='ltr'>ore</span> <span class='ocrx_word' id='word_1_225' title='bbox 438 2394 593 2445; x_wconf 84' lang='lat' dir='ltr'>carnis,</span> <span class='ocrx_word' id='word_1_226' title='bbox 617 2403 733 2438; x_wconf 84' lang='lat' dir='ltr'>certe</span> <span class='ocrx_word' id='word_1_227' title='bbox 749 2393 795 2437; x_wconf 87' lang='lat' dir='ltr'>in</span> <span class='ocrx_word' id='word_1_228' title='bbox 817 2409 890 2437; x_wconf 88' lang='lat' dir='ltr'>ore</span> <span class='ocrx_word' id='word_1_229' title='bbox 911 2392 1052 2438; x_wconf 89' lang='lat' dir='ltr'>cordis</span> <span class='ocrx_word' id='word_1_230' title='bbox 1081 2413 1090 2438; x_wconf 73' lang='grc' dir='ltr'>ε</span> <span class='ocrx_word' id='word_1_231' title='bbox 1120 2413 1136 2432; x_wconf 90' lang='lat'>«</span> <span class='ocrx_word' id='word_1_232' title='bbox 1159 2395 1337 2451; x_wconf 85' lang='lat' dir='ltr'>Semper</span> <span class='ocrx_word' id='word_1_233' title='bbox 1353 2391 1447 2435; x_wconf 81' lang='lat' dir='ltr'>laus</span> 
     </span>
     <span class='ocr_line' id='line_1_28' title="bbox 64 2461 1446 2526; baseline 0.001 -20"><span class='ocrx_word' id='word_1_234' title='bbox 64 2483 83 2506; x_wconf 91' lang='lat'>»</span> <span class='ocrx_word' id='word_1_235' title='bbox 117 2465 210 2526; x_wconf 86' lang='lat' dir='ltr'>ejus</span> <span class='ocrx_word' id='word_1_236' title='bbox 229 2464 274 2508; x_wconf 90' lang='lat' dir='ltr'>in</span> <span class='ocrx_word' id='word_1_237' title='bbox 292 2479 365 2509; x_wconf 87' lang='lat' dir='ltr'>ore</span> <span class='ocrx_word' id='word_1_238' title='bbox 382 2466 522 2510; x_wconf 72' lang='lat' dir='ltr'>me01.</span> <span class='ocrx_word' id='word_1_239' title='bbox 546 2483 566 2507; x_wconf 92' lang='lat'>»</span> <span class='ocrx_word' id='word_1_240' title='bbox 587 2463 714 2518; x_wconf 86' lang='lat' dir='ltr'>Quod</span> <span class='ocrx_word' id='word_1_241' title='bbox 730 2473 876 2509; x_wconf 85' lang='lat' dir='ltr'>autem</span> <span class='ocrx_word' id='word_1_242' title='bbox 897 2480 988 2509; x_wconf 91' lang='lat' dir='ltr'>non</span> <span class='ocrx_word' id='word_1_243' title='bbox 1011 2462 1162 2520; x_wconf 85' lang='lat' dir='ltr'>semel,</span> <span class='ocrx_word' id='word_1_244' title='bbox 1186 2461 1262 2508; x_wconf 88' lang='lat' dir='ltr'>sed</span> <span class='ocrx_word' id='word_1_245' title='bbox 1284 2462 1349 2508; x_wconf 85' lang='lat' dir='ltr'>bis</span> <span class='ocrx_word' id='word_1_246' title='bbox 1365 2461 1446 2507; x_wconf 88' lang='lat' dir='ltr'>ha-</span> 
     </span>
    </p>
   </div>
   <div class='ocr_carea' id='block_1_7' title="bbox 109 2559 400 2599">
    <p class='ocr_par' dir='ltr' id='par_1_7' title="bbox 109 2559 400 2599">
     <span class='ocr_line' id='line_1_29' title="bbox 109 2559 400 2599; baseline -0.003 -7"><span class='ocrx_word' id='word_1_247' title='bbox 109 2566 119 2582; x_wconf 90' lang='lat'>¹</span> <span class='ocrx_word' id='word_1_248' title='bbox 135 2559 218 2592; x_wconf 68' lang='lat' dir='ltr'>Psai.</span> <span class='ocrx_word' id='word_1_249' title='bbox 237 2569 352 2599; x_wconf 82' lang='lat' dir='ltr'>xxxm,</span> <span class='ocrx_word' id='word_1_250' title='bbox 368 2568 400 2592; x_wconf 86' lang='lat'>2.</span> 
     </span>
    </p>
   </div>
  </div>
 </body>
</html>
