1848 3261
391 230 476 269 506
825 238 860 269 s.
895 239 1127 268 AUGUSTINI
1159 240 1342 268 EPISCOPI

390 307 453 365 gis
477 320 581 364 ergo
597 305 946 365 praevaricatores
969 303 1071 350 sacti
1092 314 1194 348 sunt
1216 303 1312 363 lege
1333 303 1501 360 divina,
1525 320 1611 365 qua
1639 312 1771 350 natu-

387 377 488 422 ralis
508 376 581 421 illa
600 378 687 422 sive
707 378 966 432 instaurata,
993 378 1081 422 sive
1104 386 1252 432 aucta,
1273 377 1360 420 sive
1383 377 1550 421 firmata
1573 385 1651 421 est.

446 447 500 491 V.
537 450 738 491 Jamvero
762 448 795 490 si
825 447 868 490 in
893 448 1095 491 omnibus
1120 447 1422 507 peccatoribus
1444 456 1569 490 terrae
1592 463 1681 492 non
1701 448 1772 491 in-

387 533 579 576 congrue
601 517 869 576 deputantur
884 527 926 561 et
948 518 1116 576 parvuli
1129 553 1139 571 ‚
1165 527 1343 578 propter
1360 516 1578 576 originalis
1598 518 1773 563 vincula

385 588 572 648 peccati,
607 587 735 630 etiam
762 588 840 647 ipsi
858 588 903 631 in
926 588 1206 632 similitudine
1228 588 1592 648 praevaricationis
1614 588 1721 632 Adae
1740 593 1770 644 ¹,

386 659 441 703 ad
454 658 570 702 illam
588 658 987 717 praevaricationem
1004 659 1219 717 pertinere
1232 668 1544 714 monstrantur,
1562 675 1660 718 quae
1673 658 1774 704 data

384 729 480 788 lege
501 729 548 772 in
570 727 766 788 paradiso
796 729 935 787 prima
957 729 1182 773 commissa
1200 738 1263 772 est
1276 733 1293 754 ²
1316 749 1325 773 :
1349 745 1398 773 ac
1425 745 1502 789 per
1524 730 1607 773 hoc
1632 739 1770 785 recte,

386 800 510 844 nullo
532 815 706 860 prorsus
724 809 904 859 excepto
919 836 929 855 ⁷
955 801 1306 860 praevaricatores
1329 801 1598 845 aestimantur
1625 817 1774 846 omnes

384 881 633 931 peccatores
658 879 798 914 terrae.
835 890 855 913 ι(
888 873 1049 915 Omnes
1073 880 1217 914 autem
1239 880 1552 930 peccaverunt,
1575 881 1618 915 et
1647 881 1776 929 egent

387 959 408 983 »
445 941 581 1001 gloria
598 941 716 985 Deiss.
746 959 766 982 »
792 943 953 985 Omnes
973 942 1106 1000 igitur
1121 941 1451 1001 praevaricantes
1474 941 1607 1000 gratia
1629 940 1776 986 Salva-

383 1013 488 1057 toris
510 1011 699 1068 invenit,
726 1011 829 1056 alios
852 1014 986 1070 magis
1002 1048 1012 1067 ‚
1035 1012 1139 1056 alios
1160 1013 1319 1056 minus.
1341 1014 1514 1065 Quanto
1531 1012 1647 1056 enim
1669 1011 1775 1071 legis

384 1085 522 1144 major
543 1084 590 1127 in
607 1099 890 1144 quocumque
907 1084 1097 1141 cognitio
1112 1119 1122 1139 ,
1152 1090 1269 1128 tanto
1290 1083 1434 1127 minor
1459 1084 1625 1143 peccati
1643 1099 1775 1128 excu-

383 1157 492 1200 satio
521 1175 529 1200 ;
554 1165 722 1215 quanto
743 1155 884 1199 minor
902 1156 1068 1215 peccati
1091 1155 1308 1199 excusatio
1323 1189 1334 1209 ,
1363 1163 1485 1198 tanto
1508 1153 1777 1200 manifestior

383 1226 695 1286 praevaricatio.
722 1226 931 1270 Restabat
941 1242 1044 1285 ergo
1057 1262 1066 1280 ‚
1087 1235 1138 1270 ut
1151 1225 1353 1270 omnibus
1370 1240 1457 1269 non
1471 1241 1563 1280 sua,
1579 1226 1655 1269 sed
1674 1226 1772 1282 Dei,

383 1296 430 1341 id
451 1306 537 1352 est,
562 1310 585 1340 a
608 1300 699 1341 Deo
723 1296 883 1340 donata
896 1297 1062 1356 justitia
1082 1297 1351 1340 subveniret.
1365 1296 1490 1340 Unde
1512 1297 1572 1340 ait
1594 1299 1777 1356 Aposto-

381 1368 449 1412 lus
471 1388 479 1413 :
503 1387 521 1409 «
541 1371 622 1412 Per
639 1365 777 1426 legem
795 1367 988 1426 cognitio
1009 1367 1190 1426 peccati.
1214 1384 1235 1407 >›
1257 1369 1354 1412 Non
1368 1381 1470 1425 ergo
1493 1366 1656 1411 ablatio
1670 1402 1680 1422 ,
1701 1367 1776 1412 sed

381 1439 587 1498 cognitio.
619 1458 639 1480 «
658 1441 785 1483 Nunc
809 1448 953 1482 autem
977 1438 1069 1482 sine
1087 1437 1204 1496 lege,
1229 1436 1393 1498 inquit,
1409 1437 1575 1497 justitia
1598 1438 1675 1482 Dei
1690 1453 1778 1483 ma-

384 1529 406 1552 »
441 1509 643 1554 nifestata
680 1519 764 1564 est,
805 1510 1033 1554 testificata
1067 1524 1145 1569 per
1169 1513 1351 1567 Legem,
1377 1518 1420 1553 et
1445 1510 1721 1569 Prophetas⁴.
1754 1530 1772 1553 »

383 1581 572 1626 Proinde
592 1581 720 1624 etiam
743 1580 823 1624 iste
840 1581 1090 1641 subjunxit,
1121 1600 1140 1623 «
1165 1585 1398 1641 Propterea
1417 1616 1427 1635 ‚
1453 1581 1621 1642 inquit,
1645 1579 1775 1626 dilexi

384 1672 405 1694 »
442 1652 689 1697 testimonia
703 1661 794 1696 tua.
815 1671 836 1693 η
859 1655 1085 1713 Tanquam
1099 1652 1262 1697 diceret
1281 1652 1517 1706 :Quoniam
1540 1652 1611 1696 lex
1625 1652 1713 1697 sive
1730 1653 1776 1696 in

382 1723 581 1784 paradiso
603 1723 703 1767 data
719 1757 729 1777 2
756 1724 842 1767 sive
860 1723 1115 1767 naturaliter
1133 1724 1282 1778 insita,
1317 1724 1406 1767 sive
1428 1724 1474 1767 in
1496 1723 1649 1768 litteris
1674 1739 1776 1783 pro-

382 1793 573 1852 mulgata
593 1828 603 1848 ‚
643 1793 995 1853 praevaricatores
1025 1792 1128 1836 fecit
1162 1809 1311 1837 omnes
1331 1802 1580 1852 peccatores
1608 1803 1735 1838 terrae
1765 1815 1774 1840 :

388 1885 419 1924 «¹
443 1868 676 1924 Propterea
699 1863 829 1907 dilexi
852 1863 1097 1907 testimonia
1117 1872 1207 1918 tua⁷
1232 1879 1368 1923 »quae
1392 1864 1550 1908 suntin
1565 1864 1658 1922 lege
1680 1873 1771 1920 tua,

384 1935 439 1979 de
457 1934 590 1992 gratia
612 1943 711 1992 tua;
737 1944 786 1978 ut
805 1949 894 1977 non
917 1933 971 1977 sit
992 1933 1036 1977 in
1059 1934 1305 1994 mejustitia
1331 1949 1426 1978 mea
1441 1970 1451 1989 ‚
1477 1933 1552 1978 sed
1574 1944 1662 1979 tua.
1685 1939 1793 1980 Lex'

384 2005 500 2049 enim
533 2004 586 2049 ad
622 2005 704 2048 hoc
731 2004 926 2064 prodest,
962 2014 1011 2048 ut
1035 2005 1179 2049 mittat
1207 2005 1262 2048 ad
1284 2006 1476 2063 gratiam.
1501 2008 1599 2051 Non
1631 2005 1773 2051 solum

384 2076 499 2120 enim
514 2075 634 2136 quod
648 2084 876 2119 attestatur
906 2074 1233 2119 manifestandae
1244 2075 1424 2135 justitiae
1438 2077 1535 2131 Dei,
1561 2089 1660 2137 qu'ae
1682 2078 1773 2121 sine

384 2147 479 2205 lege
503 2157 566 2191 est
587 2169 597 2205 3
621 2145 905 2191 verumetiam
929 2147 1012 2190 hoc
1036 2146 1126 2205 ipso
1148 2145 1267 2205 quod
1286 2147 1615 2205 praevaricantes
1643 2146 1769 2203 facit,

386 2217 443 2262 ita
463 2227 512 2261 ut
529 2218 658 2261 etiam
676 2216 819 2261 littera
834 2216 1024 2272 occidat,
1049 2216 1103 2260 ad
1125 2216 1414 2261 vivificantem
1431 2218 1649 2277 spiritum⁵
1667 2234 1773 2263 con-

385 2287 536 2347 fugere
561 2289 712 2333 timore
734 2287 980 2346 compellit,
1010 2303 1087 2347 per
1117 2303 1248 2348 quem
1271 2298 1549 2347 peccatorum
1575 2286 1773 2333 deleatur

383 2359 656 2412 universitas,
682 2368 724 2402 et
747 2368 863 2402 recte
886 2357 1100 2403 factorum
1118 2358 1302 2402 charitas
1325 2359 1576 2419 inspiretur,
1591 2378 1610 2401 «
1632 2363 1771 2420 Prop-

388 2447 409 2471 >›
443 2440 581 2485 terea,
601 2430 766 2490 inquit,
798 2428 927 2473 dilexi
953 2429 1197 2474 testimonia
1219 2438 1308 2472 tua.
1338 2447 1358 2471 »
1391 2430 1580 2483 Quidam
1603 2431 1771 2476 codices

435 2534 442 2550 ¹
463 2530 553 2559 Rom.
574 2539 609 2568 v,
633 2526 682 2569 14.
704 2544 744 2550 —-
765 2534 777 2549 ²
797 2529 876 2560 Gen.
896 2538 944 2567 111,
964 2527 996 2558 6.
1020 2544 1060 2549 -—
1081 2525 1094 2550 3
1113 2526 1202 2559 Rom.
1230 2538 1277 2564 ιιι,
1302 2527 1351 2558 13.
1380 2544 1417 2549 —-
1435 2525 1450 2556 4
1476 2527 1556 2559 Ibid.
1577 2536 1632 2567 20,
1652 2536 1705 2559 21.
1728 2545 1769 2550 —

387 2581 402 2605 ⁵
427 2591 446 2614 2
472 2585 544 2614 Cor.
560 2593 608 2621 m,
622 2582 654 2615 6.
