1848 3261
406 232 489 272 418
826 239 859 268 s.
895 239 1127 270 AUGUSTINI
1158 242 1340 270 Emscom

401 308 504 369 quia
524 305 730 363 martyria
762 314 837 350 tua
875 307 1113 368 exquisivi,
1150 306 1272 351 aufer
1300 323 1323 351 a
1351 322 1435 352 me.
1468 308 1638 353 Inimici
1668 309 1786 353 enim

397 378 485 423 mei
503 412 514 432 ,
540 392 650 437 quos
669 392 692 421 a
710 392 782 421 me
799 379 996 437 praecipis
1017 376 1153 436 diligi,
1180 377 1255 438 qui
1277 379 1411 436 magis
1433 380 1659 440 magisque
1686 395 1787 424 mo·-

398 449 571 494 riuntur
592 456 635 492 et
651 458 837 508 pereunt
852 484 862 503 ,
888 463 989 492 cum
1011 448 1216 506 martyria
1238 457 1313 492 tua
1327 458 1617 495 contemnunt
1633 459 1676 494 et
1700 450 1788 495 cri-

395 520 620 564 minantur
637 520 683 563 in
705 534 774 562 me
791 554 802 574 ,
841 517 1038 578 profecto
1065 519 1323 564 reviviscent
1350 529 1393 564 et
1415 520 1694 565 invenientur
1710 557 1720 577 ,
1754 522 1789 566 si

396 591 602 649 martyria
624 599 700 634 tua
720 598 985 633 venerentur
1006 589 1051 633 in
1081 605 1165 634 me.
1201 593 1267 634 Ita
1294 589 1459 634 factum
1485 600 1547 635 est
1568 611 1579 649 3
1603 591 1687 636 hoc
1719 592 1788 636 vi-

397 660 564 705 demus.
589 663 702 704 Eece
718 659 977 717 martyrium
999 660 1185 716 Christi,
1221 669 1263 704 et
1295 660 1413 720 apud
1443 661 1641 706 homines
1672 671 1715 706 et
1742 662 1790 706 in

394 735 479 778 hoc
496 730 679 787 mundo,
704 746 796 775 non
814 730 955 776 solum
968 746 1058 775 non
1075 740 1139 775 est
1157 731 1444 790 opprobrium
1459 768 1469 788 ,
1490 733 1566 777 sed
1579 747 1790 792 magnum

395 813 460 849 est
480 813 789 849 ornamentum
818 822 827 848 :
849 819 949 848 ecce
967 818 1058 847 non
1086 803 1228 847 solum
1249 803 1296 846 in
1319 814 1555 864 conspectu
1580 804 1756 849 Domini
1775 839 1787 859 ,

393 875 681 921 verumetiam
702 875 750 918 in
768 883 1005 934 conspectu
1025 873 1254 918 hominum
1268 875 1360 934 jam
1384 877 1572 935 pretiosa
1595 885 1658 920 est
1677 890 1791 919 mors

395 956 644 992 sanctorum
654 947 688 1007 ej
696 948 762 990 us¹
771 961 887 1004 ,ecce
899 961 988 990 non
997 945 1138 989 solum
1147 961 1237 990 non
1248 955 1610 991 contemnuntur:
1621 961 1793 991 verum-

395 1018 525 1061 etiam
547 1019 716 1076 magnis
740 1016 980 1061 honoribus
1002 1014 1299 1075 praeferuntur
1320 1019 1533 1071 Martyres
1546 1018 1651 1077 ejus.
1677 1019 1793 1060 Ecce

395 1087 510 1131 filius
531 1086 605 1130 ille
633 1086 806 1145 junior,
840 1086 917 1144 qui
938 1102 1018 1146 pro
1042 1087 1205 1146 porcis,
1237 1102 1346 1147 quos
1367 1087 1597 1146 pascebat,
1628 1085 1674 1130 id
1704 1095 1790 1141 est,

395 1173 475 1218 pro
493 1154 730 1201 immundis
753 1155 1027 1198 daemonibus
1049 1173 1158 1213 quos
1181 1157 1375 1213 colebat,
1390 1157 1646 1218 particulam
1672 1171 1795 1201 suam

379 1230 440 1272 *in
473 1226 741 1288 paucissimis
779 1225 1034 1270 Christianis
1065 1225 1389 1283 praecedentem
1418 1228 1792 1286 persequebatur,

390 1300 483 1360 jam
505 1313 624 1342 nunc
646 1298 691 1340 in
712 1305 803 1340 tam
818 1295 967 1339 multis
995 1303 1038 1338 et
1058 1295 1226 1353 magnis
1250 1296 1423 1355 populis
1456 1297 1652 1355 gentium
1677 1300 1796 1341 Mar-

395 1379 511 1427 tyres
533 1404 543 1425 ,
570 1367 731 1429 quibus
754 1365 982 1425 ingerebat
1001 1365 1286 1424 opprobrium
1304 1401 1315 1421 ,
1340 1366 1654 1426 religiosissime
1681 1382 1796 1427 prae-

394 1441 540 1486 dicans
560 1476 570 1495 ,
596 1449 640 1484 et
657 1438 853 1483 maximis
885 1437 1090 1481 laudibus
1109 1452 1217 1496 quos
1241 1438 1550 1482 contemnebat
1570 1438 1761 1482 exaltans
1780 1473 1792 1494 ,

394 1522 595 1556 mortuus
634 1519 725 1554 erat
757 1519 800 1553 et
836 1509 1009 1562 revixit,
1042 1507 1227 1567 perierat
1256 1517 1298 1551 et
1333 1509 1536 1553 inventus
1571 1511 1676 1553 est2.
1702 1512 1797 1554 Hoc

395 1591 486 1627 tam
510 1595 668 1639 magno
685 1579 809 1623 lucro
832 1577 1111 1622 correctionis
1125 1613 1135 1632 ,
1157 1579 1448 1623 conversionis
1468 1588 1509 1623 et
1526 1579 1797 1639 redemptio-

399 1653 465 1697 nis
486 1651 762 1696 inimicorum
784 1663 962 1693 suorum
986 1663 1141 1707 corpus
1162 1649 1322 1692 Christi
1345 1652 1434 1694 Deo
1455 1649 1582 1694 dixit:
1618 1669 1638 1692 «
1661 1648 1798 1695 Aufer

400 1741 422 1765 η
458 1738 482 1766 a
498 1737 567 1765 me
582 1720 868 1780 opprobrium
887 1729 929 1762 et
943 1726 1260 1777 contemptum.
1281 1736 1300 1758 »
1318 1722 1374 1762 Et
1391 1720 1513 1778 quasi
1529 1729 1798 1780 quaereretur

400 1793 455 1838 de
473 1808 559 1853 qua
575 1806 620 1835 re
642 1790 950 1850 opprobrium,
971 1787 1026 1831 de
1044 1803 1129 1847 qna
1150 1803 1194 1830 re
1208 1798 1506 1849 contemptum
1523 1811 1533 1848 3
1548 1791 1793 1851 subjungit,

404 1883 426 1907 «
460 1863 675 1917 Quoniam
690 1860 899 1918 martyria
918 1869 992 1903 tua
1015 1858 1241 1918 exquisivi.
1271 1877 1292 1900 »

458 1937 541 1978 III.
564 1933 649 1977 Ubi
662 1941 725 1976 est
737 1946 855 1975 nunc
868 1928 978 1973 illud
992 1928 1476 1988 opprobrium?ubiil]e
1495 1934 1799 1992 contemptus?

400 2006 616 2052 Abierunt
639 2013 770 2064 atque
792 2002 1080 2058 transierunt,
1107 2010 1150 2044 et
1172 2003 1273 2061 quia
1297 2002 1464 2046 inventi
1488 2013 1590 2047 sunt
1617 2004 1692 2063 qui
1718 2018 1798 2063 pe-

400 2078 587 2131 rierant,
611 2075 684 2119 illa
702 2076 940 2134 perierunt.
968 2071 1051 2116 Sed
1088 2071 1266 2131 quando
1298 2073 1490 2117 Ecclesia
1523 2072 1625 2117 talia
1647 2089 1799 2132 preca-

400 2148 548 2203 batur,
564 2145 637 2190 illa
653 2145 917 2205 patiebatur.
938 2162 958 2185 «
976 2142 1147 2186 Etenim
1167 2141 1373 2186 sederunt
1384 2142 1615 2203 principes,
1634 2143 1795 2204 inquit,

402 2238 425 2261 »
462 2228 505 2262 et
526 2217 754 2262 adversum
774 2231 843 2259 me
856 2212 1198 2272 loquebantur3.
1214 2230 1234 2252 »
1252 2212 1361 2256 Inde
1386 2214 1628 2273 persecutio
1660 2214 1798 2273 gravis

404 2298 496 2334 erat
510 2324 522 2345 ,
547 2287 650 2349 quia
672 2301 768 2330 eam
790 2284 1010 2342 sedentes,
1030 2287 1113 2330 hoc
1130 2292 1194 2327 est
1209 2318 1219 2337 ,
1242 2283 1480 2343 judiciariis
1497 2284 1672 2328 sedibus
1691 2284 1799 2328 emi-

404 2369 557 2405 nentes
573 2395 583 2414 ,
607 2358 823 2418 principes
843 2356 1151 2401 decernebant.
1168 2352 1300 2397 Refer
1311 2355 1394 2398 hoc
1409 2354 1463 2398 ad
1482 2354 1626 2414 ipsum
1647 2363 1794 2414 caput,

404 2431 596 2475 invenies
615 2429 772 2473 sedisse
793 2427 1008 2487 principes
1030 2429 1055 2470 J
1060 2425 1285 2470 udaeorum
1312 2459 1322 2478 ,
1348 2425 1576 2469 consilium
1598 2440 1799 2485 quaeren-

407 2509 467 2546 tes
488 2498 710 2560 quomodo
727 2498 947 2544 Christum
970 2496 1204 2557 perderent
1218 2496 1250 2538 4.
1269 2513 1289 2535 »
1307 2495 1439 2538 Refer
1457 2496 1539 2540 hoc
1562 2495 1617 2539 ad
1640 2510 1796 2554 corpus

453 2591 464 2608 ¹
479 2586 558 2618 Psal.
580 2596 654 2627 cxv,
675 2583 798 2618 15.—²
810 2585 886 2616 Luc.
899 2593 954 2624 xv,
968 2580 1076 2624 12-24.
1089 2578 1245 2613 —3Psal.
1258 2591 1361 2622 cxvm,
1377 2580 1434 2612 23.
1448 2579 1639 2612 —4Matth.
1655 2591 1745 2622 xxw,
1762 2579 1795 2612 3.
