1848 3261
414 207 656 240 ENARRATIO
686 212 733 239 m
763 207 967 240 PsALMuM
996 213 1064 240 cx.
1336 205 1421 243 317

44 298 65 322 »
99 288 297 324 mentum
316 293 459 322 suum.
487 296 508 319 »
535 277 619 323 Sed
640 277 784 338 quod,
809 277 888 321 nisi
914 280 1116 324 Novum?
1137 280 1270 339 Cujus
1286 281 1423 326 haeres

41 350 238 411 quisquis
260 365 347 394 esse
367 349 555 394 volueris
576 384 587 404 ‚
612 347 715 393 nolo
736 356 779 391 te
800 347 946 403 fallas,
971 364 1052 393 nec
1073 357 1233 393 terram
1252 352 1423 395 trahen-

41 430 131 466 tem
151 420 218 465 lac
233 430 276 465 et
295 419 382 464 mel
403 419 632 464 carnaliter
651 418 827 477 cogite3‚
844 434 934 462 non
954 434 1119 463 amaena
1138 421 1314 479 praedia,
1335 438 1424 466 non

41 492 189 536 hortos
224 490 470 536 fructiferos
498 500 542 534 et
571 505 747 549 opacos,
784 504 874 533 non
900 489 985 533 tale
1013 489 1178 550 aliquid
1206 490 1426 536 mediteris

41 561 247 621 adipisci,
280 560 409 622 quale
446 561 555 605 solet
583 561 653 604 hic
689 559 841 604 oculus
876 560 1066 605 avaritiae
1102 562 1422 622 concupiscere.

41 633 155 677 Cum
187 632 304 676 enim
337 632 391 676 sit
411 630 535 675 radix
556 630 752 675 omnium
772 629 984 675 malorum
1009 631 1220 691 cupiditas
1234 634 1247 658 1
1266 667 1277 688 ‚
1310 633 1426 692 peri-

42 702 199 747 menda
223 712 286 747 est
307 712 357 747 ut
378 703 447 747 hic
469 711 752 747 consumatur
769 737 781 758 ,
814 718 904 747 non
926 702 1168 748 differenda
1190 713 1241 748 ut
1261 704 1323 748 ibi
1358 720 1429 749 sa-

43 774 187 818 tietur.
219 773 364 817 Primo
395 789 546 832 poenas
581 773 685 831 fuge
702 808 713 828 ,
745 773 961 831 gehennas
982 773 1133 818 'devita
1158 794 1166 819 :
1193 783 1428 835 antequam

42 842 253 888 desideres
277 844 604 903 promittentem
635 846 774 887 Deum
790 879 806 899 ,
841 859 944 888 cave
965 844 1218 890 minantem.
1250 864 1270 888 «
1296 848 1431 891 Sanc-

43 932 64 956 »
100 923 195 959 tum
213 914 329 958 enim
347 924 390 958 et
406 913 599 957 terribile
622 928 783 958 nomen
805 915 909 974 ejus.
932 933 953 955 »

101 988 180 1029 IX.
209 988 292 1029 Pro
324 983 487 1028 deliciis
520 994 667 1029 autem
694 982 897 1029 omnibus
919 985 1050 1046 hujus
1079 986 1254 1042 saeculi,
1281 985 1431 1047 quales

40 1054 110 1100 vel
130 1064 329 1115 expertus
352 1071 395 1099 es
410 1090 420 1110 ‚
445 1054 515 1099 vel
534 1071 692 1114 augere
710 1071 758 1099 ac
780 1054 1070 1114 multiplicare
1098 1056 1329 1114 cogitando
1352 1073 1432 1116 po-

41 1135 104 1170 tes
121 1161 132 1182 ‚
163 1126 473 1171 immortalium
497 1126 751 1169 deliciarum
774 1134 956 1168 matrem
978 1127 1236 1185 concupisce
1258 1127 1432 1186 sapien-

41 1196 145 1241 tiam
169 1216 178 1240 :
203 1197 301 1251 sed,
327 1216 347 1238 «
373 1195 552 1239 Initium
574 1194 796 1254 sapientiae
818 1196 948 1240 timor
968 1197 1157 1240 Domini.
1188 1216 1208 1238 »
1239 1197 1433 1242 Delecta-

41 1267 108 1312 bit
143 1266 216 1311 illa
230 1302 241 1322 ,
283 1276 326 1311 et
362 1266 640 1310 ineffabiliter
672 1265 828 1326 procul
864 1267 1001 1311 dubio
1041 1266 1276 1311 delectabit
1307 1269 1433 1313 castis

43 1347 174 1398 atque
195 1338 367 1382 aeternis
385 1337 574 1382 veritatis
597 1336 976 1396 amplexibus:sed
988 1337 1104 1396 prius
1127 1338 1207 1381 tibi
1229 1337 1434 1384 donanda

43 1416 145 1453 sunt
165 1407 313 1451 debita
333 1442 344 1462 ‚
365 1423 494 1467 quam
519 1407 694 1466 praemia
719 1405 969 1464 flagitanda.
996 1425 1016 1448 «
1039 1407 1216 1450 Initium
1243 1423 1345 1466 ergo
1367 1424 1435 1452 sa-

45 1497 67 1522 »
101 1478 276 1538 pientiae
309 1479 440 1522 timor
467 1478 641 1522 Domini
657 1481 688 1521 2.
724 1480 869 1522 Bonus
901 1487 966 1522 est
992 1478 1253 1522 intellectus.
1282 1497 1302 1520 »
1329 1479 1435 1532 Quis

42 1550 207 1608 negat?
239 1549 323 1593 Sed
350 1548 592 1607 intelligere
630 1557 673 1591 ct
707 1563 796 1592 non
824 1546 991 1602 facere,
1028 1548 1319 1607 periculosum
1351 1558 1430 1593 est.

48 1640 68 1664 «
102 1623 249 1664 Bonus
271 1636 373 1678 ergo
395 1619 673 1663 facientibus.
701 1637 722 1660 »
747 1621 835 1664 Nec
870 1617 1048 1663 extollat
1079 1629 1270 1663 mentem
1294 1620 1340 1663 in
1370 1636 1437 1664 suo

43 1692 254 1752 perbiam.
278 1692 415 1751 Cujus
438 1690 554 1734 enim
572 1691 702 1734 timor
719 1699 782 1734 est
803 1690 977 1733 initium
1005 1690 1227 1749 sapientiae
1245 1726 1255 1745 ‚
1283 1710 1302 1732 «
1321 1694 1434 1735 Laus

47 1763 69 1803 >5
103 1763 195 1822 ejus
217 1770 364 1805 manet
385 1761 432 1804 in
453 1760 661 1805 saeculum
685 1760 877 1805 saeculi.»
898 1764 955 1804 Et
976 1761 1058 1804 hoc
1081 1761 1161 1804 erit
1184 1762 1430 1820 praemium,

45 1833 116 1877 hic
138 1834 236 1877 finis
251 1868 263 1888 ‚
294 1833 387 1876 haec
409 1831 538 1876 statio
560 1831 770 1891 sedesque
791 1839 1014 1890 perpetua.
1036 1829 1128 1874 Illic
1149 1831 1434 1876 inveniuntur

44 1903 252 1947 mandata
274 1902 419 1946 fidelia
438 1937 449 1957 ‚
475 1902 728 1945 confirmata
751 1902 795 1944 in
827 1900 1034 1945 saeculum
1059 1901 1205 1945 saeculi
1227 1920 1236 1946 ε
1260 1902 1348 1961 ipsa
1372 1911 1436 1947 est

45 1973 276 2017 haereditas
298 1973 407 2017 Novi
423 1972 685 2016 Testamenti
702 1970 904 2016 mandata
928 1971 973 2015 in
994 1980 1223 2015 aeternum.
1240 1992 1259 2014 «
1278 1975 1431 2029 Unam,

50 2062 70 2085 »
104 2043 209 2102 petii
228 2077 239 2098 ‚
259 2042 427 2102 inquit,
453 2059 476 2086 a
495 2042 703 2096 Domino,
728 2042 840 2085 hanc
863 2042 1078 2102 requiram
1094 2078 1105 2096 ‚
1127 2052 1176 2086 ut
1193 2042 1434 2087 inhabitem

49 2131 71 2155 3)
106 2113 151 2157 in
173 2113 303 2157 domo
325 2112 498 2156 Domini
522 2127 598 2171 per
617 2127 764 2156 omnes
781 2111 869 2156 dies
889 2113 989 2157 vitae
1009 2116 1158 2157 meaess.
1177 2114 1295 2157 Beati
1318 2115 1433 2157 enim

51 2202 73 2226 »
108 2184 184 2244 qui
219 2184 420 2227 habitant
450 2182 497 2227 in
533 2182 664 2227 domo
704 2183 903 2239 Domini,
927 2183 974 2227 in
996 2183 1153 2228 saecula
1174 2184 1434 2229 saeculorum

52 2272 73 2296 »
107 2253 353 2298 laudabunt
373 2254 500 2298 eum4
522 2273 532 2299 :
556 2254 765 2314 quoniam
781 2289 792 2310 ,
818 2257 930 2298 Laus
950 2256 1040 2315 ejus
1062 2265 1210 2300 manet
1230 2256 1275 2300 in
1298 2271 1435 2302 saecu-

53 2344 74 2368 »
107 2325 201 2370 lum
218 2325 381 2370 saeeuli.
409 2343 431 2367 )›

99 2429 110 2448 ¹
133 2433 146 2455 ι
166 2423 245 2456 Tim.
267 2433 315 2464 vi,
338 2433 388 2456 10.
408 2438 450 2446 ·-
465 2428 478 2446 ²
496 2421 578 2455 Psal.
596 2432 647 2465 cx,
669 2432 719 2455 10.
743 2418 815 2446 ..³
841 2421 888 2455 Id.
904 2433 957 2466 xx,
977 2422 1008 2466 4,
1026 2440 1068 2448 -
1087 2423 1166 2459 4111.
1184 2436 1313 2467 axum,
1331 2424 1362 2460 5.
