1848 3261
379 213 431 250 28
815 218 848 247 3.
884 219 1112 247 Accus‘rnvr
1144 217 1324 244 Errscom

377 287 515 331 Adam
534 286 577 329 in
595 287 779 331 Christo.
793 284 1010 329 Liberavit
1031 281 1226 342 profecto
1249 291 1293 325 et
1314 298 1336 325 a
1355 280 1508 326 diebus
1530 281 1655 335 fumi,
1676 282 1751 341 qui

375 357 574 415 dignatus
602 357 844 401 esthabere
875 369 1026 399 vocem
1049 352 1217 397 dierum
1239 352 1364 397 fumi.
1395 372 1412 393 «
1445 353 1556 406 Quia
1577 351 1751 396 defece-

375 445 395 468 »
431 437 533 471 runt
559 428 668 471 sicut
700 427 845 471 fumus
872 426 962 469 dies
984 425 1082 468 mei.
1112 442 1131 464 »
1154 423 1309 468 Videte
1339 424 1510 468 fumum
1535 423 1751 482 superbiae

372 497 576 553 similem,
602 497 925 552 ascendentem,
952 504 1264 540 tumescentem
1280 531 1290 551 ‚
1308 504 1609 539 vanescentem
1632 513 1640 539 ε
1662 508 1754 537 me-

372 571 454 614 rito
476 586 577 628 ergo
601 569 870 613 deficientem
887 604 897 623 ,
931 584 1018 612 non
1045 568 1198 628 utique
1219 575 1561 627 permanentem.
1592 585 1611 607 «
1642 565 1752 619 Quia

374 658 395 681 »
430 639 683 684 defecerunt
705 641 814 683 sicut
837 639 981 683 fumus
1008 639 1097 683 dies
1121 639 1205 682 mci
1241 658 1248 683 :
1274 647 1318 682 et
1340 653 1429 682 ossa
1453 653 1546 681 mea
1577 637 1687 681 sicut
1707 636 1752 679 in

376 730 396 752 »
431 710 604 755 frixorio
627 710 817 755 confrixa
835 719 950 753 sunt.
975 729 994 751 »
1017 713 1072 754 Et
1090 710 1180 769 ipsa
1198 724 1291 753 ossa
1309 724 1403 752 mea
1421 743 1431 763 ‚
1457 716 1500 751 et
1517 708 1607 767 ipsa
1629 706 1754 750 forti-

373 781 480 825 tudo
503 796 622 835 mea,
653 796 741 824 non
769 781 859 824 sine
881 780 1162 824 tribulatione
1178 815 1188 834 ,
1215 794 1304 823 non
1327 779 1416 822 sine
1439 778 1624 822 ustione.
1650 772 1753 820 Ossa

373 851 562 910 corporis
596 851 787 905 Christi,
819 850 1032 895 fortitudo
1070 849 1260 910 corporis
1283 849 1467 904 Christi,
1507 848 1585 892 ubi
1618 848 1756 907 major

374 936 505 981 (piam
540 921 586 964 in
614 921 768 964 sanctis
801 919 1055 981 Apostolis?
1086 923 1142 964 Et
1174 929 1320 964 tamen
1352 919 1451 963 vide
1480 934 1571 962 ossa
1608 916 1706 976 frigi
1744 936 1752 961 ε

379 1012 398 1032 «
427 991 530 1044 Quis
555 990 869 1035 scandalizatur
885 1026 896 1046 ‚
930 1000 973 1034 et
995 1006 1083 1034 non
1116 1005 1194 1048 ego
1219 991 1374 1034 uror¹P
1398 1008 1417 1030 η
1452 992 1602 1033 Fortes
1626 996 1752 1041 sunt,

374 1061 520 1106 fideles
541 1097 552 1117 ,
577 1062 681 1106 boni
698 1061 988 1106 intellectores
1005 1071 1048 1105 et
1069 1060 1373 1121 praedicatores
1394 1059 1538 1114 verbi,
1564 1059 1756 1103 viventes

375 1141 424 1176 ut
444 1131 687 1193 loquuntur
707 1167 717 1187 ‚
743 1132 971 1192 loquentes
992 1141 1044 1176 ut
1065 1132 1250 1176 audiunt
1277 1152 1286 1176 :
1316 1131 1451 1176 fortes
1473 1130 1602 1190 plane
1627 1138 1728 1173 sunt
1743 1164 1754 1184 ‚

375 1202 450 1246 sed
482 1218 631 1247 omnes
664 1203 739 1263 qui
772 1201 971 1247 scandala
1005 1203 1235 1262 patiuntur
1257 1238 1268 1257 ‚
1308 1200 1531 1246 frixorium
1564 1201 1754 1260 ipsorum

375 1283 490 1318 sunt.
523 1276 599 1318 Est
626 1275 738 1317 enim
779 1273 839 1317 ibi
867 1274 1077 1329 charitas,
1109 1282 1152 1318 et
1189 1273 1325 1332 magis
1347 1273 1392 1316 in
1422 1272 1601 1316 ossibus.
1638 1274 1758 1315 Inte-

375 1344 485 1388 riora
521 1353 622 1388 sunt
644 1360 734 1388 ossa
756 1344 959 1388 omnibus
981 1344 1185 1388 carnibus
1201 1380 1211 1399 ‚
1237 1353 1280 1388 et
1299 1352 1477 1403 portant
1501 1357 1649 1386 omnes
1672 1357 1760 1386 car-

375 1429 464 1458 nes.
490 1417 652 1458 Verum
679 1416 713 1459 si
739 1416 972 1475 quisquan-1
1004 1415 1194 1474 patiatur
1215 1413 1395 1474 aliquod
1418 1412 1692 1462 scandalum,
1717 1421 1760 1456 et

375 1484 419 1528 in
441 1485 581 1528 anima
599 1485 894 1545 periclitetur3
916 1494 1087 1529 tantum
1106 1500 1151 1529 os
1175 1484 1368 1543 frigitur,
1389 1492 1603 1544 quantum
1626 1492 1755 1527 amat.

378 1555 493 1599 Desit
512 1571 632 1600 amor
647 1591 657 1607 ,
685 1571 813 1600 nemo
843 1554 1014 1613 frigitur
1036 1574 1044 1599 ε
1066 1556 1176 1599 adsit
1197 1555 1396 1608 charitas,
1410 1563 1452 1598 et
1465 1554 1497 1598 si
1514 1554 1760 1597 membrum

377 1627 652 1684 compatitur,
664 1626 853 1685 patiente
868 1641 957 1670 uno
976 1626 1190 1680 membro,
1210 1624 1433 1685 quomodo
1452 1624 1671 1683 friguntur
1685 1623 1761 1684 qui

378 1706 554 1756 portant
581 1697 778 1741 universa
813 1697 1006 1741 membra
1021 1698 1067 1739 2?
1094 1716 1113 1738 «
1135 1698 1239 1741 Ossa
1263 1711 1357 1740 mea
1381 1697 1490 1740 sicut
1512 1696 1556 1739 in
1580 1694 1761 1740 frixorio

382 1786 402 1807 »
438 1766 630 1812 confrixa
653 1777 768 1812 sunt.
798 1786 818 1808 »

437 1840 491 1881 V.
521 1857 540 1878 «
561 1841 815 1881 Percussum
834 1837 1020 1883 estsicut
1037 1838 1224 1891 foenum,
1251 1846 1294 1881 et
1315 1837 1428 1880 aruit
1450 1852 1524 1880 cor
1547 1837 1756 1879 meum3.»

379 1909 559 1967 Respice
582 1909 635 1952 ad
654 1908 808 1963 Adam,
835 1909 952 1953 unde
969 1924 1104 1967 genus
1125 1910 1381 1952 humanum.
1399 1907 1525 1953 Unde
1543 1908 1658 1951 enim
1680 1907 1761 1951 nisi

380 1979 435 2022 ab
457 1977 532 2022 illo
548 1989 781 2038 propagata
796 1979 966 2022 miseria
985 1982 1074 2022 est?
1094 1978 1219 2023 Unde
1233 1979 1347 2022 enim
1364 1979 1444 2022 nisi
1463 1979 1518 2021 ab
1542 1977 1616 2022 illo
1627 1978 1763 2021 haere-

382 2048 534 2092 ditaria
552 2049 629 2093 ista
653 2051 913 2109 paupertas?
934 2049 1056 2093 Dicat
1078 2064 1178 2107 ergo
1196 2064 1296 2093 cum
1320 2064 1393 2108 spe
1405 2049 1494 2108 jam
1514 2049 1560 2093 in
1582 2063 1762 2108 corpore

381 2119 538 2163 Christi
555 2119 717 2178 positus
730 2154 740 2173 ‚
773 2118 845 2162 iile
868 2118 1102 2178 aliquando
1119 2119 1165 2162 in
1186 2135 1263 2163 suo
1282 2134 1462 2177 corpore
1481 2118 1731 2178 desperatus
1747 2154 1757 2172 ‚

385 2208 405 2230 «
442 2192 695 2232 Percussum
712 2198 775 2232 est
797 2189 904 2232 sicut
929 2188 1115 2243 foenum,
1144 2198 1187 2232 et
1209 2189 1321 2232 aruit
1338 2204 1412 2232 cor
1435 2204 1597 2232 meum.
1627 2207 1647 2229 »
1668 2192 1762 2232 Me-

380 2259 477 2312 rito,
503 2258 601 2318 quia
626 2259 762 2302 omnis
785 2274 883 2302 caro
910 2257 1079 2302 foenum
1095 2261 1125 2302 4.
1155 2258 1238 2303 Sed
1266 2268 1412 2302 tamen
1436 2257 1553 2301 unde
1577 2259 1655 2302 tihi
1678 2259 1761 2303 hoc

380 2328 590 2387 contigit?
637 2348 655 2369 «
701 2330 915 2381 Quoniam
956 2329 1115 2373 oblitus
1159 2344 1254 2373 sum
1297 2329 1561 2372 manducare
1603 2344 1759 2387 panem

379 2418 397 2440 »
433 2413 623 2441 meum.»
642 2398 952 2441 Dederatenim
976 2402 1087 2442 Deus
1102 2414 1257 2458 panem
1276 2399 1494 2457 praecepti.
1512 2401 1621 2443 Nam
1632 2398 1760 2457 panis

381 2469 534 2512 animae
557 2469 680 2528 quid,
705 2469 785 2512 nisi
799 2470 980 2513 verbum
999 2471 1105 2514 Dei?
1131 2473 1397 2528 Suggerente
1419 2479 1632 2529 serpente,
1649 2485 1760 2528 prae-

431 2560 437 2574 ¹
460 2561 477 2583 2
497 2555 567 2585 (lor.
588 2564 619 2584 xi
637 2579 644 2592 ‚
670 2562 722 2594 29.
746 2570 784 2575 —
809 2561 820 2575 ²
841 2554 885 2584 Μ.
906 2565 962 2591 xu,
982 2562 1032 2585 20,
1055 2571 1094 2576 -—
1117 2553 1128 2576 3
1148 2554 1227 2586 Psal.
1250 2564 1289 2585 ci.
1311 2555 1340 2584 5.
1365 2571 1405 2576 —
1424 2553 1437 2581 4
1456 2556 1527 2585 lsai.
1550 2554 1644 2590 126*
