1848 3261
401 228 642 262 ENARRATIO
675 234 720 261 nv
753 231 954 262 PsALMUM
985 236 1057 262 cn.
1376 228 1426 266 81

53 317 71 340 »
106 307 149 343 et
168 298 422 343 lactentium
443 295 661 357 perfecisti
681 296 858 342 laudem
874 332 885 353 ‚
910 307 961 343 ut
988 297 1182 344 destruas
1205 301 1433 347 inimicum

50 385 72 410 »
107 378 149 413 et
163 369 475 414 vindicatorem
491 370 504 394 ¹
533 388 541 414 :
565 387 585 410 »
609 367 729 429 quod
750 368 952 413 nonnulli
974 355 1143 414 codices
1161 370 1434 417 defensorem

46 439 213 483 habent
238 459 247 485 ι
273 439 349 484 sed
368 439 513 484 verius
528 474 539 495 ,
564 439 894 484 vindicatorem.
930 442 1160 485 Destruere
1180 440 1322 486 voluit
1342 446 1431 488 Do-

46 509 189 553 minus
211 510 525 555 vindicatorem
544 545 555 565 ,
580 510 625 554 id
643 519 705 554 est
719 544 729 564 ,
751 525 851 553 eum
870 510 946 570 qui
967 526 1011 554 se
1031 510 1172 556 voluit
1192 510 1430 568 vindicare,

45 589 96 624 ut
127 597 216 625 non
239 580 300 624 illi
323 582 596 625 dimittantur
630 589 809 640 peecata
837 596 929 625 sua..
957 581 1074 635 Quid
1106 597 1231 641 ergo,
1255 582 1433 643 inquis?

45 650 231 694 dormiet
260 650 516 710 disciplina?
549 651 770 695 auferetur
794 651 933 695 omnis
964 652 1210 711 correptio?
1231 655 1330 697 Non
1351 669 1431 697 au-

44 719 224 765 feretur.
251 720 368 774 Quid
400 722 515 765 enim
553 720 608 765 de
636 721 857 765 luxurioso
885 720 975 765 filio
1009 721 1205 766 facturus
1236 725 1315 767 es?
1342 740 1433 769 non

44 791 271 850 castigabis
291 826 302 846 ‚
338 807 427 836 non
447 791 728 835 verberabis?
762 793 1032 852 Servumque
1058 792 1201 852 ipsum
1223 802 1375 850 tuum,
1401 795 1436 839 si

43 861 155 905 male
175 862 393 906 viventem
407 861 590 917 videris,
616 877 706 906 non
724 877 855 921 poena
874 862 1018 922 aliqua
1035 897 1045 917 ‚
1066 878 1156 907 non
1176 865 1432 911 verberibus

44 931 309 975 refrenabis?
332 932 428 976 Fiat
455 932 570 987 hoe,
604 932 680 975 fiat
724 951 732 975 :
764 931 954 975 admittit
976 935 1118 990 Deus3
1162 933 1250 978 imo
1282 950 1432 993 repre-

42 1002 194 1046 hendit
211 1037 221 1057 ‚
247 1003 279 1046 si
302 1018 391 1047 non
414 1003 490 1046 fiat
516 1022 524 1047 :
550 1002 625 1047 sed
643 1002 788 1046 animo
805 1003 1047 1046 dilectionis
1065 1001 1149 1057 fae,
1176 1019 1264 1047 non
1288 1005 1434 1050 animo

44 1071 240 1117 ultionis.
270 1073 352 1117 Ubi
382 1082 526 1117 autem
552 1072 816 1132 potentiores
839 1072 1006 1129 aliquos
1029 1071 1260 1131 injuriosos
1286 1090 1435 1134 passus

44 1142 201 1198 fueris,
236 1143 314 1186 ubi
345 1143 424 1187 tibi
458 1155 538 1184 nee
570 1141 783 1197 corrigere
805 1135 1031 1200 disciplina
1062 1142 1190 1199 licet,
1217 1160 1298 1190 nee
1320 1145 1434 1191 sorte

43 1211 172 1256 etiam
185 1226 363 1255 monere
384 1219 459 1255 aut
483 1210 742 1270 prteeipere3
762 1209 915 1266 tolera,
941 1226 1117 1257 securus
1135 1213 1272 1260 tolera
1298 1235 1306 1261 :
1333 1217 1435 1262 audi

42 1281 328 1340 Evangelium
343 1316 354 1336 ‚
380 1280 501 1341 quod
522 1280 653 1325 modo
674 1280 839 1325 lectum
861 1290 924 1326 est
949 1301 956 1327 :
987 1284 1143 1328 «Beati
1161 1285 1277 1330 eritis
1293 1321 1304 1342 ‚
1330 1303 1434 1332 cum

45 1371 66 1395 »
100 1368 176 1398 vos
210 1351 424 1412 persecuti
460 1349 625 1395 fuerint
660 1351 882 1407 homines,
928 1361 972 1397 et
999 1353 1186 1400 dixerint
1228 1356 1433 1403 adversus

45 1443 66 1466 »
99 1439 175 1469 vos
197 1439 326 1469 omne
346 1422 526 1478 malum,
544 1423 818 1479 mentientes,
838 1433 1016 1484 propter
1031 1441 1192 1470 nomen
1210 1433 1428 1473 nie11m².»

42 1498 98 1540 Et
124 1494 183 1539 ibi
212 1493 380 1538 addidit
399 1503 578 1553 propter
600 1492 735 1553 quid,
763 1509 818 1538 ne
840 1495 996 1539 merito
1025 1505 1101 1540 tuo
1130 1498 1312 1558 accipias
1335 1515 1431 1544 rna-

41 1565 227 1621 ledicta‚
270 1581 359 1609 non
392 1580 517 1609 causa
543 1564 907 1624 justificationum
935 1565 1029 1609 Dei.
1065 1569 1163 1612 Non
1199 1570 1315 1613 enim
1356 1572 1432 1631 qui

41 1635 297 1680 maledictus
318 1635 475 1691 fuerit,
495 1636 636 1695 justus
666 1644 730 1679 est
766 1654 774 1679 z
806 1635 881 1679 sed
908 1635 984 1696 qui
1000 1636 1143 1696 justus
1168 1648 1252 1694 est,
1284 1649 1328 1685 et
1359 1642 1432 1685 in-

39 1710 154 1769 juste
182 1706 438 1752 maledictus
464 1725 474 1752 z
499 1715 542 1751 et
563 1706 598 1751 si
619 1706 777 1766 injuste
798 1705 1088 1763 maledicitur,
1115 1711 1346 1768 praemium
1368 1712 1431 1757 illi

43 1778 253 1823 redditur.
290 1782 523 1838 Propterea
549 1777 698 1838 itaque
726 1793 902 1822 securus
929 1788 1020 1823 esto
1043 1779 1282 1826 misericors
1300 1818 1310 1838 ‚
1351 1800 1429 1828 ex-

42 1850 173 1894 tende
195 1848 473 1893 dilectionem
494 1863 632 1908 usque
655 1847 710 1891 ad
731 1848 928 1893 inimicos
950 1867 958 1893 :
984 1849 1057 1909 qui
1076 1848 1188 1895 forte
1211 1853 1430 1911 pertinent

41 1919 96 1964 ad
119 1919 481 1978 gubernationem
500 1927 642 1972 tuam,
663 1917 852 1974 vindica,
884 1922 1034 1963 coerce
1056 1935 1156 1965 cum
1175 1922 1424 1980 dilectione,

42 2005 144 2034 eum
162 1990 393 2044 charitate,
421 1989 649 2033 attendens
669 1988 850 2032 salutem
874 1998 1105 2048 aeternam3
1128 2006 1183 2035 ne
1205 2008 1305 2037 cum
1329 2010 1429 2054 par-

41 2060 100 2105 cis
122 2059 266 2115 carni,
291 2060 432 2104 anima
449 2067 612 2119 pereat.
646 2062 732 2104 Fac
755 2059 839 2104 hoc
861 2078 870 2104 ε
896 2068 938 2104 et
958 2060 1118 2105 multos
1141 2077 1342 2121 passurus
1365 2082 1425 2123 es,

40 2131 87 2174 in
108 2146 216 2191 quos
245 2146 333 2174 non
363 2140 485 2190 potes
519 2145 715 2174 exercere
737 2129 1008 2190 disciplinam
1023 2166 1033 2184 ‚
1055 2133 1156 2192 quia
1178 2149 1268 2178 non
1289 2139 1427 2195 perti-

40 2210 148 2246 nent
173 2201 228 2246 ad
247 2202 345 2261 jura
372 2201 697 2259 gubernationis
719 2210 807 2244 tuae
834 2219 843 2245 :
868 2199 980 2246 ferto
1001 2202 1208 2262 injurias,
1251 2222 1427 2254 securus

41 2281 147 2317 esto.
189 2291 209 2314 «
224 2273 372 2316 Faciet
393 2271 508 2315 enim
530 2270 843 2315 misericordias
865 2273 1073 2318 Dominus
1090 2309 1100 2329 ,
1139 2284 1181 2319 et
1208 2276 1427 2335 judicium

42 2362 63 2385 »
99 2343 302 2388 omnibus
329 2343 535 2403 injuriam
554 2342 881 2402 accipientibus.
910 2361 930 2384 >›
962 2343 1030 2388 Sic
1050 2345 1097 2388 in
1119 2354 1162 2389 te
1189 2345 1320 2393 faciet
1341 2350 1427 2394 mi-

40 2413 344 2469 sericordiam,
384 2412 417 2456 si
448 2413 649 2457 misertus
682 2412 814 2457 fueris
846 2431 854 2457 :
880 2412 940 2458 sic
965 2414 1046 2458 eris
1077 2415 1341 2476 misericors,
1378 2429 1427 2466 ut

87 2517 98 2535 ¹
117 2511 196 2544 Psal.
218 2522 291 2551 vm,
312 2509 342 2543 3.
359 2527 401 2534 —-
423 2516 435 2534 ²
457 2509 571 2543 Matth.
592 2521 626 2552 v,
649 2520 700 2541 11.

228 2587 384 2618 cxvnr.
1241 2581 1265 2620 6
