1848 3261
452 206 694 238 ENARRATIO
725 209 772 236 m
803 205 1007 241 PsALMUM
1039 210 1110 235 cu.
1405 198 1459 237 87

75 274 274 320 tudinem
293 273 394 320 coeli
416 289 439 319 a
460 283 590 329 terra,
611 272 883 318 confirmavit
896 272 1107 316 Dominus
1120 273 1458 318 misericordiam

72 361 193 390 suam
207 360 338 405 super
355 361 449 390 nos.
467 344 562 389 Dixi
578 359 712 405 quare
729 363 738 389 2
755 346 933 401 Propter
948 342 1282 403 protectionem.
1297 343 1422 388 Unde
1438 346 1457 389 Ρ

76 435 96 459 «
131 419 356 470 Quantum
389 416 519 460 distat
539 417 691 459 Oriens
724 414 779 457 ab
802 414 1062 469 Occidente,
1088 413 1218 473 longe
1239 412 1344 458 fecit
1366 430 1457 459 esse

75 504 95 528 »
130 502 154 530 a
198 487 324 531 nobis
365 495 541 546 peccata
574 486 751 530 nostra?
771 503 790 525 »
828 486 1055 528 Noverunt
1075 484 1150 544 qui
1191 494 1457 529 sacramenta

70 557 212 601 sciunt
235 576 244 601 ε
270 566 418 601 tamen
439 556 559 617 quod
582 571 732 600 omnes
757 554 906 598 audire
927 565 1109 614 possunt
1128 554 1241 600 dico.
1268 555 1456 609 Quando

68 637 296 687 peccatum
318 627 567 681 remittitur,
599 625 806 671 occidunt
828 636 1003 685 peccata
1026 636 1100 670 tua
1117 662 1127 681 ,
1156 626 1294 671 oritur
1317 628 1452 685 gratia

68 707 144 742 tua
167 717 175 742 :
196 706 371 757 peccata
394 707 469 741 tua
486 707 692 757 tanquam
708 697 751 740 in
771 712 921 741 occasu
939 707 1061 755 sunt,
1083 698 1217 755 gratia
1235 713 1321 757 qua
1342 697 1454 742 libe-

67 768 193 822 raris,
214 768 259 811 in
275 778 375 812 ortu
398 777 475 811 est.
506 768 705 811 «Veritas
726 766 780 811 de
804 776 914 811 terra
937 776 1030 811 orta
1053 777 1116 811 est
1134 770 1163 811 ¹.
1186 786 1206 808 »
1232 767 1349 821 Quid
1371 777 1450 824 est,

69 857 90 881 «
123 839 292 882 Veritas
321 837 375 882 de
403 847 515 882 terra
538 846 631 882 orta
664 839 756 881 est?
776 857 793 878 »
824 840 932 882 Nata
958 847 1021 881 est
1048 838 1184 896 gratia
1207 847 1303 893 tua,
1334 839 1452 883 occi-

64 908 178 954 dunt
198 918 374 969 peccata
395 918 469 953 tua
485 944 495 964 ,
521 909 739 953 innovaris
761 908 954 969 quodam
971 909 1119 953 modo.
1134 909 1204 954 Ad
1221 919 1367 954 ortum
1383 919 1451 954 at-

64 980 243 1024 tendere
263 980 395 1024 debes
409 1016 420 1036 ,
440 980 494 1024 ab
517 995 671 1024 occasu
693 980 825 1024 averti
849 980 996 1024 debes.
1023 983 1229 1024 Avertere
1251 996 1274 1023 a
1295 996 1452 1039 pecca-

64 1052 116 1094 tis
142 1051 253 1106 tuis,
289 1061 540 1095 convertere
574 1050 627 1095 ad
673 1050 852 1107 gratiam
882 1049 960 1092 Dei
993 1069 1001 1092 :
1034 1049 1118 1093 illis
1152 1050 1452 1095 occidentibus

63 1121 198 1178 surgis
216 1156 228 1176 ‚
254 1130 296 1165 et
320 1121 508 1180 proficis.
534 1119 617 1163 Sed
645 1134 742 1178 pars
769 1116 870 1162 coeli
891 1134 990 1177 quae
1008 1120 1165 1177 surgit,
1200 1135 1372 1164 rursum
1405 1121 1451 1165 in

62 1204 262 1234 occasum
284 1191 330 1233 it.
356 1192 453 1234 Non
476 1187 783 1248 undecumque
809 1198 991 1247 possunt
1023 1189 1325 1234 similitudines
1348 1190 1450 1236 duci

62 1259 117 1304 ad
140 1258 381 1319 perfectum
399 1295 410 1314 ,
435 1268 615 1319 possunt
632 1258 853 1304 collineari
883 1259 986 1319 ipsae
1011 1276 1077 1304 res
1103 1260 1231 1305 rebus
1255 1260 1311 1305 ad
1342 1278 1450 1322 quas

61 1329 351 1388 adhibentur,
376 1330 484 1374 sicut
518 1329 626 1374 dixit
657 1328 712 1373 de
750 1328 893 1389 aquila
909 1365 919 1384 ,
956 1330 1066 1374 sicut
1093 1329 1146 1374 de
1168 1330 1298 1386 luna,
1323 1332 1381 1376 sic
1403 1342 1446 1376 et

60 1400 146 1445 hic.
180 1402 352 1445 Occidit
370 1417 466 1461 pars
498 1416 584 1444 una
612 1399 739 1454 coeli,
766 1400 904 1444 oritur
940 1400 1072 1445 altera
1100 1421 1108 1446 :
1130 1401 1205 1445 sed
1227 1417 1323 1461 pars
1345 1419 1445 1463 quae

60 1472 199 1516 oritur
221 1471 352 1516 modo
369 1507 379 1527 ,
414 1481 510 1531 post
540 1470 772 1515 duodecim
795 1471 921 1515 horas
945 1486 1145 1516 occasura
1164 1482 1241 1516 est.
1267 1475 1363 1518 Non
1386 1473 1446 1518 sic

59 1553 124 1588 est
147 1544 301 1602 gratia,
339 1560 436 1604 quae
454 1543 579 1588 nobis
600 1542 738 1587 oritur
767 1561 775 1586 :
801 1551 844 1586 et
866 1551 1044 1602 peccata
1066 1543 1111 1587 in
1132 1552 1346 1588 aeternum
1368 1561 1444 1590 oc-

58 1614 237 1668 cidunt,
258 1625 301 1659 et
317 1615 451 1674 gratia
473 1615 519 1658 iu
542 1623 755 1658 aeternum
777 1623 940 1658 manet.

116 1689 215 1731 XX.
251 1689 394 1740 Quare
421 1696 588 1742 autem,
628 1690 885 1739 «Quantum
908 1686 1037 1730 distat
1058 1687 1210 1730 Oriens
1238 1686 1294 1732 ab
1315 1688 1446 1733 Occi-

60 1774 81 1798 »
116 1756 248 1801 dente
263 1792 274 1808 ,
301 1756 615 1814 tantumlonge
637 1754 741 1800 fecit
763 1756 929 1800 anobis
952 1765 1127 1816 peccata
1150 1766 1296 1802 nostra
1311 1793 1322 1813 ,
1349 1776 1370 1800 »
1394 1768 1446 1803 ut

57 1826 130 1870 illa
162 1826 362 1872 occidant
382 1862 393 1883 ,
426 1837 468 1871 et
499 1827 631 1884 gratia
661 1827 856 1870 oriatur?
883 1829 1026 1880 Quare
1056 1828 1249 1886 putatis?
1285 1847 1306 1870 «
1324 1829 1444 1874 Sicut

60 1916 80 1939 »
114 1898 340 1942 miseratur
361 1907 483 1957 pater
503 1896 614 1941 filios
628 1932 638 1952 ,
664 1898 722 1941 sic
740 1897 967 1942 miseratus
982 1907 1045 1942 est
1057 1898 1267 1943 Dominus
1282 1899 1442 1944 timen-

59 1985 80 2009 »
114 1977 177 2012 tes
199 1984 299 2012 eum
316 1972 348 2011 ²².
372 1987 390 2009 >³
417 1971 514 2012 Jam
537 1968 684 2011 saeviat
713 1976 927 2027 quantum
947 1968 1064 2023 vult,
1094 1977 1216 2028 pater
1245 1979 1323 2014 est.
1357 1970 1443 2015 Sed

56 2038 290 2097 flagellavit
311 2056 410 2095 nos,
436 2049 479 2083 et
496 2039 646 2083 afflixit
663 2055 740 2083 nos
757 2074 767 2094 ,
793 2048 836 2083 et
852 2040 1056 2085 contrivit
1077 2057 1155 2085 nos
1181 2061 1189 2085 :
1210 2051 1337 2101 pater
1358 2052 1436 2087 est.

55 2108 165 2163 Fili,
191 2109 225 2152 si
246 2108 390 2169 ploras
405 2145 415 2165 ,
442 2110 523 2153 sub
547 2117 669 2169 patre
691 2108 813 2168 plora
829 2145 840 2163 ‚
870 2108 959 2153 noli
983 2126 1083 2154 cum
1113 2110 1437 2170 indignatione,

54 2179 144 2223 noli
167 2195 267 2223 cum
289 2181 429 2239 typho
464 2180 692 2239 superbiae.
729 2180 855 2232 Quod
884 2182 1063 2240 pateris,
1098 2182 1216 2226 unde
1243 2182 1437 2242 plangis,

55 2249 268 2295 medicina
297 2260 361 2294 est
378 2287 388 2305 ,
414 2266 502 2295 non
526 2266 683 2309 poena,
711 2251 932 2310 castigatio
954 2261 1038 2306 est,
1076 2268 1165 2297 non
1198 2252 1435 2299 damnatio.

54 2321 152 2366 Noli
174 2321 381 2381 repellere
404 2321 625 2381 flagellum
642 2357 652 2377 ,
678 2322 712 2366 si
734 2338 823 2367 non
840 2323 901 2368 vis
924 2323 1075 2383 repelli
1093 2325 1148 2368 ab
1170 2325 1438 2369 haereditate.

55 2391 155 2438 Noli
172 2391 395 2454 attendere
416 2408 547 2452 quam
561 2408 739 2452 poenam
760 2393 920 2439 habeas
941 2394 986 2438 in
1010 2394 1199 2454 flagello,
1224 2394 1299 2440 sed
1310 2410 1441 2456 quem

103 2505 112 2522 ¹
136 2499 214 2531 Psal.
236 2508 396 2540 xvni,12.
427 2517 466 2522 —-
484 2501 634 2541 ²Id.c11,
665 2500 712 2531 13.
