1848 3261
372 201 457 240 440
811 209 845 239 s.
879 210 1110 240 niensium
1133 211 1314 238 Erlscon

375 296 395 320 »
432 275 580 335 gloriae
601 275 949 321 crucifixissent&
978 295 998 317 »
1027 275 1106 320 Ille
1130 283 1275 319 autem
1302 274 1535 334 respondet
1559 277 1756 323 Verbum

373 347 752 407 exprobrantibus,
787 363 916 407 super
937 362 1067 407 quem
1086 346 1204 390 venit
1232 346 1518 390 misericordia
1536 347 1611 391 Dei
1633 367 1642 392 :
1669 349 1754 394 hoc

371 427 450 473 est,
476 417 616 477 ipsum
634 417 820 461 salutare
833 419 923 477 ejus
940 418 1060 461 venit
1072 425 1120 461 ut
1135 424 1349 476 protegat,
1368 432 1458 461 non
1474 427 1525 462 ut
1541 428 1751 464 conterat.

371 492 483 534 Nam
505 504 634 547 super
651 486 862 548 quosdam
884 486 1171 531 conterendos
1191 496 1400 530 venturus
1421 495 1485 531 est
1503 522 1514 542 ,
1539 489 1616 547 qui
1637 505 1756 534 nunc

369 561 415 605 in
437 551 547 603 „eum
566 594 577 613 ,
617 557 721 601 dum
758 567 968 616 spernunt
1004 559 1095 618 ejus
1128 557 1418 602 humilitatem
1435 593 1446 612 ,
1491 558 1757 604 offendendo

371 638 642 692 quassantur.
672 628 740 672 Sic
771 628 888 671 enim
909 626 1015 671 dicit
1039 629 1085 670 in
1105 627 1341 686 Evangelio
1368 647 1377 672 :
1408 647 1428 668 α
1451 629 1536 681 Qui
1556 628 1760 674 ceciderit

372 719 393 742 >›
430 714 557 758 super
574 696 764 757 lapidem
785 698 931 753 istum,
957 697 1338 757 conquassabitur,
1366 713 1495 757 super
1511 714 1641 758 quem
1656 714 1759 744 vero

377 790 397 812 >›
434 768 639 814 ceciderit
655 803 666 823 ,
687 777 881 813 conteret
896 783 996 812 eum
1010 772 1042 811 ².
1072 786 1091 808 »
1110 768 1195 821 Qui
1217 783 1317 826 ergo
1337 768 1460 813 nobis
1482 770 1761 828 exprobrant,

371 841 627 894 offendunt,
653 849 697 884 et
723 839 886 884 cadunt
917 840 963 883 in
985 855 1099 884 eum.
1133 842 1219 885 Nos
1241 849 1384 883 autem
1408 855 1464 884 ne
1486 840 1759 885 offendamus

369 922 412 958 et
428 910 634 956 cadamus
650 946 660 966 ,
689 911 923 970 opprobria
945 926 1097 956 eorum
1119 925 1174 954 ne
1191 910 1418 954 timeamus
1439 946 1450 965 ,
1487 910 1558 954 sed
1579 927 1760 970 respon-

373 983 550 1028 deamus
569 981 627 1026 eis
649 982 848 1025 verbum.
886 1001 906 1023 «
933 984 1027 1026 Hoc
1052 991 1116 1026 cst
1135 982 1320 1026 verbum
1339 981 1441 1024 fidei
1463 980 1583 1041 quod
1604 981 1763 1041 praedi-

376 1074 394 1095 »
430 1068 593 1097 camus.
615 1052 726 1104 Quia
748 1051 779 1095 si
799 1050 1046 1106 credideris,
1060 1051 1219 1111 inquit,
1242 1052 1287 1095 in
1305 1050 1435 1095 corde
1456 1060 1533 1096 tuo
1556 1052 1657 1111 quia
1675 1055 1764 1097 Do-

376 1142 398 1165 »
433 1123 576 1167 minus
589 1131 652 1165 est
669 1124 809 1172 Jesus,
824 1131 866 1165 et
888 1121 1108 1166 confessus
1131 1120 1261 1165 fueris
1282 1122 1328 1164 in
1350 1137 1423 1165 ore
1436 1131 1513 1165 tuo
1535 1122 1637 1181 quia
1652 1125 1763 1166 Deus

374 1212 395 1235 »
431 1192 555 1241 illum
574 1192 831 1236 suscitavita
845 1192 1047 1245 mortuis,
1068 1191 1208 1235 salvus
1224 1192 1319 1235 eris.
1340 1192 1482 1236 Corde
1500 1192 1614 1235 enim
1629 1191 1765 1236 credi-

377 1283 397 1306 »
438 1273 507 1307 tur
530 1262 584 1306 ad
600 1263 811 1322 justitiam
829 1298 839 1317 ,
865 1279 938 1307 ore
961 1272 1104 1306 autem
1120 1260 1331 1306 confessio
1349 1263 1398 1305 fit
1420 1262 1464 1304 in
1486 1261 1710 1306 salutem3.
1739 1281 1761 1305 n

375 1337 535 1378 Parum
552 1342 615 1376 est
630 1348 731 1391 ergo
750 1333 795 1376 in
813 1332 943 1377 corde
964 1332 1123 1376 habere
1144 1332 1364 1376 Christum
1380 1367 1390 1386 ,
1416 1340 1460 1375 et
1491 1332 1608 1376 nolle
1625 1334 1765 1376 confi·-

373 1404 455 1448 teri
488 1403 594 1446 dum
629 1403 807 1446 timetur
839 1402 1149 1462 opprobrium3
1180 1401 1255 1445 sed
1281 1401 1640 1460 exprobrantibus
1674 1418 1766 1447 res-

373 1472 661 1534 pondendum
682 1482 745 1516 est
763 1473 973 1517 Verbum.
992 1475 1049 1516 Ut
1070 1481 1215 1516 autem
1239 1472 1322 1515 hoc
1344 1475 1557 1529 Martyres
1575 1483 1762 1532 possent,

375 1544 636 1605 promissum
657 1552 720 1586 est
742 1544 799 1586 eis
818 1578 828 1597 ,
870 1553 913 1586 ct
932 1542 1124 1587 dictum:
1156 1561 1175 1583 «
1205 1544 1303 1586 Non
1335 1542 1450 1585 enim
1471 1558 1547 1587 vos
1569 1544 1668 1587 estis
1689 1544 1767 1603 qui

382 1634 402 1657 »
436 1613 690 1674 loquimini,
713 1613 788 1657 sed
805 1613 987 1672 Spiritus
1006 1613 1142 1657 Patris
1163 1613 1293 1656 vestri
1315 1613 1391 1672 qui
1411 1613 1606 1672 loquitur
1620 1615 1665 1658 in
1686 1630 1766 1660 vo-

381 1704 401 1727 »
438 1685 572 1729 bis4.»
601 1683 706 1728 Ideo
730 1693 773 1727 et
794 1684 872 1727 iste
895 1697 995 1726 cum
1015 1682 1190 1726 dixisset
1215 1702 1224 1726 2
1254 1701 1273 1723 «
1298 1684 1589 1741 Respondebo
1611 1700 1767 1744 expro-

379 1774 399 1797 >›
435 1754 663 1798 brantibus
691 1753 798 1796 mihi
825 1753 1008 1796 verbum
1032 1773 1044 1808 3
1072 1771 1091 1792 »
1117 1752 1327 1796 continuo
1352 1753 1572 1812 sequitur,
1603 1773 1622 1795 «
1643 1757 1766 1807 Quo-

380 1843 400 1866 »
436 1825 553 1868 niam
597 1823 762 1882 speravi
796 1823 844 1866 in
873 1821 1018 1866 verbis
1054 1822 1140 1866 tuis
1165 1840 1175 1865 :
1213 1839 1234 1861 »
1269 1821 1392 1880 quod
1423 1831 1488 1866 est
1518 1823 1671 1883 utique
1685 1860 1696 1880 ,
1721 1825 1767 1870 in

376 1895 593 1956 promissis
615 1895 715 1938 tuis.
1740 1910 1743 1912 ·

436 1969 515 2011 III.
554 1965 637 2010 Sed
669 1965 876 2025 quoniam
907 1963 1085 2024 plurimi
1117 1963 1313 2023 quamvis
1343 1962 1398 2007 ad
1424 1964 1567 2023 ipsum
1584 1980 1764 2025 corpus,

325 2053 329 2059 ’
380 2038 502 2097 cujus
523 2037 618 2080 haec
640 2035 771 2079 verba
794 2044 911 2090 sunt,
937 2035 1204 2094 pertinentes
1221 2069 1232 2089 ,
1259 2035 1377 2092 gravi
1400 2035 1594 2093 pondere
1620 2050 1767 2094 perse-

381 2108 565 2152 cutionis
588 2116 771 2165 urgente
789 2122 878 2150 non
889 2106 1123 2150 valuerunt
1136 2105 1348 2149 sustinere
1366 2105 1763 2164 exprobrationem,

384 2187 427 2222 et
450 2178 672 2223 Christum
696 2175 941 2220 deficiendo
963 2183 1257 2234 negaverunt,
1288 2174 1385 2219 idco
1414 2176 1635 2235 sequitur:
1671 2196 1689 2218 «
1715 2181 1772 2222 Et

382 2267 402 2290 >›
440 2263 494 2291 nc
517 2246 685 2291 auferas
708 2245 761 2290 de
782 2262 855 2290 ore
874 2262 971 2289 meo
987 2245 1169 2289 verbum
1188 2245 1380 2289 veritatis
1398 2262 1536 2306 usque
1550 2245 1676 2290 valde
1693 2250 1723 2290 ⁵.
1742 2266 1762 2288 »

376 2321 440 2363 Ex
459 2333 531 2361 ore
549 2332 626 2360 suo
644 2317 807 2376 quippe
831 2315 955 2369 dicit,
977 2317 1078 2376 quia
1099 2316 1239 2358 unitas
1258 2317 1449 2375 corporis
1476 2316 1695 2376 loquitur,
1721 2318 1766 2361 in

373 2389 496 2447 cujus
515 2387 718 2430 membris
751 2386 877 2429 etiam
915 2386 978 2429 illi
1006 2386 1297 2445 deputantur,
1330 2386 1405 2446 qui
1428 2385 1685 2431 defecerunt
1707 2387 1762 2431 ad

438 2490 446 2506 ¹
472 2495 484 2516 1
505 2486 578 2516 Cor.
604 2483 639 2525 1i,
658 2485 688 2516 8.
720 2501 762 2506 —
781 2490 794 2506 ²
819 2486 897 2516 Luc.
919 2494 978 2524 xx,
1002 2484 1051 2515 18.
1073 2498 1115 2506 --
1136 2480 1148 2506 ἱ
1168 2485 1257 2514 Rom.
1282 2494 1314 2522 x,
1333 2482 1421 2515 8-10.
1439 2500 1479 2506 -
1498 2482 1639 2516 4Manh.
1660 2495 1692 2526 x,
1710 2492 1763 2516 20.

377 2556 418 2563 —
437 2537 451 2563 ⁵
469 2540 549 2573 Psal.
569 2540 741 2584 cxv1n,43.
