1848 3261
362 215 445 254 320
791 221 826 251 S.
861 221 1092 253 Auens‘nm
1123 224 1306 252 EPISCOPI

356 287 470 333 tolus
492 284 623 340 dicit,
651 303 672 327 «
696 286 925 347 Templum
943 289 1058 332 enim
1078 288 1157 332 Dei
1177 296 1375 332 sanctum
1397 296 1474 343 est,
1500 288 1619 348 quod
1639 290 1737 334 estis

359 378 378 400 »
413 373 489 403 vos
503 359 533 402 ¹.
563 375 584 398 »
601 357 804 418 Quisquis
824 358 955 416 igitur
972 375 1015 403 se
1031 358 1086 403 ad
1100 374 1208 419 opus
1220 360 1294 419 huj
1303 375 1350 403 us
1369 358 1734 415 coaedificationis,

355 438 399 473 et
419 427 474 471 ad
496 442 616 487 spem
646 437 804 472 sanctae
825 429 1048 488 firmaeque
1080 429 1365 488 compaginis,
1400 439 1605 490 tanquam
1627 429 1738 489 lapi-

355 498 455 542 dem
476 499 624 542 vivum
644 498 698 541 ab
720 499 848 557 hujus
866 499 1017 542 mundi
1032 499 1205 544 ruinosa
1221 498 1320 542 labe
1337 500 1550 543 convertit
1572 519 1580 544 :
1604 499 1738 543 intel-

351 569 448 628 ligit
483 568 662 612 titulum
699 567 882 623 Psalmi,
923 568 1126 626 intelligit
1159 568 1485 613 conversionem
1521 570 1667 627 Aggaei
1696 578 1739 614 et

355 641 585 684 Zachariae.
621 641 778 684 Cantet
799 655 901 697 ergo
931 656 1030 699 quae
1051 649 1295 700 sequuntur
1309 675 1320 695 ‚
1355 656 1445 684 non
1466 649 1556 684 tam
1577 640 1738 698 linguae

352 727 458 756 voce
475 745 486 765 ‚
512 725 643 770 quam
667 711 781 754 vitae.
798 711 892 754 Erit
914 711 1028 755 enim
1048 710 1219 755 aedificii
1246 710 1477 771 perfectio,
1502 711 1739 756 ineffabilis

354 798 438 841 pax
464 780 538 825 illa
556 782 776 840 sapientiae
795 817 805 837 ,
830 784 953 842 cujus
979 783 1197 826 «Initium
1228 791 1291 826 est
1312 782 1440 827 timor
1461 782 1685 841 Domini23
1711 800 1733 824 »

352 852 455 896 inde
469 867 572 910 ergo
592 852 793 912 incipiat,
818 868 949 913 quem
967 852 1206 897 coaedificat
1223 852 1301 896 ista
1314 853 1555 897 conversio.

411 925 469 966 ΙΙ.
501 942 520 964 «
546 926 700 967 Beatus
730 924 845 967 enim
867 925 932 968 vir
954 925 1030 984 qui
1057 924 1179 967 timet
1203 923 1438 968 Dominum
1459 958 1469 978 ,
1494 923 1540 966 in
1559 923 1739 968 manda-

354 1012 374 1035 ))
410 993 464 1037 tis
488 993 577 1053 ejus
598 993 716 1037 volet
730 993 856 1037 nimis
869 996 900 1037 3‘.
931 1012 951 1035 »
982 993 1150 1037 Viderit
1168 997 1303 1048 Deus,
1324 993 1400 1053 qui
1420 993 1535 1037 solus
1558 1003 1601 1037 et
1621 1010 1740 1038 vera-

353 1064 458 1108 citer
491 1073 533 1107 et
556 1064 886 1108 misericorditer
907 1064 1096 1124 judicat,
1133 1073 1347 1123 quantum
1371 1064 1450 1107 iste
1473 1064 1670 1123 proficiat
1692 1064 1740 1108 in

352 1134 566 1179 mandatis
584 1135 673 1194 ejus
700 1153 709 1179 :
734 1153 752 1174 «
779 1135 994 1187 Quoniam
1013 1135 1197 1177 tentatio
1220 1143 1282 1177 est
1296 1134 1383 1177 vita
1395 1135 1587 1178 humana
1609 1149 1738 1194 super

355 1224 375 1247 »
401 1206 626 1249 terram4.»
644 1205 753 1248 sicut
766 1214 938 1249 sanctus
952 1207 976 1248 J
980 1205 1036 1248 ob
1050 1203 1168 1248 dicit.
1185 1207 1241 1247 Et
1255 1204 1412 1248 iterum
1430 1206 1639 1264 scriptum
1654 1214 1734 1261 est,

356 1295 377 1318 «
394 1276 612 1329 Quoniam
628 1291 784 1334 corpus
797 1275 918 1335 quod
934 1275 1243 1334 corrumpitur,
1257 1284 1459 1333 aggravat
1473 1276 1676 1330 animam,
1694 1284 1738 1319 et

354 1365 374 1389 >›
393 1344 596 1406 deprimit
614 1355 783 1390 terrena
805 1346 1063 1390 inhabitatio
1075 1361 1248 1389 sensum
1265 1345 1402 1390 multa
1417 1346 1681 1404 cogitantem
1698 1348 1729 1390 ⁵.

355 1436 373 1457 »
410 1416 491 1468 Qui
513 1425 658 1459 autem
680 1414 888 1476 dijudicat
915 1431 992 1459 nos
1007 1450 1017 1469 ‚
1042 1415 1250 1459 Dominus
1273 1424 1336 1458 est
1360 1434 1369 1458 :
1394 1430 1473 1458 nec
1502 1424 1600 1459 ante
1623 1425 1734 1459 tem-

351 1504 371 1527 »
407 1501 488 1545 pus
499 1485 695 1545 judicare
718 1486 950 1540 debemus,
976 1485 1115 1530 donec
1142 1485 1286 1530 veniat
1310 1486 1518 1529 Dominus
1534 1521 1545 1541 ,
1568 1495 1612 1529 et
1631 1485 1735 1530 illu-

350 1576 371 1600 »
404 1559 542 1601 minet
554 1557 805 1602 abscondita
819 1558 1096 1602 tenebrarum
1113 1593 1123 1612 ,
1141 1568 1184 1602 et
1196 1556 1488 1602 manifestabit
1506 1558 1734 1615 cogitatio-

352 1647 372 1670 »
407 1644 482 1672 nes
500 1628 664 1683 cordis3
690 1638 733 1672 et
754 1628 964 1673 tunclaus
987 1629 1068 1672 erit
1085 1629 1320 1688 unicuique
1335 1645 1357 1673 a
1373 1632 1503 1673 Deofi.
1527 1647 1548 1670 )›
1566 1628 1734 1673 Viderit

349 1715 449 1758 ergo
478 1700 552 1743 ille
591 1710 807 1760 quantum
838 1700 1023 1759 quisque
1058 1699 1254 1759 proficiat
1286 1700 1332 1742 in
1356 1699 1571 1743 mandatis
1603 1701 1693 1760 ejus
1719 1719 1729 1744 ε

349 1779 495 1814 tamen
509 1770 626 1814 volet
650 1769 776 1813 nimis
795 1770 872 1830 qui
884 1785 1035 1829 pacem
1058 1769 1172 1813 illius
1194 1770 1543 1814 coaedificationis
1559 1769 1734 1814 adama-

348 1842 457 1885 verit
476 1861 487 1898 3
509 1856 588 1884 nec
601 1841 691 1900 jam
719 1839 944 1900 desperare
978 1839 1134 1892 debet,
1159 1840 1366 1900 quoniam
1398 1859 1419 1882 «
1445 1844 1495 1884 In
1518 1840 1731 1885 mandatis

351 1930 372 1953 »
407 1913 498 1971 ejus
519 1911 637 1955 volet
659 1911 807 1966 nimis,
836 1929 857 1952 »
883 1921 941 1967 et,
970 1929 990 1954 (ι
1016 1914 1102 1954 Pax
1119 1911 1164 1954 in
1192 1920 1304 1955 terra
1332 1911 1584 1955 hominibus
1601 1912 1730 1956 bonae

351 2000 372 2024 »
406 1982 643 2026 voluntatis
658 1984 688 2025 ⁷.
709 2000 728 2023 »

408 2056 490 2098 III.
517 2053 624 2097 Inde
639 2089 649 2108 ,
679 2072 699 2095 «
721 2056 875 2097 Potens
897 2053 943 2097 in
960 2063 1072 2098 terra
1094 2054 1174 2098 erit
1195 2068 1341 2097 semen
1367 2055 1504 2114 ejusS.
1534 2072 1554 2095 »
1577 2056 1730 2099 Semen

349 2126 509 2170 suturae
532 2124 676 2168 messis
697 2159 708 2180 ‚
741 2140 869 2184 opera
893 2140 981 2168 esse
1003 2122 1328 2176 misericordiae,
1357 2123 1589 2182 Apostolus
1611 2125 1730 2168 testis

350 2205 413 2240 est
431 2231 441 2250 ,
462 2195 538 2255 qui
560 2194 686 2250 dicit,
713 2213 734 2236 «
758 2198 927 2238 Bonum
951 2204 1093 2238 autem
1113 2194 1317 2239 facientes
1339 2210 1429 2238 non
1451 2194 1725 2250 deficiamus,

349 2284 370 2307 »
404 2276 599 2325 tempore
621 2265 736 2309 enim
759 2265 932 2324 proprio
961 2274 1171 2309 metemus
1189 2266 1220 2308 9.
1244 2282 1265 2305 ³)
1290 2267 1347 2309 Et
1364 2264 1520 2308 iterum
1539 2299 1550 2319 ‚
1590 2283 1608 2305 «
1636 2268 1729 2309 Hoc

349 2354 370 2378 )›
406 2345 550 2380 autem
571 2371 582 2391 ‚
606 2334 773 2395 inquit,
798 2335 875 2395 qui
896 2351 1022 2395 parce
1043 2335 1247 2391 seminat,
1268 2349 1395 2394 parce
1416 2343 1458 2378 et
1480 2337 1673 2379 metet10.
1703 2352 1724 2376 υ

395 2456 404 2472 ¹
433 2461 445 2481 1
468 2452 540 2482 Cor.
569 2461 615 2491 111,
638 2461 690 2493 17·
709 2465 750 2472 —-
776 2455 788 2472 2
808 2451 900 2481 Prov.
920 2460 942 2491 i,
969 2460 1000 2491 7.
1025 2465 1067 2472 —-
1094 2447 1107 2472 3
1134 2447 1214 2481 psal.
1235 2459 1301 2487 cn,
1324 2459 1354 2480 1.
1374 2446 1448 2473 ——4
1465 2448 1616 2489 Job.v11,
1636 2459 1664 2480 1.
1685 2465 1727 2471 —

347 2504 361 2527 5
379 2507 450 2547 Sap.
471 2518 521 2547 ix,
546 2505 595 2538 15.
611 2521 653 2529 —-
678 2504 694 2528 6
716 2517 727 2537 1
750 2507 823 2538 Cor.
840 2516 884 2545 iv,
904 2505 937 2547 4,
954 2506 984 2538 5.
1006 2522 1048 2528 -
1069 2513 1082 2539 7
1101 2507 1179 2537 Luc.
1200 2515 1245 2546 ιι,
1273 2502 1324 2545 14.
1345 2520 1383 2527 -
1403 2503 1420 2527 8
1443 2504 1522 2537 Psal.
1544 2515 1608 2545 cxi,
1633 2513 1665 2537 2.
1684 2521 1726 2528 --·

347 2568 362 2592 9
377 2561 443 2593 Gal.
467 2572 514 2603 vr,
529 2573 562 2603 9.
578 2579 619 2585 -—
640 2568 671 2584 ¹0
688 2570 707 2593 2
725 2561 906 2602 Cor.11‚6.
