1848 3261
393 249 478 288 202
821 260 854 289 s.
891 260 1120 289 Aucuswm
1153 261 1334 288 muscom

394 323 480 370 Sed
500 339 556 369 ne
570 322 683 370 forte
703 326 965 372 mendositas
986 335 1164 386 propter
1185 341 1356 370 sensum
1375 324 1611 372 faciliorem
1633 325 1776 371 abun-

391 395 559 440 daverit
580 415 589 440 :
610 397 718 457 quid
735 398 851 441 enim
870 396 1037 442 facilius
1057 395 1312 456 intelligitur
1333 413 1463 457 quam
1481 397 1527 441 id
1547 396 1668 457 quod
1688 397 1778 442 dic-

391 474 485 510 tum
512 475 577 510 est
602 486 611 512 ε
640 486 660 509 «
691 470 748 511 Et
777 467 1143 511 exacerbaverunt
1174 482 1392 513 sermones
1426 462 1539 528 ejus,
1572 486 1593 508 »
1624 467 1777 528 utique

390 538 721 581 contumacibus
749 537 1168 582 contradictionibus
1197 538 1316 582 suis?
1349 538 1494 581 conati
1525 553 1675 582 sumus
1707 553 1777 582 se-

390 608 585 652 cundum
602 607 791 668 aliquam
810 617 972 652 rectam
990 609 1245 653 sententiam
1260 609 1390 652 etiam
1407 607 1518 652 illud
1539 624 1774 668 exponere:

391 688 435 723 et
455 679 538 723 hoc
561 679 732 722 interim
755 679 969 734 occurrit,
1009 698 1026 719 «
1052 682 1150 724 Non
1171 680 1539 724 exacerbaverunt
1560 695 1778 724 sermones

394 768 415 792 >›
451 752 540 810 ejus
555 785 566 805 ,
594 768 615 792 »
646 749 690 793 id
708 759 793 805 est,
819 750 864 794 in
886 753 1037 808 Moyse
1059 759 1103 794 et
1123 753 1268 795 Aaron
1287 769 1296 795 ε
1322 750 1425 811 quia
1450 766 1522 795 eos
1544 751 1673 795 etiam
1694 750 1779 795 du-

388 821 577 864 rissimos
594 820 900 879 patientissime
918 820 1207 880 pertulerunt,
1230 820 1369 866 donec
1387 822 1531 865 omnia
1548 837 1647 881 quae
1664 824 1778 867 Deus

390 891 436 935 in
456 891 517 935 eis
542 890 681 934 facere
703 890 973 950 disposuerat
989 927 1001 947 ,
1027 907 1077 935 ex
1099 890 1252 935 ordine
1271 890 1609 952 complerentur.

449 963 572 1006 XXI.
598 980 618 1003 «
641 962 868 1006 Convertit
890 978 1022 1022 aquas
1044 977 1197 1007 eorum
1218 963 1263 1006 in
1287 962 1566 1020 sanguinem,
1596 971 1640 1006 et
1661 962 1778 1007 occi-

392 1048 415 1074 »
451 1032 514 1076 dit
537 1032 673 1091 pisces
704 1047 870 1076 eorum.
895 1031 1024 1076 Dedit
1041 1043 1199 1077 terram
1227 1048 1377 1077 eorum
1401 1048 1524 1077 ranas
1539 1067 1550 1088 ,
1575 1033 1621 1077 in
1642 1048 1779 1092 pene-

392 1121 413 1145 »
448 1102 631 1147 tralibus
653 1118 803 1161 regum
825 1103 1019 1162 ipsorum
1035 1105 1064 1145 ¹.
1088 1122 1108 1144 »
1137 1106 1363 1163 Tanquam
1384 1103 1546 1148 diceret
1567 1123 1576 1148 z
1603 1107 1780 1148 Terram

389 1189 542 1219 eorum
560 1174 775 1219 convertit
791 1176 834 1216 in
850 1189 988 1217 ranas.
1007 1176 1142 1217 Tanta
1159 1174 1273 1217 enim
1291 1190 1492 1218 ranarum
1511 1174 1653 1219 fuerat
1666 1174 1780 1219 mul-

391 1244 557 1299 titudo,
578 1253 628 1288 ut
650 1244 733 1288 hoc
755 1259 831 1303 per
860 1251 1029 1298 ὺπερὲώκλτ
1060 1244 1366 1288 convenienter
1384 1245 1616 1289 diceretur.

445 1318 591 1360 XXII.
622 1335 640 1357 «
666 1315 807 1367 Dixit,
840 1324 883 1359 et
911 1316 1030 1359 venit
1057 1316 1289 1373 cynomyia
1307 1325 1350 1359 et
1371 1316 1586 1375 sciniphes
1609 1317 1650 1359 in
1679 1332 1776 1360 om-

392 1406 412 1430 »
448 1387 576 1431 nibus
596 1386 756 1430 finibus
783 1390 976 1431 eorum2.
994 1404 1014 1428 »
1038 1387 1081 1431 Si
1103 1387 1315 1446 quaeritur
1337 1386 1515 1447 quando
1538 1387 1708 1442 dixerit,
1732 1388 1778 1432 in

359 1514 365 1520 .
387 1458 523 1503 verbo
545 1458 637 1517 ejus
654 1467 746 1501 erat
767 1467 1001 1518 antequam
1019 1457 1140 1501 fieret
1159 1478 1169 1514 3
1194 1466 1237 1501 et
1256 1458 1349 1502 sine
1369 1466 1564 1516 tempore
1586 1457 1646 1501 ibi
1661 1466 1774 1513 erat,

389 1544 479 1588 quo
513 1537 710 1587 tempore
741 1529 894 1576 fieret:
925 1543 1179 1588 quanquam
1207 1536 1251 1571 et
1278 1543 1354 1586 per
1391 1527 1606 1586 Angelos,
1637 1536 1680 1572 et
1701 1543 1779 1587 per

390 1614 535 1644 servos
555 1614 654 1643 suos
685 1601 868 1655 Moysen
890 1607 933 1641 et
955 1601 1121 1653 Aaron,
1147 1597 1275 1641 etiam
1299 1607 1405 1643 tunc
1427 1597 1618 1659 quodam
1645 1598 1778 1643 modo

389 1670 497 1716 dixit
515 1680 566 1715 ut
582 1671 705 1715 fieret
721 1706 732 1726 ,
757 1671 935 1730 quando
953 1668 1096 1714 fuerat
1116 1668 1381 1714 faciendum.

448 1744 618 1786 XXIII.
648 1761 668 1784 «
693 1741 842 1786 Posuit
863 1740 1031 1800 pluvias
1059 1756 1210 1785 eorum
1234 1740 1535 1799 grandinemss.
1566 1758 1587 1782 »
1623 1740 1779 1786 Similis

391 1813 556 1858 locutio
583 1821 647 1856 est
681 1810 769 1867 illi,
800 1811 877 1855 ubi
899 1811 960 1855 ait
984 1830 993 1856 z
1021 1830 1041 1853 «
1062 1809 1191 1856 Dedit
1212 1820 1372 1855 terram
1394 1826 1543 1855 eorum
1566 1826 1690 1856 ranas
1715 1831 1725 1856 z
1753 1830 1774 1853 »

392 1883 475 1928 nisi
497 1882 618 1944 quod
643 1883 705 1928 ibi
724 1899 814 1927 non
830 1882 984 1943 utique
1004 1881 1051 1925 in
1072 1897 1195 1926 ranas
1214 1891 1303 1926 tota
1328 1890 1440 1926 terra
1460 1897 1667 1927 conversa
1689 1891 1775 1938 est,

390 1953 539 2014 pluvia
558 1969 660 1998 vero
681 1953 728 1997 in
747 1951 1002 2011 grandinem
1019 1953 1148 1996 etiam
1169 1961 1259 1996 tota
1281 1952 1438 2012 potuit.
1459 1970 1479 1993 «
1493 1954 1643 2011 Ignem
1658 1967 1779 1997 com»

392 2043 414 2067 »
450 2025 682 2069 laurentem
699 2025 745 2068 in
766 2033 880 2068 terra
904 2025 1100 2084 ipsorum
1123 2043 1133 2068 :
1160 2041 1181 2064 »
1202 2023 1462 2068 subauditur
1479 2058 1491 2079 ,
1520 2042 1540 2065 «
1566 2023 1730 2068 Posuit.
1753 2041 1775 2065 η

447 2097 611 2140 XXIV.
636 2114 656 2137 «
677 2097 733 2139 Et
752 2096 961 2154 percussit
981 2095 1127 2139 vincas
1152 2109 1303 2138 eorum
1321 2103 1364 2137 et
1384 2092 1590 2137 ficulneas
1608 2108 1776 2149 eorum,

394 2185 414 2209 »
450 2176 494 2211 et
508 2167 710 2211 contrivit
728 2181 857 2210 omne
874 2165 1042 2224 lignum
1060 2165 1213 2209 finium
1233 2180 1385 2209 eorum
1403 2165 1463 2207 4.»
1484 2167 1578 2208 Hoc
1595 2164 1635 2208 vi
1655 2179 1778 2223 gran-

390 2236 503 2281 dinis
526 2246 569 2282 et
591 2236 848 2281 fulminibus
865 2235 1028 2280 factum
1052 2244 1115 2279 est
1130 2254 1139 2279 :
1157 2234 1275 2279 unde
1300 2244 1344 2278 et
1364 2235 1510 2293 ignem
1531 2233 1640 2278 dixit
1662 2249 1778 2279 com-

386 2309 633 2353 burentem„

447 2381 588 2424 XXV.
613 2397 632 2420 «
650 2377 782 2432 Dixit,
799 2386 842 2422 et
852 2377 972 2423 venit
986 2376 1151 2421 locusta
1165 2385 1207 2420 et
1222 2376 1430 2432 bruchus,
1446 2377 1569 2437 cujus
1582 2391 1673 2421 non
1687 2385 1779 2420 erat

393 2469 415 2493 »
450 2465 658 2494 numerus
674 2451 704 2493 ⁵.
723 2468 742 2491 »
765 2451 857 2493 Una
871 2448 996 2508 plaga
1013 2447 1267 2492 estlocustae
1289 2457 1332 2492 ct
1351 2449 1509 2492 bruchi
1531 2468 1540 2494 :
1569 2447 1778 2508 quoniam

396 2519 531 2565 altera
553 2529 616 2565 est
635 2534 812 2580 parens,
838 2519 971 2563 altera
993 2528 1057 2563 est
1077 2517 1225 2562 foetus.

450 2611 459 2628 ¹
481 2604 563 2638 Psal.
580 2615 644 2646 mv,
663 2612 720 2647 29,
740 2603 835 2638 3o.-=
852 2604 955 2637 21hid.
977 2604 1078 2637 31.—-
1095 2600 1108 2626 3
1126 2602 1207 2636 Ibid,
1232 2603 1330 2636 32.--
1350 2601 1366 2633 4
1384 2602 1466 2637 ibid.
1484 2601 1589 2637 33.-
1602 2600 1709 2636 ⁵1bid.
1723 2600 1775 2645 34.
