1848 3261
430 193 670 221 ENARRATIO
702 194 746 220 nv
779 191 981 220 PsALMUM
1013 194 1132 220 cv111.
1380 181 1464 221 259

83 264 203 300 extra
224 271 317 300 eam
340 258 561 316 proposito
583 255 812 301 commodo
831 265 1008 316 propter
1024 272 1068 300 se
1089 256 1226 315 ipsam
1248 258 1465 317 expetitur

82 325 137 369 ab
160 326 347 385 optimis,
362 327 422 370 ita
444 327 686 387 iniquitas-{1
704 326 909 386 pessimis.
925 326 1050 370 Unde
1068 336 1111 370 et
1132 327 1250 386 apud
1270 337 1465 373 auctores

79 396 354 440 saecularium
381 397 623 441 litterarum
657 397 824 441 dictum
862 406 925 441 est
951 397 1006 441 de
1028 396 1220 457 quodam
1240 399 1426 458 pessimo
1453 418 1462 444 ;

86 485 108 508 «
141 467 341 511 Gratuito
362 469 505 527 potius
525 467 663 512 malus
688 476 818 527 atque
838 467 1024 511 crudelis
1046 477 1137 512 crat
1154 470 1183 510 ¹.
1208 485 1228 508 >›

142 540 217 581 IV.
253 557 274 580 «
300 542 383 582 Pro
416 554 494 593 eo,
519 539 682 598 inquit,
713 546 761 581 ut
787 536 1015 596 diligerent
1044 552 1138 593 me,
1183 537 1469 582 detrahebant

86 626 107 649 »
142 609 293 652 mihi2.
311 628 331 650 »
358 611 435 654 Sex
455 619 555 653 sunt
577 610 622 652 in
644 609 724 652 isto
747 624 902 667 genere
924 609 1184 653 differentiae
1198 645 1209 665 ,
1231 626 1330 669 quae
1352 625 1471 654 com-

82 688 331 722 memoratae
368 679 651 723 animadverti
678 677 882 722 facillime
905 687 1118 738 possunt,
1152 679 1334 723 reddere
1356 680 1471 723 bona

85 763 164 807 pro
179 749 301 793 malis
313 784 324 804 ‚
352 765 442 793 non
458 749 638 793 reddere
655 748 767 792 mala
786 765 865 808 pro
886 748 1007 793 malis
1025 769 1036 805 ς
1059 748 1240 793 reddere
1264 750 1377 794 bona
1396 765 1474 809 pro

86 819 227 874 bonis,
246 818 428 863 reddere
448 819 558 862 mala
576 835 655 878 pro
679 818 800 863 malis
816 841 826 877 3
840 835 929 863 non
951 818 1133 863 reddere
1156 820 1271 864 bona
1293 836 1371 880 pro
1394 821 1474 864 bo-

86 889 153 933 nis
173 924 184 940 ,
210 888 391 933 reddere
413 889 525 933 mala
561 905 640 948 pro
673 889 812 933 honis.
840 892 1006 933 Horum
1029 889 1119 934 duo
1140 891 1278 950 prima
1294 927 1305 946 ,
1332 891 1475 934 bono-

87 976 183 1004 rum
205 970 308 1004 sunt
322 996 332 1015 ‚
364 970 408 1004 et
429 976 579 1004 eorum
603 959 791 1004 duorum
814 961 932 1019 prius
948 960 1126 1019 melius,
1146 970 1363 1020 postrema
1385 961 1474 1005 duo

85 1031 301 1075 malorum
321 1066 331 1086 ,
357 1041 401 1075 et
426 1047 575 1075 eorum
608 1031 819 1090 posterius
842 1030 1029 1075 deterius
1050 1053 1060 1089 3
1085 1032 1174 1076 duo
1203 1033 1345 1076 media
1362 1048 1473 1093 quo-

85 1101 186 1145 dam
205 1101 335 1146 modo
359 1101 625 1156 mediorum,
652 1101 727 1145 sed
749 1117 899 1145 eorum
927 1104 1046 1161 prius
1068 1103 1366 1163 propinquum
1390 1104 1471 1148 bo-

82 1171 163 1226 nis,
180 1171 392 1231 posterius
409 1172 705 1231 propinquum
724 1171 860 1215 malis.
878 1174 980 1216 Haee
996 1173 1040 1215 in
1062 1173 1292 1232 Scripturis
1310 1174 1467 1217 sanctis

80 1250 252 1300 oportet
275 1240 516 1285 attendere.
533 1261 552 1283 ι(
571 1241 733 1285 Reddit
752 1242 866 1286 bona
888 1258 966 1301 pro
992 1243 1111 1287 malis
1132 1243 1222 1302 ipse
1241 1244 1467 1299 Dominus,

87 1331 107 1354 »
142 1312 218 1372 qui
242 1312 453 1371 justificat
488 1311 702 1370 impium3
723 1347 734 1366 ,
759 1331 778 1352 »
801 1321 844 1355 et
871 1312 1064 1371 pendens
1095 1314 1141 1357 in
1175 1330 1303 1358 cruce
1331 1314 1439 1358 dixit
1461 1334 1470 1359 :

87 1401 105 1422 «
142 1385 284 1436 Pater,
309 1382 485 1440 ignosce
507 1381 590 1424 illis
607 1417 617 1435 ,
639 1382 740 1441 quia
763 1383 963 1426 nesciunt
981 1384 1088 1443 quid
1112 1382 1322 1428 faciunt&
1353 1387 1475 1430 »Cu-

76 1454 147 1513 jus
166 1452 347 1510 vestigia
379 1460 553 1495 secutus
575 1460 746 1494 sanctus
786 1454 1030 1511 Stephanus
1046 1488 1056 1506 ‚
1092 1454 1179 1498 fixo
1201 1470 1316 1512 genu
1335 1454 1474 1499 oravit

83 1538 163 1582 pro
183 1521 481 1581 lapidantibus
499 1557 509 1576 ,
536 1520 683 1564 dicens
707 1540 715 1565 :
747 1539 763 1561 «
792 1523 998 1577 Domine,
1021 1538 1077 1566 ne
1100 1533 1261 1568 statuas
1284 1524 1367 1568 ilh's
1389 1525 1472 1569 hoc

90 1613 108 1636 »
143 1592 396 1637 delictumf’.
422 1612 440 1633 »
466 1591 534 1635 Ad
554 1606 686 1651 qnam
708 1607 798 1635 rem
820 1601 1089 1651 praeceptum
1107 1594 1320 1653 pertinet:
1351 1613 1368 1635 «
1397 1594 1472 1639 Di-

89 1684 106 1706 »
140 1663 261 1722 lig-ite
280 1663 477 1706 inimicos
497 1672 660 1706 vestros
676 1697 686 1716 ,
710 1662 952 1706 benefacite
971 1663 1037 1707 his
1061 1664 1138 1724 qui
1160 1665 1348 1709 oderunt
1368 1681 1467 1720 vos,

89 1755 106 1776 »
142 1743 186 1777 et
200 1742 319 1778 orate
334 1748 414 1792 pro
433 1733 491 1775 eis
514 1732 589 1792 qui
612 1748 686 1776 vos
710 1742 1031 1792 persequuntur
1045 1737 1077 1777 ⁶.
1107 1756 1124 1776 »
1150 1734 1263 1779 Mala
1286 1751 1365 1794 pro
1381 1751 1468 1779 ma-

82 1804 134 1849 lis
151 1820 241 1849 non
256 1819 345 1847 esse
368 1802 588 1846 reddenda
602 1838 613 1857 ,
635 1803 796 1847 Paulus
819 1803 1037 1862 apostolus
1059 1805 1185 1850 dicit:
1206 1825 1223 1846 «
1243 1806 1362 1851 Nulli
1384 1821 1471 1850 ma-

89 1896 107 1917 »
139 1875 234 1919 lum
248 1890 327 1934 pro
349 1873 463 1917 malo
487 1872 714 1916 reddentes
729 1875 787 1916 ⁷.»
808 1876 863 1917 Et
879 1874 1098 1933 apostolus
1119 1879 1272 1919 Petrus
1293 1895 1300 1920 :
1327 1896 1344 1917 «
1370 1879 1468 1921 Non

86 1966 106 1988 ι»
140 1945 370 1989 reddentes
387 1943 551 1987 malum
572 1958 651 2002 pro
674 1942 810 1998 malo,
836 1943 904 1987 vel
927 1944 1208 1990 maledictum
1229 1962 1309 2006 pro
1330 1947 1465 1991 male-

88 2037 106 2058 »
141 2015 258 2059 dicto
273 2017 304 2058 8.
330 2035 348 2055 »
376 2014 500 2058 Unde
520 2024 562 2057 et
578 2015 623 2057 in
648 2012 822 2057 Psalmis
842 2012 1021 2073 legitur:
1038 2034 1055 2056 «
1085 2016 1128 2061 Si
1149 2016 1321 2061 reddidi
1341 2019 1469 2062 retri-

85 2106 104 2128 »
138 2085 381 2130 buentibus
402 2084 509 2127 milii
540 2083 693 2127 malaf’.
726 2105 742 2125 »
779 2090 969 2129 Duorum
1001 2095 1322 2145 postremorum
1354 2087 1466 2132 illud

80 2158 225 2201 mitius
248 2156 303 2201 ad
325 2170 483 2200 novem
503 2155 692 2214 leprosos
714 2157 924 2214 pertinet,
956 2158 1032 2217 qui
1054 2173 1155 2202 cum
1177 2158 1375 2203 mundati
1398 2175 1465 2203 es-

79 2237 176 2272 sent
211 2244 235 2271 a
266 2227 480 2281 Domino,
509 2226 662 2283 gratias
696 2242 785 2270 non
816 2231 1058 2284 egerunt¹⁰.
1101 2229 1218 2274 Illud
1238 2246 1340 2275 vero
1362 2230 1467 2274 ulti-

80 2314 203 2342 mum
225 2313 314 2358 quo
336 2296 445 2340 nihil
474 2305 536 2339 est
560 2298 679 2356 pejus
697 2331 707 2350 ,
735 2297 791 2340 ad
828 2298 905 2341 hos
927 2299 1134 2357 pertinet,
1161 2299 1215 2344 de
1237 2301 1396 2361 quibus
1417 2302 1464 2344 in

133 2420 138 2435 ¹
170 2413 295 2445 Sallust.
316 2412 357 2442 de
380 2411 462 2443 bello
494 2411 585 2442 Catil.
608 2427 637 2432 -
670 2418 680 2431 ²
703 2411 767 2441 1⁷>le
792 2421 885 2452 cvm,
905 2411 935 2450 4.
961 2429 1002 2434 —
1023 2411 1035 2434 3
1056 2415 1145 2445 Rom.
1166 2424 1220 2454 lv,
1241 2414 1272 2445 5.
1295 2413 1366 2444 -4
1387 2417 1461 2447 Luc,

83 2479 173 2510 xxiii,
188 2467 292 2509 134.—
308 2465 322 2488 ⁵
340 2469 413 2498 Act.
431 2478 482 2505 vn,
503 2466 554 2507 59.
569 2483 607 2487 -
621 2463 636 2486 6
652 2467 763 2496 Matth.
788 2477 819 2503 v,
833 2464 885 2507 44.
908 2483 943 2488 ——
963 2474 976 2499 7
997 2470 1086 2499 Rom,
1107 2481 1165 2507 χιχ,
1188 2480 1237 2509 ¹7-
1252 2488 1291 2492 -.
1311 2470 1325 2492 8
1349 2483 1358 2502 ι
1379 2475 1463 2504 peu..

83 2535 132 2564 ιιι,
150 2535 182 2565 9.
201 2529 270 2553 —9
291 2521 367 2553 Psal.
385 2532 440 2561 vn,
467 2520 496 2552 5.
517 2537 557 2542 >--
581 2527 608 2541 ¹0
624 2522 698 2552 Luc.
719 2531 796 2560 xvii,
818 2531 853 2553 12
873 2525 906 2552 et
933 2521 984 2552 18.

1188 2580 1249 2616 17.
