1848 3261
402 209 486 247 352
826 219 860 245 s.
895 215 1125 246 Auous'nm
1157 216 1338 245 13121500121

402 303 420 324 «
455 281 678 327 Benedicti
698 297 773 327 vos
791 283 998 338 Domino,
1023 283 1098 343 qui
1119 280 1222 326 fecit
1243 282 1404 327 coelum
1421 291 1464 327 et
1485 291 1659 327 terram.
1688 302 1706 325 »
1729 283 1773 328 Si

394 369 497 413 ergo
523 369 702 412 magnos
729 354 850 409 coeli,
877 353 1055 413 pusillos
1090 363 1235 397 autem
1256 362 1379 397 terrae
1404 354 1581 398 nomine
1611 354 1773 413 accipi-

393 440 490 469 mus
512 445 520 469 :
544 425 748 484 quoniam
767 424 911 483 pusilli
933 424 1163 469 crescendo
1186 423 1324 468 futuri
1344 434 1445 469 sunt
1461 425 1647 479 coelum,
1670 424 1773 469 etin

391 496 483 555 ipsa
500 510 573 554 spe
594 495 705 538 lacte
726 495 1002 550 nutriuntur,
1019 494 1078 538 sic
1091 503 1193 538 sunt
1208 492 1271 537 illi
1288 495 1435 553 magni
1447 495 1607 538 coelum
1625 504 1768 549 terrae,

390 581 488 610 cum
502 564 705 624 parvulos
724 564 938 618 nutriunt,
953 573 1003 607 ut
1017 565 1146 608 etiam
1159 562 1321 608 coelum
1338 563 1491 608 coelise
1507 579 1596 608 esse
1613 563 1774 608 intelli·

389 645 518 695 gant,
546 633 652 678 dum
683 635 876 692 cogitant
898 633 943 676 in
971 649 1056 693 qua
1088 649 1162 693 spe
1194 634 1362 693 parvuli
1384 635 1649 678 nutriantur.
1687 633 1772 678 Sed

388 715 535 750 tamen
557 706 760 766 quiajam
780 704 841 749 illi
863 720 953 749 non
971 705 1025 748 ab
1043 705 1219 749 homine
1234 740 1245 760 ‚
1271 721 1414 765 neque
1435 721 1512 765 per
1529 705 1769 761 hominem,

389 775 464 820 sed
487 791 563 834 per
584 775 725 834 ipsum
746 778 883 818 Deum
913 784 1098 834 carpunt
1130 775 1417 819 sinceritatem
1438 776 1772 835 ubertatemque

387 845 636 905 sapientiae3
661 854 920 904 acceperunt
941 843 1143 904 parvulos
1176 843 1345 889 futuros
1379 844 1557 904 quidem
1578 844 1739 888 coelum
1757 878 1768 899 ,

387 925 433 960 ul
459 914 621 959 coelum
653 914 754 958 coeli
779 930 822 959 se
853 930 942 958 esse
970 915 1129 971 sciant3
1164 913 1307 958 adhuc
1335 924 1482 958 tamen
1511 923 1670 958 terram
1701 914 1773 958 cui

389 987 564 1041 dicant,
597 1004 613 1024 (τ.
641 989 733 1043 Ego
759 985 980 1045 plantavi,
1007 983 1164 1044 Apollo
1196 986 1371 1043 rigavit,
1398 984 1474 1029 sed
1492 988 1606 1028 Deus
1630 984 1772 1028 incre-

391 1077 409 1098 »
444 1065 643 1100 mentum
661 1055 781 1100 dedit
798 1058 826 1099 ¹.
859 1076 875 1097 »
898 1055 1005 1115 Ipsis
1023 1055 1139 1098 enim
1162 1053 1258 1099 filiis
1279 1055 1508 1098 hominum
1540 1070 1649 1114 quos
1669 1053 1773 1098 fecit

387 1127 572 1181 coelum,
598 1136 756 1170 terram
774 1125 894 1169 dedit
915 1125 960 1168 in
983 1140 1069 1184 qua
1097 1134 1357 1183 operentur,
1391 1125 1467 1184 qui
1503 1125 1625 1169 novit
1645 1133 1772 1168 terrae

386 1197 613 1255 providere
634 1211 711 1254 per
734 1194 910 1239 coelum.
948 1197 1155 1238 Maneant
1184 1195 1317 1252 igitur
1341 1194 1502 1239 coelum
1523 1203 1567 1238 et
1592 1203 1705 1238 terra
1725 1194 1772 1237 in

386 1269 477 1311 Deo
499 1273 577 1310 suo
600 1266 676 1326 qui
694 1264 795 1310 fecit
812 1281 860 1309 ea
877 1300 886 1320 ‚
913 1274 956 1309 et
972 1265 1120 1309 vivant
1135 1279 1186 1307 ex
1199 1280 1250 1308 eo
1262 1299 1274 1320 ‚
1294 1265 1548 1309 confitentes
1563 1265 1602 1308 ei
1618 1274 1660 1308 et
1680 1264 1773 1328 lau-

386 1336 536 1381 dantes
559 1352 657 1381 eum
686 1356 695 1381 ε
719 1351 818 1380 nam
841 1337 876 1380 si
892 1351 941 1379 ex
963 1351 1006 1379 se
1023 1335 1158 1379 velint
1178 1336 1343 1390 vivere,
1361 1336 1604 1380 morientur
1623 1371 1634 1390 ⁷
1659 1336 1771 1380 sicut

384 1408 591 1467 scriptum
611 1416 674 1451 est
693 1442 704 1461 ‚
734 1426 750 1446 «
779 1411 816 1450 A
844 1415 1017 1450 mortuo
1040 1405 1163 1465 quasi
1195 1405 1270 1465 qui
1291 1421 1381 1449 non
1411 1405 1488 1461 sit,
1525 1406 1638 1465 perit
1661 1421 1770 1450 con-

389 1499 407 1521 »
442 1479 614 1523 fessio2.
647 1498 664 1519 »
694 1476 802 1532 Sed,
834 1497 850 1517 ‹<
877 1479 974 1522 Nou
996 1476 1157 1520 mortui
1176 1476 1422 1520 laudabunt
1452 1485 1520 1531 te,
1559 1477 1766 1532 Domine,

389 1568 406 1590 >›
442 1565 585 1608 neque
608 1564 757 1593 omnes
781 1548 857 1607 qui
885 1547 1157 1591 descendunt
1189 1547 1234 1590 in
1262 1547 1524 1591 infernum&
1555 1567 1572 1588 »
1599 1547 1769 1592 Clamat

384 1621 498 1664 enim
523 1619 605 1663 alio
626 1619 723 1663 loco
746 1628 818 1662 tua
849 1618 1069 1677 Scriptura
1087 1653 1097 1673 ,
1128 1636 1145 1658 «
1171 1620 1380 1662 Peccator
1403 1617 1510 1662 dum
1536 1619 1706 1663 venerit
1722 1619 1768 1663 in

387 1711 405 1732 »
440 1689 710 1750 profundum
723 1693 951 1743 malorum,
974 1689 1212 1733 contemnit
1227 1690 1258 1731 4.
1274 1689 1359 1733 Sed
1376 1704 1453 1733 uos
1469 1689 1545 1749 qui
1564 1689 1764 1745 vivimus,

387 1781 404 1802 >›
439 1760 738 1804 benedicimus
764 1759 999 1805 Dominum
1019 1794 1030 1815 ‚
1057 1775 1107 1803 ex
1128 1760 1211 1803 hoc
1243 1774 1361 1803 nunc
1391 1768 1434 1802 et
1456 1774 1594 1819 usque
1618 1759 1665 1803 iu
1687 1775 1767 1804 sae-

388 1851 406 1872 »
442 1831 633 1875 culum?
651 1850 669 1871 υ

431 1934 440 1950 ¹
462 1939 472 1958 1
491 1930 562 1960 Cor.
580 1938 625 1968 ιιι,
640 1927 672 1959 6.
693 1943 733 1949 -
753 1934 765 1949 ²
781 1925 875 1959 Eccii.
899 1936 979 1967 xvii,
992 1925 1046 1957 26.
1062 1941 1104 1947 —-
1123 1922 1135 1948 3
1153 1924 1232 1956 Psal.
1250 1934 1335 1967 exui,
1353 1935 1404 1966 17.
1420 1923 1491 1955 —4
1510 1927 1604 1958 Prov.
1630 1935 1719 1966 xvin,
1734 1924 1762 1957 3.

384 2000 426 2006 —
440 1981 454 2006 5
470 1983 547 2015 Psal.
566 1993 655 2023 exin,
673 1982 723 2014 18.
