1848 3261
454 213 695 244 ENARRA'no
726 216 772 244 ΙΝ
803 213 1006 243 PSALMUM
1037 217 1122 243 mx.
1368 206 1452 246 283

70 281 341 342 dulgentiam
363 278 514 325 deletis
537 281 741 326 omnibus
756 281 942 341 peccatis
966 280 1052 324 suis
1081 281 1291 340 incipiant
1310 281 1357 326 in
1377 282 1454 328 illo

68 354 213 399 vivere
249 353 392 413 juste,
427 352 503 412 qui
536 368 764 414 nunquam
789 351 893 397 vixit
928 351 1112 411 injuste,
1144 351 1258 395 hanc
1288 352 1458 398 habent

67 423 303 484 perniciem
325 422 596 481 cogitationis
618 439 706 467 suae
731 423 777 466 in
810 437 854 466 se
887 422 1024 481 ipsos,
1050 430 1099 465 ut
1137 420 1284 465 dicant
1316 425 1455 466 Deum

67 509 133 538 res
154 493 366 537 humanas
388 508 478 537 non
504 508 655 537 curare
671 527 682 548 ,
715 507 795 536 nec
816 490 919 535 inde
937 507 1060 551 posse
1088 491 1276 549 cogitare
1299 491 1456 537 mundi

65 565 197 626 hujus
220 565 428 609 artificem
448 573 579 624 atque
602 572 841 619 rectorem,
867 562 1241 623 quemadmodum
1269 562 1456 623 quisque

66 634 259 679 mortalis
280 635 326 678 in
348 644 460 679 terra
481 635 613 679 vivat.
640 638 705 679 Ita
729 650 809 679 nec
841 634 1086 694 computari
1107 650 1153 679 se
1172 634 1306 679 homo
1329 643 1456 693 putat

67 708 220 760 aDeo,
253 705 329 764 qui
355 703 496 748 factus
526 713 591 749 est
613 721 636 748 a
662 707 766 749 Deo.
803 705 949 748 Talem
976 704 1200 748 hominem
1228 704 1262 748 si
1291 703 1457 764 alloqui

64 774 298 834 possimus,
322 775 356 817 si
379 773 580 818 admittat
601 790 679 818 nos
700 774 819 833 prius
841 773 896 818 ad
917 789 1040 818 aures
1062 789 1159 818 suas
1184 809 1194 828 ,
1222 773 1381 817 deinde
1399 773 1457 818 ad.

65 860 141 890 cor
161 860 312 902 suum,
336 844 370 888 si
393 860 483 889 non
500 844 682 904 repellat
698 844 936 889 resistendo
951 853 1221 905 quaerentem
1238 860 1300 900 se,
1319 854 1363 888 et
1375 859 1456 904 pa-

64 916 198 960 tiatur
219 914 413 974 perditus
434 915 619 959 inveniri
640 931 706 973 se,
731 930 961 975 possumus
983 916 1021 959 ei
1047 915 1190 960 dicere
1208 935 1217 960 ε
1244 916 1281 960 Ο
1303 916 1453 971 homo,

64 985 288 1046 quomodo
316 995 358 1030 te
379 992 489 1030 Deus
519 984 685 1030 sactum
707 1002 798 1031 non
826 987 1131 1046 computabit,
1156 987 1235 1046 qui
1256 995 1306 1030 ut
1332 987 1456 1031 fieres

65 1065 165 1101 ante
178 1056 370 1100 curavit?
387 1058 476 1100 Cur
495 1065 538 1100 te
554 1055 600 1100 in
615 1056 767 1100 ordine
785 1071 929 1101 rerum
946 1056 1223 1101 conditarum
1238 1056 1458 1100 numerari

63 1143 154 1172 non
179 1129 337 1186 putas?
357 1126 455 1172 Noli
477 1126 653 1170 credere
685 1126 903 1172 seductori
930 1143 938 1169 :
975 1127 1119 1187 capilli
1146 1128 1210 1172 tui
1240 1127 1458 1172 numerati

63 1206 165 1242 sunt
183 1196 409 1242 Conditori
427 1198 456 1240 ¹.
483 1214 503 1237 »
532 1199 624 1241 Hoc
647 1196 838 1257 denique
861 1207 904 1242 et
921 1198 1132 1242 Dominus
1152 1198 1197 1241 in
1218 1197 1457 1255 Evangelio

63 1267 290 1327 Discipulis
314 1267 373 1311 ait
393 1301 403 1321 ,
429 1281 484 1310 ne.
508 1275 693 1310 mortem
723 1267 927 1312 timerent
945 1303 956 1322 ,
981 1284 1037 1312 ne
1060 1267 1227 1327 aliquid
1254 1283 1383 1311 suum
1410 1267 1458 1312 in

62 1347 203 1383 morte
236 1337 481 1397 periturum
511 1345 731 1396 putarent.
769 1337 839 1381 Illi
870 1338 916 1381 in
946 1347 1087 1382 morte
1123 1337 1178 1381 de
1208 1337 1351 1381 anima
1380 1354 1458 1383 sua

62 1407 456 1469 pertimescebant,
495 1406 569 1451 ille
602 1407 704 1466 ipsis
736 1407 1012 1452 securitatem
1047 1407 1177 1452 etiam
1207 1407 1262 1451 de
1291 1407 1457 1467 capillis

63 1479 211 1524 dabat.
238 1482 381 1523 Ita-ne
409 1493 511 1523 vcro
535 1477 677 1522 anima
701 1477 837 1534 perit,
866 1479 987 1537 cujus
1005 1477 1186 1537 capillus
1208 1493 1298 1522 non
1318 1478 1458 1537 perit?

63 1553 376 1595 Verumtamen
392 1583 403 1604 ,
438 1549 616 1603 fratres,
643 1548 746 1608 quia
773 1547 1028 1592 incredibile
1049 1548 1283 1593 videbatur
1312 1548 1457 1593 homi-

63 1621 194 1666 nibus
216 1620 337 1682 quod
360 1619 643 1680 promittebat
677 1622 792 1664 Deus
809 1655 819 1675 ,
846 1635 897 1663 ex
933 1620 1015 1664 hac
1038 1619 1322 1675 mortalitate,
1357 1635 1456 1665 cor-

62 1693 282 1753 ruptione,
299 1691 558 1752 abjectione,
583 1691 850 1747 infirmitate,
866 1690 1045 1751 pulvere
1065 1701 1108 1735 et
1122 1691 1266 1736 cinere
1282 1691 1456 1737 futuros

61 1763 260 1808 homines
281 1761 469 1821 aequales
489 1761 665 1819 Angelis
684 1761 761 1805 Dei
778 1782 789 1818 3
809 1777 899 1805 non
911 1761 1053 1805 solum
1074 1762 1341 1821 Scripturam
1355 1778 1457 1807 cum

61 1834 311 1879 hominibus
331 1831 456 1888 fecit,
473 1841 522 1876 ut
540 1831 768 1876 crederent
783 1853 795 1883 ς
819 1831 895 1876 sed
918 1833 1047 1877 etiam
1060 1832 1163 1876 fidei
1178 1848 1266 1877 suae
1281 1868 1291 1888 ,
1309 1833 1456 1892 posuit

61 1905 373 1959 mediatorem,
407 1919 497 1947 non
528 1901 771 1963 quemlibet
799 1903 1066 1963 principem,
1104 1912 1179 1948 aut
1212 1904 1457 1964 quemlibet

61 1973 279 2033 Angelum
299 1972 370 2018 vel
397 1971 720 2031 Archangelum
736 2008 746 2027 ,
772 1973 848 2017 sed
871 1974 1052 2018 unicum
1082 1972 1241 2018 Filium
1262 1993 1270 2018 :
1296 1983 1346 2018 ut
1368 1990 1457 2035 qua

61 2046 128 2090 via
149 2060 227 2089 nos
249 2042 541 2103 perducturus
562 2051 671 2086 esset
693 2042 749 2087 ad
771 2043 897 2087 illum
917 2044 1052 2088 finem
1080 2060 1214 2105 quem
1231 2045 1452 2104 promisit,

61 2130 139 2175 per
166 2130 266 2159 eum
288 2115 431 2173 ipsum
464 2113 626 2157 Filium
656 2129 785 2157 suum
814 2123 858 2158 et
880 2115 1128 2159 ostenderet
1155 2124 1197 2159 et
1220 2115 1450 2175 praeberet.

63 2190 222 2231 Parum
245 2186 362 2230 enim
379 2194 471 2229 erat
488 2188 598 2239 Dco,
625 2184 658 2228 si
673 2184 834 2229 Filium
849 2201 977 2229 suum
1000 2183 1164 2231 faceret
1181 2185 1454 2230 demonstra-

63 2264 203 2300 torem
220 2256 328 2313 viae3
363 2270 461 2299 eum
484 2255 626 2314 ipsum
649 2255 763 2299 viam
790 2254 917 2311 fecit,
947 2265 997 2301 ut
1016 2272 1095 2317 per
1122 2255 1247 2301 illum
1274 2256 1356 2300 ires
1382 2271 1453 2300 re-

65 2335 239 2385 gentem
261 2335 325 2381 te,
351 2325 649 2371 ambulantem
670 2341 748 2385 per
769 2341 828 2370 se.

123 2400 206 2441 III.
227 2397 426 2441 Promisit
444 2412 545 2456 ergo
569 2396 670 2456 quia
692 2398 866 2441 venturi
885 2412 1074 2442 essemus
1094 2396 1149 2442 ad
1170 2413 1291 2453 eum,
1308 2396 1353 2441 id
1370 2406 1449 2453 est,

64 2466 120 2512 ad
135 2467 255 2513 illam
274 2467 929 2514 ineffabilemimmortalitatem
947 2504 958 2526 ,
978 2478 1141 2515 etcum
1159 2468 1336 2529 Angelis
1359 2470 1452 2530 ejus

113 2559 123 2576 ¹
140 2552 254 2586 Matth.
274 2563 307 2594 x,
330 2553 381 2585 30.
