1848 3261
265 224 508 256 ENARRA'no
538 228 585 255 m
617 226 819 256 PsALMUM
849 228 1008 266 cxv111,
1043 226 1182 257 sEnMo
1213 228 1328 258 xxx1.
1393 218 1476 258 535

95 292 296 337 laeserant
316 308 449 352 regna
472 295 676 337 terrena?
696 292 922 352 Numquid
943 307 1092 338 eorum
1111 309 1185 337 rex
1200 294 1357 339 milites
1378 310 1477 340 suos

95 363 322 422 prohibuit
344 364 595 423 impendere
626 372 669 407 et
699 362 901 406 exhibere
932 378 1032 422 quae
1061 362 1278 407 debentur
1306 365 1478 423 regibus

96 436 251 478 terrae?
272 436 426 479 Nonne
449 434 503 478 de
525 435 608 479 hoc
628 433 709 477 sibi
730 432 992 477 calumniam
1014 432 1293 479 molientibus
1315 438 1339 479 J
1346 436 1478 482 udaeis

96 504 155 548 ait
176 523 185 549 ε
210 523 229 545 κ
256 503 442 548 Reddite
463 504 622 548 Caesari
643 518 741 564 quae
758 503 935 549 Caesaris
957 512 1080 558 sunt,
1105 512 1150 548 et
1169 506 1259 548 Deo
1280 520 1379 563 quae
1400 506 1480 550 Dei

100 595 118 617 »
153 576 308 619 sunt1‘?
329 593 348 615 »
374 577 528 620 Nonne
551 575 766 619 tributum
795 573 849 619 de
871 590 945 619 ore
966 573 1092 635 piscis
1112 576 1241 619 etiam
1262 574 1352 634 ipse
1379 590 1480 635 per-

94 645 257 690 solvit?
278 648 433 691 Nonne
464 660 706 705 praecursor
728 645 820 705 ejus
848 643 1058 689 militibus
1081 644 1201 702 regni
1220 645 1350 705 hujUs
1372 644 1480 706 quid

93 714 236 759 facere
258 715 470 760 deberent
497 731 577 775 pro
606 724 767 760 aeterna
791 714 930 759 salute
951 715 1248 776 quaerentibus
1272 730 1363 760 non
1385 716 1444 761 ait
1466 736 1478 762 ι

94 786 328 845 Cingulum
363 785 540 842 solvite,
577 802 696 831 arma
723 787 918 847 projicite
934 821 946 842 ‚
971 801 1116 845 regem
1137 794 1329 831 vestrum
1357 785 1482 832 dese-

93 856 200 912 rite,
237 865 288 901 ut
320 856 490 916 possitis
515 858 702 902 Domino
728 856 914 902 militare
940 875 949 902 :
982 856 1058 901 sed
1081 857 1140 902 ait
1167 875 1177 903 :
1207 875 1228 899 «
1251 857 1480 903 Neminem

96 945 117 969 »
152 927 474 982 concusseritis,
500 926 610 972 nulli
632 927 894 973 calumniam
917 925 1103 972 feceritis
1117 962 1129 984 ,
1153 927 1340 973 sufficiat
1355 927 1482 973 vobis

95 1015 117 1040 »
152 998 418 1058 stipendium
451 1008 641 1044 vestrum
659 1001 707 1044 ²?
730 1017 751 1041 »
776 1001 931 1045 Nonne
965 1014 1078 1044 unus
1114 998 1304 1044 militum
1325 999 1418 1060 ejus
1438 1007 1483 1044 et

92 1069 394 1114 dilectissimus
416 1085 559 1115 comes
582 1071 686 1130 ejus,
708 1070 1081 1116 commilitonibus
1097 1071 1207 1126 suis,
1226 1079 1270 1114 et
1287 1069 1481 1131 quodam

94 1139 227 1185 modo
247 1140 406 1185 Christi
430 1139 774 1185 Provincialibus
797 1140 906 1185 dixit
926 1159 936 1186 ;
963 1160 981 1181 «
1007 1140 1159 1185 Omnis
1182 1140 1323 1185 anima
1342 1149 1483 1200 potes-

97 1230 115 1252 »
150 1211 313 1255 tatibus
331 1210 658 1255 sublimioribus
682 1210 857 1255 subdita
878 1210 969 1254 sit?
988 1229 1007 1251 »
1033 1213 1091 1255 Et
1111 1209 1243 1270 paulo
1265 1219 1362 1270 post
1382 1211 1443 1256 ait
1467 1230 1477 1256 z

95 1299 117 1323 «
150 1280 340 1325 Reddite
363 1280 566 1325 omnibus
589 1281 753 1335 debita,
779 1281 849 1325 cui
867 1280 1082 1325 tributum
1099 1315 1111 1336 ,
1136 1280 1352 1326 tributum
1372 1301 1384 1339 3
1409 1280 1481 1326 cui

95 1370 114 1394 »
148 1351 364 1410 vectigal,
395 1351 580 1411 vectigal
601 1373 612 1409 3
638 1351 708 1396 cui
734 1352 959 1407 timorem,
979 1351 1211 1410 timorem,
1240 1351 1312 1397 cui
1338 1352 1481 1397 hono-

92 1439 114 1464 »
149 1437 239 1466 rem
257 1457 268 1477 ,
293 1423 518 1467 honorem.
546 1422 718 1468 Nemini
732 1421 973 1483 quidquam
995 1421 1212 1478 debeatis,
1237 1422 1318 1467 nisi
1339 1430 1390 1466 ut
1408 1422 1479 1467 in-

92 1511 114 1535 »
148 1493 287 1537 vicem
315 1492 542 1551 diligatisss.
574 1511 594 1535 »
628 1495 785 1538 Nonne
813 1492 1021 1553 praecepit
1042 1502 1093 1538 ut
1113 1508 1192 1554 pro
1224 1492 1325 1553 ipsis
1347 1493 1479 1538 etiam

89 1562 266 1622 regibus
284 1572 425 1607 oraret
444 1562 662 1607 Ecclesia?
680 1561 794 1617 Quid
817 1577 921 1621 ergo
943 1578 1015 1608 eos
1034 1562 1270 1608 Christiani
1286 1561 1481 1618 ostende:

89 1635 223 1678 runt?
245 1632 367 1694 quod
387 1632 584 1677 debitum
606 1648 696 1677 non
719 1631 1038 1677 reddiderunt?
1066 1632 1112 1677 in
1135 1648 1225 1694 quo
1246 1633 1479 1678 Christiani

90 1719 180 1749 non
209 1713 311 1748 sunt
343 1704 524 1747 terrenis
561 1703 734 1761 regibus
762 1703 990 1748 obsecuti?
1021 1705 1139 1762 Ergo
1165 1703 1326 1748 terreni
1357 1718 1479 1763 reges

90 1774 356 1820 Christianos
379 1774 506 1832 gratis
529 1773 742 1833 persecuti
769 1782 885 1818 sunt.
924 1772 1009 1818 Sed
1030 1773 1151 1834 quod
1173 1773 1359 1834 subjecit
1374 1809 1386 1830 ‚
1410 1783 1478 1819 at-

90 1844 221 1889 tende
249 1863 257 1889 :
287 1864 307 1886 «
331 1847 388 1888 Et
405 1860 427 1888 a
449 1843 592 1888 verbis
615 1844 700 1887 tuis
718 1841 969 1889 formidavit
989 1858 1063 1888 cor
1086 1859 1247 1888 meum.
1262 1845 1476 1890 »Habue-

90 1923 195 1959 runt
224 1913 403 1974 quidem
429 1923 472 1957 et
499 1913 561 1958 illi
590 1914 722 1958 verba
753 1914 960 1969 minacia,
990 1914 1201 1974 Expello,
1230 1916 1475 1974 proscribo,

90 1986 244 2030 occido
263 2021 273 2040 ,
290 1984 466 2044 ungulis
488 1994 673 2046 torqueo
688 2020 699 2040 ,
719 1984 894 2044 ignibus
919 1994 1064 2030 torreo
1082 2021 1094 2040 ,
1116 1986 1261 2031 bestiis
1281 1987 1474 2047 subrigo,

90 2058 286 2103 membra
317 2056 481 2102 dilanio
508 2076 516 2101 z
549 2056 624 2101 sed
656 2065 730 2101 tua
763 2072 831 2101 me
858 2057 1004 2117 potius
1033 2058 1166 2102 verba
1196 2067 1475 2119 terruerunt3

94 2147 115 2170 «
148 2127 290 2173 Nolite
314 2128 466 2172 timere
489 2142 560 2172 eos
583 2127 658 2189 qui
680 2143 836 2188 corpus
869 2127 1102 2184 occidunt,
1129 2137 1171 2173 et
1204 2137 1353 2189 postea
1386 2146 1476 2176 non

94 2216 114 2240 »
149 2198 313 2243 habent
335 2198 441 2259 quid
465 2197 650 2257 faciant3
675 2197 750 2242 sed
772 2213 872 2242 eum
895 2199 1042 2243 timete
1063 2199 1138 2261 qui
1168 2199 1302 2245 habet
1329 2211 1476 2261 potes-

94 2287 115 2310 »
153 2277 284 2313 tatem
308 2278 351 2313 et
375 2285 532 2329 corpus
554 2279 596 2313 et
618 2269 806 2314 animam
828 2268 1010 2329 perdere
1028 2270 1074 2315 in
1096 2270 1340 2330 gehennam
1353 2273 1386 2316 ⁴.
1407 2273 1476 2318 Ab

93 2358 114 2382 »
150 2340 217 2384 his
250 2340 394 2385 verbis
422 2341 508 2386 tuis
540 2339 790 2386 formidavit
811 2357 886 2386 cor
905 2356 1054 2386 meum
1079 2361 1090 2387 ε
1118 2359 1138 2383 »
1163 2351 1207 2388 et
1237 2344 1478 2404 contempsi

140 2454 150 2471 ¹
172 2447 286 2480 Mattb.
305 2459 381 2490 xxn,
400 2456 501 2480 21.--
524 2455 536 2472 ⁸
555 2450 634 2481 Luc.
658 2459 707 2486 ιιι,
731 2447 829 2489 14—-
851 2446 968 2481 ³Rom.
991 2459 1057 2489 xm,
1080 2458 1092 2481 ι
1113 2452 1148 2481 et
1171 2459 1204 2491 7,
1225 2448 1307 2482 8.-
1324 2447 1342 2480 4
1360 2448 1475 2483 nauh.

91 2515 111 2536 x
124 2528 134 2544 ,
155 2504 209 2535 28.
