1848 3261
342 171 427 212 374
780 180 815 210 s.
850 179 1080 211 Aueusrmr
1109 181 1291 210 Emscom

343 252 601 295 Sanctorum
616 248 671 292 de
689 262 763 308 spe
779 246 941 292 futura.
956 246 1082 292 Unde
1098 256 1141 291 et
1153 246 1385 307 Apostolus
1405 247 1531 294 dicit:
1551 267 1571 292 «
1587 251 1720 303 Quasi

341 338 362 362 >›
398 319 539 363 tristes
558 354 569 375 ,
594 334 763 379 sem-per
785 328 929 363 autem
960 317 1195 378 gaudentes
1213 320 1251 364 ¹:
1279 337 1300 360 »
1317 328 1359 363 et
1376 318 1558 376 iterum,
1581 339 1602 362 «
1623 323 1721 366 Non

342 409 363 433 »
398 391 540 435 solum
563 399 725 446 autem,
749 390 825 434 sed
841 390 971 434 etiam
992 389 1251 448 gloriamur,
1276 390 1443 451 inquit,
1468 392 1515 436 in
1535 391 1723 436 tribula-

340 479 362 504 »
397 461 631 506 tionibus2.
650 479 671 503 »

394 535 475 577 XI.
499 551 519 574 «
549 535 731 576 Dextera
751 530 926 575 Domini
947 529 1050 575 feeit
1069 531 1292 576 virtutem.
1313 551 1332 573 »
1353 533 1495 585 Quam
1515 532 1723 577 virtutem

336 603 473 648 dicit?
506 622 526 644 ‹<
545 606 725 647 Dextera
746 635 757 656 ,
781 601 926 660 inquit
941 637 952 657 ,
973 603 1146 646 Domini
1168 602 1373 647 exaltavit
1393 618 1463 647 me
1476 604 1508 646 3.
1527 621 1548 645 »
1565 606 1723 662 Magna

335 675 472 719 virtus
489 671 675 716 exaltare
693 671 906 715 humilem
922 707 932 727 ‚
958 671 1158 716 deificare
1181 673 1426 729 mortalem,
1452 674 1646 733 praebere
1668 673 1722 718 de

336 744 585 789 infirmitate
606 741 933 803 perfectionem,
959 741 1014 786 de
1035 743 1305 803 subjectione
1328 743 1506 803 gloriam
1522 780 1533 800 ,
1558 745 1613 788 de
1632 760 1724 804 pas-

336 816 455 861 sione
477 815 719 870 victoriam,
738 813 841 858 dare
859 814 1065 858 auxilium
1083 814 1137 858 de
1154 815 1437 859 tribulatione
1455 836 1465 873 3
1483 825 1533 860 ut
1554 816 1722 860 afflictis

335 903 437 931 vera
465 886 578 930 salus
609 886 686 930 Dei
714 894 953 945 patesceret
978 885 1270 942 affligentibus
1301 895 1446 929 autem
1467 902 1578 930 vana
1610 886 1723 930 salus

335 957 523 1002 hominis
547 965 803 1000 remaneret.
830 958 990 1014 Magna
1012 956 1104 999 haec
1132 975 1139 999 :
1166 955 1241 1000 sed
1263 955 1371 1015 quid
1391 956 1587 999 miraris?
1608 955 1724 1000 Audi

337 1027 445 1089 quid
462 1036 643 1087 repetat.
665 1029 763 1071 Non
786 1027 919 1069 homo
941 1040 984 1068 se
1006 1025 1232 1081 exaltavit,
1256 1041 1347 1070 non
1366 1026 1499 1070 homo
1521 1042 1564 1070 se
1586 1025 1727 1086 perfe-

337 1100 420 1154 eit,
448 1114 539 1143 non
560 1098 638 1141 sibi
658 1098 792 1141 homo
822 1095 1002 1154 gloriam
1032 1095 1173 1150 dedit,
1200 1111 1290 1140 non
1321 1096 1454 1140 homo
1475 1097 1605 1152 vicit,
1636 1112 1727 1142 non

336 1172 470 1216 homo
493 1170 574 1214 sibi
596 1168 724 1213 saluti
745 1166 830 1212 fuit
850 1187 859 1212 :
891 1187 910 1209 «
932 1170 1115 1211 Dextera
1138 1167 1309 1212 Domini
1329 1167 1434 1212 fecit
1454 1168 1676 1213 virtutem.
1699 1187 1720 1210 n

395 1244 500 1286 XII.
530 1259 550 1282 «
575 1242 673 1284 Non
695 1238 875 1293 moriar,
900 1237 976 1282 sed
996 1238 1136 1282 vivam
1151 1273 1161 1293 ,
1187 1247 1230 1282 et
1246 1239 1459 1283 enarrabo
1483 1255 1614 1299 opera
1636 1243 1726 1284 Do-

339 1330 361 1354 »
395 1312 544 1356 mini4.
573 1329 592 1352 »
622 1313 678 1354 At
695 1309 757 1353 illi
779 1318 963 1367 stragem
982 1307 1187 1352 funerum
1210 1310 1374 1369 ubique
1396 1309 1616 1365 facientes,
1642 1313 1728 1355 Ec-

337 1384 509 1429 clesiam
543 1382 703 1427 Christi
731 1381 842 1426 mori
873 1380 1212 1424 arbitrabantur.
1253 1383 1368 1425 Eece
1404 1396 1525 1425 nunc
1557 1391 1728 1426 enarrat

337 1469 468 1514 opera
489 1452 679 1497 Domini.
701 1452 874 1511 Ubique
896 1451 1092 1496 Christus
1115 1450 1340 1495 beatorum
1363 1454 1608 1509 Martyrum
1632 1452 1729 1511 glo-

336 1525 399 1569 ria
416 1532 493 1567 est.
520 1523 633 1567 Vicit
649 1521 899 1581 vapulando
915 1520 1118 1566 ferientes
1139 1542 1150 1580 3
1174 1520 1401 1581 patiendo,
1424 1522 1725 1582 impatientes;

337 1592 562 1654 diligendo
579 1629 590 1648 ,
613 1593 853 1637 saevientes.

395 1668 521 1709 XIII.
549 1667 714 1708 Tamen
734 1679 812 1708 cur
833 1671 954 1707 tanta
971 1661 1151 1721 indigna
1167 1662 1349 1722 pertulit
1369 1678 1526 1723 corpus
1548 1663 1724 1720 Christi,

337 1745 484 1781 sancta
520 1734 739 1790 Ecclesia,
769 1733 958 1794 populus
989 1733 1035 1776 in
1065 1733 1348 1793 adoptionem
1386 1732 1551 1777 indicet
1581 1734 1723 1778 nobis.

340 1825 362 1850 «
396 1805 646 1851 Emendans
663 1840 674 1859 ‚
710 1805 855 1865 inquit
871 1839 882 1859 ,
923 1802 1170 1847 emendavit
1197 1818 1267 1847 me
1302 1802 1512 1847 Dominus
1534 1812 1578 1847 et
1598 1804 1727 1849 morti

341 1896 361 1920 >›
397 1893 488 1922 nou
509 1876 690 1921 tradidit
716 1879 827 1920 me5.
862 1895 882 1917 >›
917 1877 1013 1921 Non
1049 1889 1149 1932 ergo
1174 1873 1416 1935 quidquam
1445 1874 1611 1919 viribus
1641 1876 1729 1919 suis

337 1948 507 1993 licuisse
524 1948 757 1992 arbitretur
779 1947 977 1991 fremitus
998 1946 1234 2005 impiorum
1260 1965 1268 1991 ε
1290 1961 1380 1990 11011
1402 1945 1584 1990 haberet
1602 1946 1729 1990 istam

339 2028 613 2079 potestatem,
639 2018 719 2062 nisi
741 2017 820 2061 sibi
838 2018 939 2061 data
961 2026 1070 2061 esset
1092 2016 1292 2076 desuper.
1314 2018 1436 2075 Saepe
1458 2014 1568 2060 filios
1588 2025 1730 2076 pater-

338 2089 522 2134 familias
545 2105 622 2149 per
638 2088 922 2148 nequissimos
943 2103 1086 2132 servos
1110 2087 1330 2131 emendari
1348 2086 1505 2146 jubet3
1530 2086 1728 2131 cumillis

339 2160 662 2214 haereditatem,
693 2158 775 2202 illis
798 2157 1027 2218 comperies
1050 2167 1278 2218 praeparet.
1312 2160 1420 2211 Quae
1442 2167 1505 2202 est
1526 2157 1605 2201 ista
1636 2158 1728 2201 hae-

342 2231 528 2275 reditas?
551 2230 658 2274 Auri
680 2232 773 2274 est?
796 2246 850 2273 an
868 2230 1062 2288 argenti?
1081 2246 1135 2273 an
1159 2230 1458 2288 gemmarum?
1480 2238 1556 2274 aut
1571 2227 1729 2273 sundo-

341 2318 438 2346 rum
453 2338 463 2357 ,
491 2317 852 2361 amoenorumque
875 2300 1169 2360 praediorum?
1200 2299 1311 2344 Vide
1339 2316 1425 2360 qua
1446 2300 1660 2355 intretur,
1685 2307 1728 2342 et

342 2386 553 2433 cognosce
577 2373 684 2433 quid
707 2373 773 2416 sit.

391 2477 397 2491 ¹
423 2479 441 2500 2
461 2472 530 2502 Cor.
551 2482 593 2501 w.
621 2482 668 2502 ιο.
690 2487 731 2491 —-
757 2476 767 2491 ²
790 2471 878 2500 nom.
909 2480 941 2500 2.
960 2469 988 2499 3*
1014 2486 1052 2490 —-
1080 2466 1092 2490 3
1120 2468 1386 2508 maten-1515.
1413 2485 1452 2490 --
1471 2465 1658 2509 4lbid.17.
1687 2483 1728 2489 ·—

343 2523 452 2557 5Ii⁴vid·
478 2527 526 2557 18.
