1848 3261
328 214 569 246 ENARRATIO
601 218 647 246 nv
679 213 881 246 PsALMtJM
911 216 1046 244 cxv111
1065 233 1077 254 ‚
1110 214 1248 244 SERMO
1280 219 1346 245 111·
1429 207 1508 247 391

138 285 277 329 titiam
298 282 401 327 fidei
423 282 729 327 commendans
744 317 755 338 ,
783 282 828 326 in
842 281 1012 326 Psalmo
1029 280 1237 339 scriptum
1261 295 1350 326 esse
1366 298 1514 329 mons-

140 355 292 408 travit,
327 372 348 396 «
366 354 485 398 Beati
503 369 689 414 quorum
710 352 895 397 remissae
918 359 1020 396 sunt
1039 350 1312 410 iniquitates,
1337 361 1380 396 et
1402 370 1515 414 quo-

125 440 162 467 ‘»
196 440 295 469 rum
315 434 428 469 tecta
449 434 550 469 sunt
570 433 747 484 peccata
771 441 781 468 ε
805 424 957 467 beatus
978 422 1058 477 vir,
1084 421 1155 466 cui
1176 436 1266 465 non
1286 422 1518 481 imputavit

141 515 161 538 »
197 495 407 540 Dominus
440 504 668 554 peccatum
687 497 718 538 1.
741 511 762 536 »
788 496 882 538 Hoc
908 501 1115 553 praestant
1135 492 1216 536 viae
1237 492 1411 536 Domini
1436 509 1444 534 :
1471 511 1520 539 ac

137 580 215 624 per
236 565 341 620 hoc,
383 565 591 625 quoniam
624 583 644 607 «
667 567 691 608 J
696 573 815 608 ustus
837 579 888 608 ex
903 564 990 607 fide
1021 562 1156 607 vivit²
1166 597 1183 618 ,
1210 580 1231 603 »
1266 561 1320 605 ab
1352 561 1431 606 ista
1452 564 1521 608 via

136 636 309 679 Domini
326 635 399 680 illa
429 635 586 679 alienat
615 636 846 695 iniquitas,
870 651 970 695 quae
992 643 1054 678 est
1081 632 1328 677 infidelitas.
1357 635 1409 677 In
1440 635 1522 679 hac

137 716 282 750 autem
304 707 389 761 via,
413 705 457 750 id
479 716 554 762 est,
580 707 626 750 in
648 706 734 750 fide
752 707 823 766 pia
843 706 1038 767 quisquis
1069 704 1264 749 ambulat
1279 740 1290 760 ,
1318 714 1393 749 aut
1414 721 1518 765 pec-

137 787 284 821 catum
306 793 396 822 non
420 787 625 837 operatur
645 812 656 833 ,
683 787 759 822 aut
777 778 811 821 si
828 776 936 838 quid
953 793 976 821 a
994 776 1195 821 deviante
1217 777 1520 833 committitur,

134 857 312 906 propter
331 847 446 891 viam
470 863 559 892 non
583 848 839 907 imputatur,
865 856 908 891 et
929 856 1137 907 tanquam
1159 862 1250 891 non
1270 846 1402 890 fuerit
1421 862 1523 907 ope—

136 926 254 960 ratus
277 916 500 976 accipitur.
527 919 585 961 Et
607 916 705 961 ideo
728 916 841 961 bene
858 917 988 961 etiam
1010 917 1068 961 sic
1084 916 1366 975 intelligitur,
1387 919 1520 962 «Non

137 1005 158 1028 »
194 987 309 1031 enim
337 988 413 1048 qui
436 996 671 1046 operantur
693 987 970 1048 iniquitatem
989 1022 999 1042 ,
1036 987 1083 1030 in
1101 986 1178 1030 viis
1199 987 1290 1046 ejus
1319 986 1520 1032 ambula-

137 1075 158 1098 »
191 1066 352 1102 verunt
374 1077 382 1102 :
410 1076 430 1098 »
456 1067 507 1102 ut
527 1058 641 1102 hanc
666 1057 942 1117 iniquitatem
964 1057 1296 1115 significaverit,
1327 1072 1427 1115 quae
1449 1073 1522 1101 re-

132 1126 250 1173 cedit
270 1143 293 1172 a
310 1127 421 1183 fide,
460 1137 534 1172 aut
563 1143 653 1172 non
675 1127 842 1172 accedit
868 1127 924 1172 ad
954 1127 1102 1171 fidem.
1138 1126 1522 1179 Quemadmodum

133 1199 250 1242 enim
272 1198 331 1241 ait
352 1198 558 1242 Dominus
579 1197 633 1242 de
654 1198 816 1242 Judaeis
831 1233 842 1253 ,
871 1216 891 1240 «
919 1198 962 1242 Si
984 1213 1074 1241 non
1094 1197 1307 1241 venissem
1325 1232 1336 1252 ,
1361 1212 1519 1257 pecca-

134 1286 155 1310 »
180 1277 273 1312 tum
287 1284 377 1312 non
393 1268 603 1312 haberent
614 1270 645 1312 3.
665 1287 684 1310 »
701 1271 789 1314 Nec
802 1269 955 1329 utique
972 1268 1062 1311 sine
1083 1266 1175 1311 ullo
1186 1276 1365 1326 peccato
1378 1278 1516 1324 erant,
1559 1324 1568 1329 ἱ

134 1348 366 1399 antequam
405 1340 601 1384 Christus
632 1340 800 1384 veniret
834 1340 1068 1394 incarne,
1101 1347 1144 1382 et
1174 1353 1225 1382 ex
1254 1354 1342 1398 quo
1371 1339 1516 1396 venit,

132 1409 537 1469 coeperunthabere
560 1419 787 1469 peccatum
811 1428 820 1455 :
842 1410 917 1453 sed
939 1417 1169 1469 peccatum
1191 1409 1414 1469 quoddam
1431 1425 1518 1454 cer-

131 1489 227 1524 tum
247 1514 257 1534 ,
284 1478 330 1522 id
352 1488 414 1523 est
432 1515 442 1535 ,
467 1480 735 1524 infidelitatis
750 1515 760 1535 ,
781 1479 966 1538 intelligi
982 1479 1122 1524 voluit
1142 1500 1152 1537 3
1192 1480 1401 1539 quoniam
1428 1496 1520 1525 non

131 1549 411 1595 crediderunt
439 1551 485 1594 in
508 1566 623 1595 eum.
650 1554 716 1595 Ita
736 1551 815 1611 qui
848 1559 1086 1609 operantur
1106 1550 1407 1610 iniquitatem,
1429 1566 1521 1596 non

132 1623 374 1682 quamlibet
391 1658 401 1678 ,
426 1622 502 1667 sed
531 1623 644 1666 hanc
666 1622 802 1681 ipsam
823 1620 1092 1665 infidelitatis
1107 1655 1118 1676 ,
1143 1636 1234 1665 non
1254 1621 1300 1665 in
1324 1621 1403 1665 viis
1425 1623 1518 1682 ejus

132 1694 466 1739 ambulaverunt
491 1713 498 1737 :
525 1694 642 1754 quia,
663 1712 683 1735 «
710 1693 929 1738 Universae
943 1693 1025 1737 viae
1038 1692 1213 1737 Domini
1230 1692 1520 1738 misericordia

133 1782 154 1806 »
191 1774 233 1809 et
243 1765 398 1809 veritas
413 1767 456 1822 43
485 1783 504 1805 n
526 1774 764 1824 utrumque
775 1773 921 1807 autem
942 1764 986 1807 in
1001 1763 1174 1808 Christo
1195 1771 1274 1817 est,
1295 1771 1338 1806 et
1360 1772 1518 1822 praeter

131 1835 351 1880 Christum
375 1849 590 1893 nusquam
610 1843 687 1877 est.
718 1853 738 1876 «
762 1834 868 1878 Dico
890 1834 1006 1877 enim
1028 1833 1249 1878 Christum
1270 1867 1281 1888 ,
1302 1833 1361 1877 ait
1377 1836 1517 1893 Apos-

133 1926 153 1948 »
181 1906 310 1961 tolus,
325 1906 571 1949 ministrum
584 1904 714 1949 fuisse
728 1905 1081 1960 circumcisionis,
1098 1913 1277 1964 propter
1287 1905 1514 1950 veritatem

131 1997 152 2020 »
187 1978 291 2032 Dei,
334 1977 389 2021 ad
421 1976 739 2021 confirmandas
776 1976 1078 2036 promissiones
1109 1979 1287 2020 Patrum
1305 1997 1316 2033 3
1355 1977 1515 2021 Gentes

130 2067 150 2090 »
188 2057 332 2092 autem
350 2063 479 2107 super
499 2046 837 2092 misericordiam
859 2045 1098 2106 glorificare
1109 2049 1250 2089 Deum
1268 2047 1298 2089 ⁵.
1320 2065 1338 2087 »
1356 2048 1410 2091 In
1428 2046 1512 2091 hoc

126 2121 259 2178 igitur
276 2119 582 2173 misericordia,
604 2119 707 2179 quia
729 2134 806 2163 nos
825 2118 1008 2162 redemit
1025 2133 1034 2159 t
1060 2118 1106 2162 in
1127 2118 1210 2162 1100
1227 2117 1396 2172 veritas,
1411 2117 1513 2177 quia

127 2189 171 2233 id
193 2189 313 2250 quod
336 2189 552 2249 promissit
582 2189 802 2249 implevit,
834 2197 878 2233 et
903 2188 1161 2248 impleturus
1185 2196 1249 2232 est
1275 2186 1395 2248 quod
1415 2202 1515 2247 pro-

128 2260 276 2304 mittit.
308 2278 325 2299 «
353 2260 434 2312 Qui
454 2275 555 2318 ergo
575 2269 811 2319 operantur
832 2259 1120 2320 iniquitatem,
1149 2277 1168 2301 »
1190 2259 1236 2303 id
1256 2267 1334 2313 est,
1358 2257 1516 2302 infide-

128 2331 293 2374 litatem
311 2365 322 2385 ,
345 2349 361 2369 «
384 2333 480 2375 Non
500 2330 544 2374 in
561 2331 640 2376 viis
657 2333 748 2391 ejus
762 2330 1095 2376 ambulaverunt
1114 2352 1125 2389 3
1147 2348 1167 2372 >›
1184 2330 1285 2391 quia
1304 2330 1350 2373 in
1364 2329 1513 2374 Chris-

129 2409 223 2445 tum
246 2416 336 2445 non
357 2401 650 2446 crediderunt.
676 2405 794 2461 Ergo
813 2411 1123 2447 convertantur
1138 2437 1149 2457 ,
1175 2409 1218 2445 et
1240 2401 1286 2445 in
1313 2414 1415 2444 eum
1436 2399 1514 2460 qui

178 2502 189 2518 ¹
208 2498 301 2529 Rom.
328 2507 373 2537 ιν,
395 2507 427 2538 7,
447 2501 479 2529 et
496 2497 575 2529 Psal.
595 2507 683 2538 xxxi,
708 2508 737 2539 1,
758 2505 790 2529 2.
810 2513 852 2520 —
872 2503 885 2520 ²
906 2499 997 2531 Rom.
1013 2509 1038 2540 1,
1060 2506 1111 2541 17.
1125 2513 1167 2520 —
1181 2493 1195 2520 ³
1213 2497 1305 2529 Joan.
1327 2505 1384 2537 xv,
1401 2502 1511 2528 22.—

129 2550 147 2582 4
164 2553 244 2585 Psal.
263 2563 346 2595 mv,
368 2564 419 2585 10.
438 2568 481 2577 —
498 2552 514 2576 5
527 2556 618 2585 Rom.
641 2564 697 2595 xv,
715 2553 791 2595 8,9.
