1848 3261
466 216 708 248 mnam-no
738 218 785 246 m
815 214 1018 247 PsALMUM
1046 218 1113 246 cv.
1374 206 1458 246 217

85 285 189 331 alibi
219 286 407 346 legitur:
437 304 457 328 «
483 285 690 330 Dominus
722 283 844 328 dabit
879 282 1157 327 suavitatem¹
1180 301 1189 328 ε
1220 302 1238 324 »
1263 298 1394 344 quam
1415 292 1459 328 et

84 357 217 418 aliqui
238 357 507 417 interpretati
533 366 635 401 sunt
664 355 927 408 bonitatem,
962 352 1096 413 aliqui
1126 353 1455 412 benignitatem.

85 427 171 472 Sed
195 427 301 487 quid
323 436 409 472 est:
431 427 593 470 «Visita
611 441 689 470 nos
707 433 757 469 ut
777 423 998 468 videamus
1019 423 1065 467 in
1085 423 1280 468 bonitate
1305 423 1461 468 electo-

86 516 107 540 »
143 514 239 542 rum
253 508 445 554 tuorum,
459 516 479 540 »
497 498 543 542 id
553 506 632 552 est,
650 498 696 541 in
712 512 761 540 ea
779 495 974 539 bonitate
986 510 1117 555 quam
1130 503 1304 554 praestas
1317 494 1461 539 electis

82 570 183 625 tuis,
198 570 280 614 nisi
298 579 347 614 ut
368 586 457 614 non
472 583 768 613 remaneamus
782 567 900 622 caeci,
917 567 1028 611 sicut
1039 565 1101 610 illi
1113 565 1272 627 quibus
1294 565 1460 610 dictum

83 649 147 684 est
168 659 178 685 :
203 660 223 682 «
239 643 365 686 Nunc
392 647 538 685 autem'
558 639 720 684 dicitis:
745 638 856 692 Quia
876 636 1099 694 videmus,
1125 645 1351 696 peccatum
1371 651 1465 681 ves-

85 727 106 752 »
142 719 260 754 trum
279 713 478 754 manet2‘?
498 730 515 752 »
537 710 747 755 Dominus
766 709 881 752 enim
901 707 1119 752 illuminat
1139 708 1319 762 caecos3,
1338 725 1357 748 »
1375 722 1464 751 non

82 781 244 825 meritis
262 796 434 835 eorum,
460 780 550 836 sed,
571 799 591 823 «
608 783 660 824 In
680 779 873 823 bonitate
896 777 1132 822 electorum
1154 793 1354 832 suorum,
1374 796 1394 819 »
1419 777 1465 821 id

83 861 170 907 est,
196 867 329 912 quam
351 851 528 895 exhibet
559 850 628 894 vel
652 850 787 895 donat
814 849 959 894 electis
986 849 1102 895 suis:
1129 850 1239 894 sicut
1255 885 1266 905 ,
1295 868 1314 892 «
1342 847 1465 894 Salus

84 940 105 964 »
139 921 288 967 vultus
309 922 415 977 mei,
444 939 465 963 n
490 937 580 966 non
599 937 622 965 a
639 936 709 965 me
732 921 846 981 ipso,
868 921 964 975 sed,
990 939 1007 961 «
1033 923 1149 964 Deus
1170 920 1332 964 meus4.
1363 938 1383 961 »
1411 922 1466 963 Et

81 1008 239 1053 panem
255 1001 451 1036 nostrum
465 991 648 1036 dicimus
660 990 981 1051 quotidianum,
993 991 1068 1035 sed
1085 1000 1228 1034 tamen
1245 990 1461 1044 addimus,

86 1083 107 1106 «
126 1067 187 1108 Da
203 1063 508 1108 nobis⁵.Visita
526 1078 628 1121 ergo
644 1078 721 1106 nos
734 1063 781 1105 in
794 1061 971 1105 salutari
984 1071 1076 1116 tuo,
1105 1061 1161 1105 ad
1173 1061 1462 1116 videndum,»

80 1134 125 1178 id
149 1143 233 1189 est,
259 1143 310 1178 ut
326 1133 547 1178 videamus
564 1167 574 1187 ,
600 1151 620 1174 «
640 1135 692 1177 In
708 1132 901 1177 bonitate
922 1132 1159 1176 electorum
1176 1141 1355 1177 tuorum
1375 1150 1383 1176 :
1411 1130 1467 1176 ad

85 1224 104 1246 »
140 1203 395 1258 laetandum,
417 1203 462 1247 id
478 1212 556 1258 est,
581 1211 631 1246 ut
647 1201 860 1257 laetemur,
882 1221 901 1244 «
918 1206 970 1246 In
991 1203 1141 1247 laetitia
1163 1203 1300 1262 gentis
1316 1211 1420 1246 tuae.
1440 1220 1462 1243 »

82 1278 222 1319 Unam
246 1283 418 1334 gentem
442 1275 518 1318 Dei
540 1273 780 1331 intelligere
802 1273 1011 1318 debemus
1032 1275 1284 1318 universum
1318 1289 1465 1318 semen

80 1345 291 1402 Abrahae,
315 1343 391 1388 sed
407 1343 518 1388 filios
534 1344 842 1404 promissionis,
865 1360 955 1388 non
976 1344 1130 1388 carnis.
1149 1344 1204 1388 Hi
1217 1360 1336 1403 ergo,
1352 1359 1467 1404 quo-

80 1431 181 1460 rum
213 1431 296 1460 vox
318 1423 402 1470 est,
428 1423 582 1474 optant
607 1414 799 1475 ejusdem
825 1415 963 1474 gentis
984 1415 1146 1458 habere
1172 1415 1383 1459 laetitiam.
1409 1417 1468 1459 Et

80 1502 180 1547 quae
206 1486 336 1546 hujus
365 1486 502 1543 gentis
533 1484 705 1540 laetitia,
737 1485 819 1528 nisi
854 1490 963 1529 Deus
999 1486 1120 1545 ejus?
1155 1485 1237 1530 Cui
1266 1485 1424 1530 dicitur
1452 1504 1461 1529 ε

85 1576 103 1598 «
138 1557 361 1602 Exultatio
379 1571 494 1611 mea,
516 1555 680 1599 redime
702 1570 771 1599 me
787 1557 817 1599 6,
849 1558 940 1599 «Et
961 1557 1031 1600 cui
1054 1555 1239 1600 dicitur:
1265 1574 1285 1597 «
1312 1556 1465 1614 Signa-

82 1645 103 1669 »
139 1635 233 1671 tum
260 1636 323 1672 est
348 1642 477 1686 super
499 1641 576 1670 nos
597 1625 748 1669 lumen
771 1624 919 1670 vultus
940 1627 1031 1681 tui,
1067 1626 1274 1681 Domine,
1308 1625 1465 1671 dedisti

82 1716 103 1741 ³)
136 1699 331 1743 laetitiam
355 1699 401 1742 in
427 1713 503 1743 cor
523 1700 726 1742 meum⁷:
760 1717 779 1739 »
811 1713 982 1743 summo
1016 1698 1179 1743 scilicet
1196 1733 1207 1754 ,
1237 1713 1367 1753 vero,
1394 1698 1465 1742 in-

79 1769 382 1814 commutabili
402 1778 445 1813 et
472 1769 671 1813 beatifico
689 1769 830 1824 bono,
861 1768 981 1829 quod
1001 1769 1092 1828 ipse
1116 1772 1230 1813 Deus
1252 1778 1330 1813 est.
1359 1788 1378 1812 «
1408 1772 1463 1814 Ut

82 1859 103 1883 >›
137 1840 325 1885 lauderis
346 1856 446 1885 cum
467 1839 720 1884 haereditate
739 1849 828 1884 tua.
853 1859 872 1882 »
899 1841 1034 1885 Miror
1055 1841 1187 1885 istum
1209 1856 1381 1885 versum
1403 1841 1463 1886 sic

78 1912 412 1971 interpretatum
434 1911 480 1953 in
496 1909 644 1954 multis
663 1925 750 1954 esse
776 1909 1013 1966 codicibus,
1034 1926 1134 1955 cum
1152 1912 1206 1956 sit
1226 1927 1314 1956 una
1332 1921 1464 1972 atque

81 1983 232 2027 eadem
254 1982 300 2026 in
322 1982 460 2026 tribus
476 1981 542 2025 his
558 1981 752 2026 versibus
775 1996 911 2039 graeca
927 1981 1108 2038 locutio,
1123 1992 1173 2027 ut
1191 1982 1222 2027 si
1243 1983 1328 2028 hoc
1349 1992 1464 2028 recte

80 2052 246 2098 dictum
274 2062 338 2097 est
364 2051 484 2112 quod
510 2052 670 2111 legitur
695 2071 703 2096 :
735 2071 755 2093 «
781 2054 838 2096 Ut
865 2052 1054 2097 lauderis
1086 2069 1186 2098 cum
1207 2053 1462 2098 haereditate

82 2142 104 2166 »
138 2133 241 2182 tua,
263 2142 283 2165 »
310 2133 453 2183 posset
466 2133 582 2168 recte
600 2122 710 2167 dici:
740 2142 759 2164 «
780 2125 837 2167 Ut
851 2123 996 2168 videas
1017 2126 1062 2168 in
1079 2125 1275 2170 bonitate
1299 2124 1461 2170 electo-

84 2214 104 2237 »
138 2211 236 2238 rum
257 2203 450 2246 tuorum,
472 2203 514 2237 et
525 2193 682 2237 laeteris
699 2193 743 2237 in
765 2193 913 2238 laetitia
933 2196 1070 2254 gentis
1092 2204 1179 2240 tuae
1198 2216 1206 2241 ;
1227 2214 1247 2238 »
1263 2197 1460 2256 totoipso

80 2281 209 2310 sensu
225 2265 284 2309 ita
307 2273 510 2309 contexto
529 2283 539 2309 ι
567 2282 587 2305 «
607 2264 741 2308 Visita
765 2280 842 2309 nos
863 2265 908 2308 in
923 2265 1097 2310 salutari
1120 2276 1220 2323 tuo,
1245 2276 1296 2312 ut
1315 2267 1460 2312 videas

84 2354 104 2378 »
138 2337 183 2380 in
197 2336 392 2381 bonitate
408 2336 644 2380 electorum
657 2344 847 2391 tuorum,
862 2345 913 2380 ut
927 2335 1081 2382 laeteris
1099 2339 1144 2382 in
1162 2339 1311 2383 laetitia
1324 2339 1460 2397 gentis

84 2425 105 2449 »
139 2417 249 2463 tuae,
274 2417 317 2452 et
337 2407 523 2452 lauderis
540 2422 641 2451 cum
666 2406 918 2453 haereditate
939 2417 1029 2455 tua.
1056 2428 1076 2451 »
1105 2410 1354 2456 Secundum
1376 2410 1460 2456 hoc

130 2509 139 2526 ¹
153 2502 234 2535 Psal.
260 2513 388 2544 Lxxmv,
412 2503 462 2536 13.
486 2519 528 2525 —
545 2509 557 2525 ²
572 2504 731 2544 Joan.1x,
752 2502 808 2545 41.
824 2520 866 2526 —
882 2502 895 2527 3
919 2505 1000 2537 Psal.
1017 2516 1106 2548 cuv,
1122 2506 1155 2540 8,
1174 2524 1214 2530 —
1234 2505 1311 2540 41d.
1328 2517 1404 2548 un,
1423 2505 1457 2540 5.

83 2573 124 2580 -
149 2556 164 2582 5
181 2557 355 2600 Matth.v1,
373 2569 422 2592 11.
443 2575 484 2583 -
502 2556 517 2582 6
534 2558 613 2593 Psal.
639 2569 729 2602 xxm,
755 2569 785 2601 ς.
807 2576 846 2583 -
865 2560 939 2595 71d.
962 2572 1061 2604 1v‚7.
