1848 3261
368 239 453 279 396
793 247 826 278 s.
862 246 1093 278 Anatis-nm
1124 249 1307 278 Emscon

364 317 519 361 merito
544 326 849 377 peecatorum3
877 336 894 358 «
922 319 1067 377 Usque
1085 315 1211 361 valde
1238 336 1255 358 »
1277 317 1402 361 illum
1423 317 1664 379 reliquisset
1679 353 1690 374 ,
1713 319 1747 362 si

363 390 401 433 ei
431 404 511 433 nec
534 398 653 434 tanta
676 390 889 434 medicina
918 389 1171 448 profuisset,
1196 389 1279 433 hoc
1302 398 1386 444 est,
1420 391 1555 448 gratia
1576 390 1654 434 Dei
1671 404 1749 449 per

363 462 510 503 Jesum
539 460 759 503 Christum
792 459 1024 502 Dominum
1057 468 1269 503 nostrum.
1305 461 1432 504 Nunc
1468 475 1567 504 vero
1590 475 1748 504 secun-

364 529 470 573 dum
502 530 626 573 istam
657 529 896 573 orationem
918 530 1109 588 corporis
1131 529 1317 583 Christi,
1343 545 1433 574 non
1455 545 1554 572 eum
1573 529 1749 589 reliquit

362 614 500 659 usque
521 599 646 642 valde
672 618 680 643 :
711 617 728 637 «
759 599 869 651 Quia
892 601 1005 642 Deus
1028 608 1121 643 erat
1141 600 1186 642 in
1207 591 1405 654 Christo,
1440 599 1656 643 mundum
1681 614 1750 643 re-

366 689 384 711 »
420 668 654 713 concilians
671 668 752 712 sibi
766 670 795 711 1.
820 689 837 709 »
865 672 1011 712 Potest
1026 669 1111 713 hoc
1133 670 1262 713 etiam
1281 671 1340 714 sic
1360 669 1567 729 intelligi,
1587 679 1638 714 ut
1659 671 1749 729 ejus

361 740 440 783 ista
470 739 524 782 sit
549 753 660 793 νοΧ,
691 739 767 799 qui
795 754 896 782 cum
913 739 1087 783 dixisset
1109 740 1155 782 in
1178 740 1446 784 abundantia
1474 756 1574 785 sua:
1605 760 1622 780 «
1652 743 1750 785 Non

366 831 383 851 »
418 810 628 854 movebor
649 810 695 854 in
716 812 956 854 aeternum2
977 845 988 865 ‚
1018 831 1035 851 »
1066 810 1188 855 velut
1213 826 1289 855 sua
1312 812 1473 856 virtute
1493 813 1715 856 confidens
1737 829 1746 854 t

360 889 411 924 ut
432 879 678 925 ostenderet
705 881 743 924 ei
765 884 879 925 Deus
905 879 1026 940 quod
1059 896 1149 925 non
1174 882 1329 926 merito
1361 883 1452 942 ejus
1472 917 1483 937 ,
1509 882 1649 926 sedin
1670 897 1751 926 vo-

360 952 529 995 luntate
551 967 628 996 sua
650 952 910 1011 praestiterat
931 953 1075 997 decori
1092 954 1182 1012 ejus
1202 954 1426 1009 virtutem,
1449 955 1604 998 avertit
1628 954 1682 997 ab
1700 969 1751 998 eo

361 1022 516 1066 faciem
541 1038 686 1078 suam,
713 1032 756 1067 et
778 1021 917 1067 faetus
947 1032 1010 1067 est
1037 1024 1372 1068 conturbatus&
1399 1025 1629 1069 Inveniens
1651 1038 1752 1082 ergo

361 1108 429 1149 se,
461 1108 541 1137 nec
557 1095 647 1154 jam
676 1109 942 1153 praesumens
963 1093 1018 1138 de
1040 1109 1106 1149 se,
1132 1093 1317 1139 clamat:
1347 1113 1365 1135 «
1390 1097 1454 1140 Ne
1476 1094 1752 1154 derelinquas

366 1184 384 1204 »
419 1179 489 1208 me
506 1179 646 1224 usque
661 1163 805 1209 valde.
836 1185 853 1206 »
878 1166 922 1210 Si
943 1166 1059 1209 enim
1081 1164 1379 1225 dereliquisti,
1399 1174 1450 1210 ut
1471 1166 1562 1210 sine
1576 1165 1753 1226 adjuto-

362 1236 426 1280 rio
452 1236 745 1280 tuo'infirmus
766 1252 995 1297 appaream
1009 1272 1020 1292 ‚
1047 1236 1137 1281 noli
1153 1252 1293 1297 usque
1314 1236 1461 1292 valde,
1482 1253 1537 1281 ne
1558 1252 1748 1297 peream.

366 1325 384 1347 «
423 1308 487 1349 Tu
511 1321 611 1363 ergo
629 1308 872 1367 praecepisti
894 1307 1100 1351 mandata
1122 1316 1195 1351 tua
1215 1306 1423 1351 custodiri
1442 1307 1584 1351 nimis.
1615 1327 1633 1348 »
1655 1310 1753 1351 Jam

362 1375 417 1419 de
433 1376 674 1434 ignorantia
697 1392 766 1421 me
793 1392 996 1422 excusare
1013 1393 1103 1422 non
1125 1393 1315 1437 possum.
1339 1376 1423 1422 Sed
1445 1377 1653 1436 quoniam
1683 1378 1753 1421 in-

361 1447 511 1491 firmus
528 1462 623 1491 sum
652 1467 660 1492 z
691 1465 708 1487 «
736 1448 912 1492 Utinam
935 1448 1181 1507 dirigantur
1197 1448 1278 1492 viae
1297 1462 1406 1491 meae
1426 1447 1482 1492 ad
1502 1448 1751 1493 custodien-

367 1538 384 1558 »
420 1517 494 1562 das
522 1519 852 1578 justificationes
890 1529 1000 1564 tuas.
1040 1522 1162 1563 Tunc
1197 1535 1287 1564 non
1330 1518 1576 1563 confundar
1590 1554 1602 1575 ‚
1644 1519 1750 1564 dum

366 1606 386 1629 »
422 1589 602 1648 inspicio
623 1590 669 1632 in
699 1590 844 1634 omnia
865 1589 1069 1634 mandata
1091 1599 1167 1634 tua
1190 1610 1198 1635 ε
1219 1600 1325 1634 tunc
1346 1590 1588 1635 confitebor
1610 1590 1689 1634 tibi
1706 1590 1752 1634 in

366 1677 386 1700 »
421 1658 658 1704 directione
681 1660 822 1704 cordis
837 1695 847 1715 ,
873 1661 917 1703 in
935 1675 986 1704 eo
1009 1661 1130 1721 quod
1151 1661 1374 1704 didicerim
1393 1660 1556 1720 judicia
1574 1661 1753 1721 justitiae

367 1749 386 1771 »
423 1739 538 1787 tuae3
563 1740 669 1776 tunc
686 1732 1016 1791 justificationes
1039 1742 1133 1776 tuas
1156 1731 1396 1776 custodiam
1424 1752 1433 1777 ε
1464 1751 1484 1774 »
1511 1742 1554 1776 et
1576 1733 1609 1777 si
1626 1733 1753 1777 dere-

365 1800 525 1859 liquisti
545 1816 614 1844 me
630 1836 640 1855 ,
667 1817 720 1845 ne
745 1801 950 1860 gloriarer
969 1802 1014 1845 in
1032 1817 1101 1845 me
1119 1837 1129 1856 ‚
1156 1801 1246 1846 noli
1268 1817 1406 1861 usque
1422 1802 1549 1847 valde
1563 1838 1574 1857 ‚
1599 1812 1642 1847 et
1659 1804 1754 1862 jus-

365 1871 551 1915 tificatus
573 1871 648 1916 abs
670 1881 712 1916 te
736 1871 953 1930 gloriabor
972 1872 1017 1916 in
1039 1881 1098 1916 te.

909 2138 1118 2188 SERMO
1159 2140 1208 2177 v.

427 2279 461 2319 Ι.
486 2277 572 2319 Hos
593 2288 756 2328 versus,
782 2273 1017 2317 charissimi
1036 2307 1047 2326 ‚
1072 2271 1153 2315 isto
1176 2269 1497 2315 consideremus
1518 2269 1563 2313 in
1584 2267 1755 2313 Psalmo

368 2355 411 2389 ct
428 2345 537 2388 sicut
555 2346 763 2389 Dominus
781 2343 914 2388 donat
935 2344 1026 2402 ejus
1049 2357 1185 2386 sacras
1200 2341 1382 2384 Litteras
1400 2348 1723 2399 perscrutemur
1742 2359 1750 2383 :

373 2436 392 2458 i<
429 2419 480 2459 In
502 2432 589 2476 quo
612 2415 788 2473 corrigit
801 2415 948 2474 junior
962 2414 1075 2457 viam
1094 2414 1241 2456 suam?
1258 2415 1307 2455 In
1320 2410 1605 2455 custodiendo
1622 2409 1755 2453 verba

373 2504 393 2526 »
430 2495 504 2530 tua
519 2487 550 2529 ⁴.
581 2505 599 2526 n
629 2489 872 2544 Interrogat
894 2500 936 2528 se
951 2520 960 2538 ,
987 2493 1029 2527 et
1052 2482 1283 2542 respondet
1307 2481 1402 2525 sibi.
1429 2500 1448 2522 «
1474 2483 1525 2524 In
1545 2494 1632 2540 quo
1655 2493 1754 2524 cor-

420 2588 429 2605 ¹
447 2591 465 2614 2
490 2585 562 2617 Cor.
582 2594 613 2625 v,
635 2594 685 2626 19.
705 2600 746 2606 —
767 2590 778 2606 2
793 2582 873 2615 Psal.
889 2593 975 2623 xxix,
992 2592 1022 2623 7.
1042 2598 1083 2603 —
1103 2579 1208 2612 ³tbitl.
1226 2581 1256 2612 8.
1274 2597 1315 2602 —
1333 2577 1348 2608 4
1363 2579 1440 2611 Psal.
1461 2589 1568 2620 cxvm,
1588 2589 1622 2620 9.
