1848 3261
255 210 494 243 ENARRATIO
527 215 578 242 111
609 213 652 242 m
686 206 888 241 PsALMnM
919 212 1021 249 cm,
1055 207 1194 238 SERMO
1226 212 1291 238 111.
1377 196 1458 236 145

84 287 231 323 tamen
251 279 285 323 si
312 279 506 324 volentes
531 292 704 333 sumus,
732 293 820 322 non
852 275 1125 330 necessitate,
1158 275 1233 319 sed
1254 274 1462 319 charitate

84 350 306 394 servimus,
341 348 536 402 Quodam
565 347 696 393 modo
727 347 841 391 enim
869 346 991 407 quasi
1017 345 1221 405 superbia
1241 359 1464 389 servorum

83 421 348 465 stomachata
367 419 617 474 videbatur,
642 434 743 464 cum
760 416 922 461 diceret
940 416 1149 461 Dominus
1171 435 1179 461 ε
1209 434 1227 457 «
1250 416 1345 459 Erit
1367 430 1464 459 ves-

89 509 107 531 »
142 499 207 534 ter
228 506 373 535 servus
395 491 470 551 qui
490 489 677 535 voluerit
693 489 805 532 inter
825 503 900 532 vos
919 488 1054 548 major
1070 502 1173 531 esse.
1190 506 1208 528 »
1228 488 1326 530 Jam
1348 485 1465 529 enim

84 560 161 605 filii
201 562 399 606 Zebedaei
431 561 550 607 sedes
581 560 803 605 altissimas
827 559 1107 620 quaerebant3
1139 573 1253 602 unus
1289 556 1465 603 volebat

84 630 232 676 sedere
252 632 307 676 ad
329 632 550 677 dexteram
564 667 578 687 ,
605 631 712 675 alter
729 631 784 675 ad
805 629 1041 685 sinistram,
1069 629 1260 674 dicentes
1278 643 1355 688 per
1376 643 1465 672 ma-

86 711 195 746 trem
217 702 337 763 quod
357 703 436 762 ipsi
473 701 726 762 cupiebant.
762 701 969 746 Dominus
993 716 1082 745 non
1103 699 1188 745 illis
1210 699 1332 745 sedes
1354 698 1467 743 invi-

86 771 171 828 dit,
205 772 280 817 sed
299 771 543 818 convallem
561 773 678 832 prius
695 770 945 832 plorationis
967 770 1156 816 ostendit
1173 806 1183 827 ,
1208 770 1331 831 quasi
1348 770 1467 814 dice-

85 852 150 888 ret
174 862 183 888 :
218 843 328 888 Illuc
349 841 480 888 vultis
501 843 669 898 venire,
702 842 781 886 ubi
808 858 904 887 sum
935 857 1014 901 ego
1031 844 1049 884 ἱ)
1081 843 1225 887 venite
1258 856 1345 902 qua
1367 856 1463 900 ego.

86 913 199 967 Quid
221 924 309 968 est,
334 913 476 958 venite
497 929 584 974 qua
610 906 719 972 egd?
750 916 830 957 Per
857 911 1164 957 humilitatem.
1199 914 1292 970 Ego
1320 911 1375 955 de
1396 927 1471 955 su-

86 983 211 1028 blimi
245 983 478 1039 descendi,
514 993 557 1028 et
578 982 831 1028 humiliatus
855 981 1040 1027 ascendo
1066 1001 1075 1027 :
1099 998 1175 1027 vos
1199 982 1245 1026 in
1266 991 1379 1026 terra
1400 982 1469 1025 in-

85 1054 184 1098 veni
200 1089 211 1108 ,
233 1063 277 1098 et
299 1063 398 1099 ante
420 1053 551 1099 vultis
573 1052 718 1098 volare
740 1069 871 1113 quam
899 1053 1015 1113 pasci
1036 1072 1045 1098 :
1080 1053 1198 1113 prius
1215 1052 1464 1108 nutrimini,

86 1124 361 1179 educamini,
393 1124 501 1168 ferte
524 1123 694 1168 nidum.
720 1123 832 1177 Quid
866 1124 980 1168 enim
1004 1123 1092 1167 ait‘?
1119 1122 1352 1177 Quomodo
1375 1121 1471 1167 illos

86 1195 302 1239 revocavit
331 1194 386 1238 ad
417 1194 706 1238 humilitatem
724 1228 735 1249 ,
770 1195 860 1254 jam
882 1203 1126 1254 quaerentes
1162 1193 1473 1238 altitudinem?

90 1284 109 1306 «
145 1265 326 1310 Potestis
348 1265 498 1309 bibere
521 1264 714 1320 calicem,
736 1280 868 1325 quem
892 1280 972 1324 ego
995 1265 1213 1310 bibiturus
1236 1267 1358 1309 sum?
1376 1285 1393 1306 »
1413 1267 1470 1309 Et

87 1335 172 1392 illi,
207 1338 334 1381 etiam
358 1336 401 1380 in
434 1337 516 1381 hoc
538 1336 741 1396 superbi,
772 1355 789 1377 «
818 1340 1064 1381 Possumus.
1091 1357 1108 1379 »
1135 1336 1366 1391 Quomodo
1388 1340 1473 1381 Pe-

87 1416 201 1462 trus,
226 1426 243 1447 «
272 1410 434 1451 Tecum
455 1423 594 1467 usque
612 1406 667 1450 ad
684 1416 884 1451 mortem.
914 1427 932 1449 »
955 1408 1095 1452 Fortis
1116 1408 1202 1463 vir,
1229 1407 1368 1452 donec
1390 1406 1473 1451 foe-

87 1478 203 1522 mina
227 1477 389 1523 diceret
413 1498 421 1523 :
446 1497 464 1519 «
489 1481 546 1523 Et
565 1478 645 1522 iste
666 1493 766 1522 cum
789 1477 873 1522 illis
890 1481 1021 1523 erat1.
1042 1499 1060 1520 »
1077 1480 1146 1524 Sic
1169 1488 1212 1523 et
1234 1479 1319 1534 isti,
1341 1498 1357 1520 «
1372 1482 1472 1524 Pos-

93 1569 111 1591 »
147 1564 309 1593 sumus.
335 1548 546 1593 Potestis?
562 1552 906 1593 Possumus.»Et
928 1549 1026 1595 ille:
1051 1569 1067 1591 «
1086 1550 1274 1596 Calicem
1292 1550 1471 1611 quidem

93 1638 111 1661 »
146 1634 293 1663 mcum
315 1618 492 1674 bibetis,
524 1639 540 1660 »
572 1619 651 1663 etsi
685 1617 815 1664 modo
838 1635 927 1664 non
948 1620 1146 1679 potestis,
1178 1640 1195 1661 «
1222 1621 1383 1665 Bibetis
1409 1639 1419 1666 ε
1448 1640 1466 1662 »

88 1689 310 1751 quomodo
343 1693 496 1746 Petro,
526 1710 543 1732 «
567 1693 664 1737 Non
696 1699 818 1750 potes
847 1706 917 1735 me
944 1690 1077 1736 modo
1099 1692 1243 1752 sequi,
1281 1692 1471 1752 sequeris

93 1782 111 1804 »
147 1778 217 1806 me
239 1763 427 1822 postea2.
453 1761 641 1808 Calicem
659 1763 836 1823 quidem
860 1778 1007 1811 meum
1031 1764 1204 1819 bibetis,
1229 1763 1377 1807 sedere
1398 1779 1473 1808 au-

94 1853 112 1875 »
147 1843 235 1877 tem
259 1832 314 1878 ad
331 1833 550 1878 dexteram
569 1849 708 1878 meam
723 1833 793 1878 vel
811 1833 864 1878 ad
887 1834 1116 1890 sinistram,
1133 1851 1222 1880 non
1246 1844 1309 1880 est
1326 1850 1474 1879 meum

95 1923 113 1945 »
149 1903 252 1948 dare
275 1903 439 1947 vobis3.
464 1903 580 1956 Quid
608 1913 693 1960 est,
722 1923 740 1944 «
768 1906 865 1949 Non
895 1913 958 1949 est
985 1920 1130 1949 meum
1153 1906 1256 1950 dare
1277 1906 1430 1950 vobis?
1451 1924 1470 1947 »

89 1975 188 2018 Non
219 1982 282 2017 est
307 1988 453 2017 meum
476 1972 577 2017 dare
599 1973 809 2034 superbis.
845 1974 979 2019 Modo
1004 1976 1162 2035 quibus
1189 1976 1371 2037 loquor,
1397 1992 1473 2020 su-

89 2043 214 2104 perbi
236 2044 335 2088 estis
360 2061 370 2087 :
396 2043 495 2088 ideo
511 2044 599 2088 dixi
627 2064 636 2089 :
665 2064 682 2085 «
711 2048 809 2090 Non
826 2054 890 2089 est
908 2061 1052 2090 meum
1071 2046 1173 2092 dare
1194 2047 1330 2092 vobis.
1354 2067 1370 2089 »
1389 2046 1475 2092 Sed

90 2113 204 2159 forte
227 2113 420 2159 dicerent
441 2115 636 2160 :Erimus
658 2115 859 2160 humiles.
880 2119 976 2162 Non
998 2133 1101 2177 ergo
1118 2118 1233 2162 eritis
1255 2133 1353 2163 vos:
1375 2132 1471 2176 ego,

102 2205 118 2226 «
156 2185 289 2230 Vobis
313 2186 414 2230 dixi.
432 2206 449 2228 »
470 2189 567 2232 Non
585 2186 694 2233 dixi:
715 2189 812 2233 Non
835 2188 949 2233 dabo
968 2189 1206 2234 humilibus
1229 2209 1237 2235 2
1263 2189 1358 2245 sed,
1376 2192 1476 2235 Non

94 2255 210 2302 dabo
231 2258 441 2316 superbis.
455 2258 536 2311 Qui
557 2267 703 2304 autem
720 2275 771 2304 ex
797 2260 985 2320 superbo
1001 2262 1051 2306 fit
1067 2261 1259 2318 humilis,
1282 2276 1371 2306 non
1394 2261 1477 2306 erit

94 2328 169 2388 qui
192 2336 298 2372 erat.

152 2402 210 2443 X.
238 2402 352 2458 Ergo
381 2399 681 2460 praedicatores
704 2401 854 2458 verbi,
874 2412 918 2448 et
941 2404 1140 2464 jumenta
1163 2413 1205 2449 et
1222 2405 1330 2449 servi
1353 2413 1469 2449 sunt.

100 2470 319 2515 Producat
346 2480 480 2527 terra,
518 2471 552 2515 si
579 2473 748 2531 irrigata
777 2483 865 2530 est,
904 2493 922 2515 «
950 2478 1138 2520 Foenum
1164 2476 1400 2536 jumentis,
1433 2485 1477 2521 et

144 2562 154 2580 ¹
175 2557 288 2589 Matth.
310 2567 397 2598 xxw,
423 2556 464 2589 35
483 2561 516 2590 et
534 2558 588 2601 (39.
609 2574 646 2584 -ι
674 2566 686 2582 ²
705 2561 798 2593 Joan.
818 2571 886 2603 xm,
911 2560 965 2594 36.
991 2579 1032 2585 —-
1053 2560 1066 2585 3
1080 2562 1192 2595 Matth.
1210 2574 1268 2603 xx,
1288 2571 1406 2605 2005.

312 2620 465 2651 cxvm.
1221 2618 1269 2657 10
