1848 3261
419 225 659 256 ENARRA'rio
692 229 737 256 m
769 224 971 255 PsALMUM
1002 227 1068 253 cv.
1351 217 1434 254 213

58 293 167 340 illud
189 293 373 349 diceret,
398 293 479 337 nisi
499 294 582 337 1100
599 293 814 350 crederet3
835 290 1041 352 quoniam
1061 305 1160 334 cum
1182 306 1256 350 spe
1277 294 1432 348 oravit,

56 381 155 426 quae
169 365 259 408 sine
273 362 346 408 illa
367 363 455 407 fide
477 379 566 408 esse
581 380 669 409 non
681 371 838 423 posset.
854 366 1000 406 Potest
1019 377 1122 420 ergo
1143 377 1231 405 esse
1251 362 1345 406 laus
1359 364 1436 407 Dei

55 450 155 480 vera
177 443 220 478 et
248 435 317 493 pia
333 469 343 489 ,
370 433 448 476 ubi
469 449 559 478 non
580 434 634 478 sit
655 432 867 478 confessio
888 440 1165 492 peccatorum
1186 452 1196 489 3
1222 448 1322 492 quae
1343 431 1438 477 laus

53 505 195 550 multo
217 504 410 549 crebrius
436 505 482 548 in
507 504 737 564 Scripturis
758 503 971 548 confessio
993 512 1173 548 vocatur
1197 519 1206 544 ε
1232 501 1352 546 nulla
1374 512 1438 548 est

55 585 199 621 autem
221 585 499 636 peccatorum
521 574 732 620 confessio
744 575 815 634 pia
827 584 870 619 et
885 575 1017 630 utilis,
1032 574 1106 618 ubi
1121 589 1212 619 non
1232 573 1438 618 laudatur

53 651 167 692 Deus
183 682 194 702 ,
220 647 306 691 sive
322 647 468 702 corde,
494 647 580 691 sive
602 647 731 690 etiam
749 661 823 690 ore
845 655 976 706 atque
989 661 1199 690 sermone.
1222 645 1347 698 Quod
1366 661 1437 700 au-

53 728 142 762 tem
164 718 329 761 habent
349 717 420 761 alii
439 717 607 762 codices
625 737 633 763 ε
663 717 917 771 «Quoniam
938 717 1135 775 bonus3»
1154 716 1225 760 alii
1248 716 1434 762 habent:

57 808 77 832 «
111 788 323 842 Quoniam
342 789 505 833 suavis:
526 789 619 833 »ita
638 805 776 833 unum
798 789 982 833 verbum
1002 803 1208 846 graecum,
1231 788 1351 848 quod
1373 787 1439 831 di-

52 860 166 905 citur
178 868 307 912 χρηστὸς
320 858 487 903 diversa
503 859 802 919 interpretatio
825 868 971 904 secuta
988 868 1064 902 est.
1086 862 1196 903 Item
1214 857 1335 919 quod
1352 858 1440 903 dic-

51 939 145 974 tum
163 939 245 975 est:
268 949 287 971 «
299 930 572 983 Quoniamin
585 930 792 974 saeculum
805 928 1098 974 misericordia
1115 930 1226 989 ejus:
1242 944 1439 987 »graecus

50 1001 184 1045 habet
212 1008 448 1055 εὶςτὲναῑῶνα,
486 1000 607 1060 quod
639 1009 782 1060 potest
816 1001 951 1044 etiam
972 1018 992 1042 «
1013 1002 1065 1043 In
1093 1008 1341 1043 aeternum»
1366 1000 1438 1044 in-

51 1070 291 1130 terpretari.
314 1069 501 1115 Proinde
518 1070 551 1113 si
565 1070 637 1114 illa
658 1069 951 1114 misericordia
968 1069 1039 1112 bic
1059 1068 1332 1127 intelligitur,
1352 1086 1438 1130 qua

49 1157 178 1185 nemo
201 1141 291 1184 sine
314 1144 402 1185 Deo
424 1141 575 1184 beatus
599 1155 687 1184 esse
704 1149 873 1199 potest3
898 1138 1052 1183 melius
1076 1139 1311 1198 accipimus
1339 1158 1358 1182 «
1386 1143 1439 1184 In

52 1230 72 1254 ))
109 1222 345 1256 aeternum:
370 1230 389 1252 »
417 1212 450 1255 si
472 1220 619 1255 autem
640 1211 714 1255 illa
738 1221 802 1256 cst
820 1210 1127 1266 misericordia,
1154 1226 1254 1270 quae
1277 1211 1441 1255 miseris

50 1282 295 1337 exhibetur,
314 1291 367 1326 ut
378 1282 449 1326 vel
471 1281 751 1328 consolentur
772 1283 818 1326 in
839 1282 1030 1338 miseria,
1049 1281 1120 1325 vel
1141 1281 1195 1325 ab
1214 1281 1286 1325 illa
1310 1282 1440 1326 etiam

49 1353 291 1398 liberentur
304 1374 315 1412 3
330 1352 484 1397 melius
504 1373 523 1395 «
536 1357 588 1397 111
603 1353 827 1408 saeculum,
848 1371 867 1395 »
884 1354 968 1398 1100
986 1362 1064 1408 est,
1080 1367 1220 1412 usque
1237 1353 1282 1396 in
1306 1353 1441 1398 finem

49 1424 219 1479 saeculi,
243 1425 290 1467 in
312 1440 401 1484 quo
425 1440 515 1468 non
549 1424 736 1468 deerunt
762 1424 932 1479 miseri,
965 1423 1125 1483 quibus
1146 1422 1441 1468 misericordia

49 1495 314 1555 praebeatur.
348 1494 438 1540 Nisi
466 1495 580 1538 forte
610 1495 706 1555 quis
737 1495 895 1539 audeat
924 1493 1089 1549 dicere,
1121 1494 1250 1537 etiam
1277 1494 1343 1537 his
1365 1494 1441 1554 qui

49 1564 379 1609 damnabuntur
400 1580 500 1609 cum
524 1564 700 1609 diabolo
719 1574 762 1609 et
784 1564 947 1623 angelis
969 1565 1080 1625 ejus,
1107 1564 1297 1624 aliquam
1314 1565 1442 1608 mise-

49 1636 281 1680 ricordiam
302 1636 383 1680 Dei
404 1635 582 1679 minime
600 1634 849 1679 defuturam
867 1650 983 1692 ,non
1000 1651 1087 1695 qua
1100 1650 1153 1678 ex
1170 1634 1243 1679 illa
1257 1635 1440 1679 damna-

50 1706 170 1750 tione
193 1705 452 1761 liberentur,
479 1705 553 1750 sed
578 1715 627 1749 ut
650 1706 706 1749 eis
735 1705 1008 1766 aliquatenus
1030 1704 1255 1763 mitigetur
1277 1724 1285 1750 :
1310 1715 1442 1765 atque

50 1778 107 1822 ita
124 1786 329 1821 aeternam
345 1792 468 1836 posse
484 1776 756 1835 intelligiDei
773 1775 1109 1820 misericordiam
1122 1791 1251 1835 super
1263 1775 1440 1820 illorum

51 1857 258 1892 aeternam
279 1847 510 1890 miseriam.
540 1845 623 1891 Sed
639 1845 979 1891 tolerabiliorem
1002 1846 1215 1906 quosdam
1233 1857 1441 1907 exceptu-

51 1934 120 1963 ros
147 1917 472 1961 damnationem
492 1917 538 1960 in
563 1916 854 1977 quorum-clam
880 1917 1202 1976 comparatione
1223 1915 1438 1976 legimus:

53 1988 234 2048 alicujus
260 2003 363 2033 vero
394 1988 583 2046 mitigari
611 2003 704 2031 eam
734 1988 806 2031 cui
834 1996 897 2031 est
930 1987 1113 2031 traditus
1144 2003 1347 2048 poenam,
1371 1989 1442 2034 vel

53 2058 313 2120 quibusdam
345 2057 578 2102 intervallis
611 2058 772 2102 habere
795 2057 986 2118 aliquam
1007 2074 1185 2118 pausam
1197 2095 1212 2115 ,
1240 2059 1336 2119 quis
1359 2076 1440 2104 au-

53 2130 202 2174 dacter
219 2128 396 2187 dixerit,
417 2127 776 2189 quandoquidem
794 2144 928 2173 unam
942 2128 1102 2174 stillam
1120 2129 1238 2174 dives
1255 2129 1328 2173 ille
1351 2146 1442 2176 non

53 2200 213 2245 meruit
228 2201 269 2241 ¹?
285 2199 369 2244 Sed
391 2200 446 2244 de
467 2201 549 2244 hac
571 2209 690 2244 tanta
712 2215 757 2244 re
781 2199 1028 2258 diligentius
1051 2216 1101 2245 ex
1124 2201 1211 2246 otio
1233 2200 1441 2246 disseren-

55 2272 163 2315 dum
180 2279 266 2328 est,
286 2285 404 2314 nunc
424 2271 543 2330 quod
561 2270 616 2314 ad
638 2271 768 2314 istum
791 2270 1011 2316 Psalmum
1029 2272 1202 2328 attinet,
1230 2272 1441 2317 hactenus

56 2341 110 2386 de
131 2340 206 2384 illa
229 2340 397 2384 dictum
414 2356 504 2384 esse
525 2341 759 2385 suffecerit.

114 2414 197 2456 III.
229 2429 248 2452 «
266 2411 367 2463 Quis
389 2411 595 2471 loquetur
616 2413 832 2472 potentias
854 2413 1056 2458 Domini?
1074 2432 1094 2455 »
1113 2414 1322 2473 Impletus
1340 2428 1440 2459 0011-

57 2481 314 2526 sideratione
349 2481 594 2527 divinorum
628 2498 809 2542 operum
826 2518 836 2539 ,
872 2484 949 2544 qui
976 2483 1315 2530 misericordiam
1347 2485 1441 2544 ejus

106 2573 114 2588 ¹
137 2566 212 2599 Luc.
229 2576 295 2607 τίνι,
310 2565 433 2608 24-26.
