1848 3261
451 179 692 213 ENARRATIO
723 183 770 211 m
800 179 1004 211 PsALMUM
1033 181 1148 209 cxw.
1389 167 1474 208 359

95 268 118 293 »
156 250 282 309 gione
296 248 520 294 vivorum1
539 270 550 308 3
570 267 590 290 »
614 249 721 294 Satis
743 246 973 293 ostendens
991 245 1046 289 ab
1067 260 1113 289 ea
1133 254 1255 304 parte
1278 245 1478 290 nondum

94 335 139 364 se
158 319 327 385 placere
349 320 396 363 in
416 328 653 378 conspectu
673 317 846 364 Domini
865 351 876 372 ,
901 331 1000 377 quae
1023 324 1087 360 est
1102 316 1147 358 in
1164 316 1338 373 regione
1359 331 1477 360 mor-

92 400 295 447 tuorum,
325 389 372 434 id
393 400 456 435 est
476 426 487 446 ,
520 391 567 434 in
597 405 724 435 carne
751 388 937 434 mortali.
977 407 998 430 ι(
1023 388 1104 440 Qui
1125 387 1239 430 enim
1272 387 1318 430 in
1351 403 1477 432 carne

94 479 116 504 »
150 471 253 506 sunt
269 496 280 517 ‚
300 464 391 506 Deo
411 461 581 521 placere
602 477 692 506 non
712 468 907 521 possunt.
925 477 946 500 »
974 457 1100 503 Unde
1121 456 1242 517 quod
1263 458 1473 516 sequitur,

92 540 135 576 et
156 531 263 576 dicit
283 531 400 576 idem
412 532 642 591 Apostolus
660 551 668 576 ε
688 533 804 576 «Vos
823 539 968 575 autem
984 545 1074 574 non
1096 529 1195 572 estis
1215 528 1261 571 in
1282 542 1434 572 carne:
1453 545 1473 569 »

91 601 335 647 secundum
356 602 402 646 id
423 601 527 646 dicit
549 623 560 660 3
589 621 610 644 «
644 601 773 655 Quod
795 617 950 661 corpus
971 599 1149 661 quidem
1171 607 1394 643 mortuum
1417 607 1480 642 est

94 690 114 714 »
149 681 327 732 propter
348 681 575 731 peccatum
592 707 603 727 ‚
629 672 801 731 spiritus
825 681 970 716 autem
989 670 1078 715 vita
1109 677 1172 713 est
1191 678 1370 728 propter
1382 669 1478 728 jus-

92 760 114 784 »
148 743 288 786 titiam
316 761 325 787 :
349 760 369 783 »
398 743 641 787 secundum
664 758 795 803 quem
816 742 1046 802 placebant
1067 740 1275 795 Domino,
1296 740 1397 799 quia
1417 755 1479 784 se-

89 811 286 857 cundum
308 812 452 871 ipsum
473 813 519 855 in
549 828 677 857 carne
698 829 789 857 non
820 821 957 856 erant.
993 811 1098 864 Quis
1133 820 1276 854 autem
1310 809 1480 869 placeat

87 884 179 927 Deo
200 882 300 927 vivo
316 917 326 937 ,
351 882 398 925 in
419 898 599 942 corpore
622 885 825 927 mortuo?
864 881 948 927 Sed
982 880 1089 941 quid
1111 881 1203 924 ait?
1225 899 1242 919 «
1267 880 1310 924 Si
1332 889 1478 924 autem

91 970 112 994 »
147 952 321 1011 spiritus
342 953 434 1012 ejus
455 953 532 1012 qui
552 953 775 997 suscitavit
796 955 944 997 Jesum
975 951 1198 996 Christum
1219 966 1243 994 a
1265 951 1446 994 mortuis
1463 985 1475 1005 ‚

91 1039 112 1063 »
147 1021 318 1066 habitat
339 1022 384 1065 in
406 1022 529 1067 vobis
550 1043 561 1080 3
585 1023 661 1083 qui
677 1023 896 1067 suscitavit
913 1025 1061 1067 Jesum
1083 1022 1306 1065 Christum
1327 1037 1351 1065 a
1366 1036 1479 1066 mor-

90 1110 112 1134 »
147 1091 255 1148 tuis,
275 1092 513 1137 vivificabit
535 1102 578 1137 et
599 1093 798 1137 mortalia
820 1108 1001 1152 corpora
1030 1101 1171 1137 vestra
1191 1101 1370 1151 propter
1391 1092 1479 1151 spi-

90 1179 112 1202 »
146 1161 280 1207 ritum
301 1162 380 1221 qui
401 1162 570 1206 habitat
600 1162 645 1205 in
667 1162 830 1207 vobis2.
855 1180 876 1203 »
905 1165 1026 1206 Tunc
1055 1162 1215 1205 erimus
1236 1162 1283 1205 in
1304 1161 1479 1220 regione

87 1231 285 1276 vivorum
303 1266 314 1286 ‚
339 1246 390 1274 ex
412 1231 531 1275 omni
552 1240 673 1291 parte
701 1231 918 1292 placentes
941 1232 986 1276 in
1016 1241 1252 1291 conspectu
1272 1233 1474 1288 Domini,

88 1315 138 1345 ex
162 1299 283 1344 nulla
303 1300 357 1344 ab
380 1310 576 1360 eoparte
598 1302 829 1360 peregrini.
856 1321 876 1346 (ι,
901 1301 1108 1354 Quandiu
1129 1303 1243 1346 enim
1261 1318 1408 1346 sumus
1430 1303 1478 1346 in

91 1390 110 1411 »
145 1385 341 1429 corpore,
360 1371 688 1429 peregrinamur
711 1388 734 1415 a
752 1371 936 1415 Domino
954 1380 1102 1416 nostro
1116 1373 1130 1397 ³
1150 1391 1158 1416 :
1175 1392 1192 1413 »
1214 1381 1257 1415 et
1273 1372 1319 1415 in
1333 1388 1476 1432 quan-

85 1448 181 1483 tum
203 1439 306 1485 inde
323 1439 664 1499 peregrinamur,
690 1441 735 1484 in
759 1450 930 1485 tantum
953 1456 1041 1485 non
1064 1457 1211 1485 sumus
1233 1442 1279 1485 in
1300 1442 1473 1500 regione

85 1509 299 1554 vivorum.
311 1529 328 1549 «
343 1509 613 1555 Confidimus
630 1520 775 1555 autem
793 1520 837 1555 et
850 1511 963 1555 bene
980 1511 1240 1555 arbitramur
1252 1512 1387 1570 magis
1402 1527 1475 1571 pe-

91 1599 109 1621 »
144 1580 351 1637 regrinari
368 1595 391 1623 a
409 1594 603 1639 corpore,
629 1589 671 1623 et
691 1581 928 1624 immanere
946 1580 1002 1625 ad
1023 1581 1256 1625 Dominum
1278 1600 1287 1626 :
1313 1591 1356 1626 et
1373 1581 1474 1628 ideo

91 1668 109 1690 »
146 1649 388 1704 ambimus,
425 1650 513 1694 sive
547 1650 853 1706 immanentes,
890 1651 978 1695 sive
1000 1652 1323 1711 peregrinantes
1343 1687 1354 1707 ‚
1379 1652 1472 1710 pla-

90 1738 109 1760 »
144 1728 290 1763 centes
312 1718 376 1764 illi
399 1735 488 1763 esse
503 1720 534 1764 4.
567 1740 584 1761 »
606 1721 832 1765 Ambimus
855 1721 1033 1781 quidem
1054 1737 1189 1777 nunc,
1210 1722 1309 1782 quia
1327 1738 1473 1781 expec-

86 1798 228 1833 tamus
259 1789 403 1834 adhuc
442 1789 786 1851 redemptionem
821 1792 1011 1851 corporis
1040 1792 1236 1837 nostri⁵:
1271 1791 1346 1837 sed
1372 1809 1472 1837 cum

86 1859 287 1919 absorpta
310 1858 443 1903 fuerit
463 1875 578 1904 mors
608 1861 652 1903 in
668 1861 910 1918 victoriam,
936 1871 978 1906 et
999 1862 1280 1923 corruptibile
1301 1865 1386 1908 hoc
1408 1864 1472 1908 in-

85 1927 230 1973 duerit
249 1929 623 1989 incorruptionem
638 1965 649 1986 ‚
675 1940 717 1975 et
734 1931 916 1976 mortale
938 1933 1022 1978 hoc
1040 1934 1232 1979 induerit
1243 1935 1468 1979 immorta-

84 1998 310 2057 litatem03
343 2009 449 2044 tunc
471 2000 618 2044 nullus
642 2001 721 2046 erit
747 2002 874 2047 fletus
889 2038 900 2059 ,
933 2004 1033 2064 quia
1061 2004 1207 2049 nullus
1228 2005 1402 2065 lapsus3
1427 2015 1470 2051 et

85 2068 232 2113 nullus
254 2068 423 2128 lapsus,
449 2071 551 2130 quia
573 2070 694 2116 nulla
715 2075 950 2133 corruptio.
977 2078 1033 2119 Et
1055 2075 1153 2120 ideo
1169 2077 1260 2136 jam
1277 2092 1366 2121 non
1384 2092 1470 2121 am-

84 2139 254 2184 biemus
271 2139 457 2199 placere,
481 2142 557 2185 sed
579 2143 756 2188 omnino
779 2144 1045 2204 placebimus
1062 2147 1106 2190 in
1128 2157 1365 2207 conspectu
1386 2150 1470 2192 Do-

84 2224 191 2254 mlnl
206 2245 217 2265 ‚
242 2226 289 2253 in
310 2225 482 2268 regione
503 2227 717 2257 vlvorum.

133 2310 142 2327 ¹
159 2305 242 2337 Psal.
261 2316 344 2347 cxiv,
370 2317 402 2348 9.
423 2324 465 2330 —-
479 2314 492 2330 ²
513 2310 602 2340 Rom.
623 2320 691 2348 vui,
705 2309 802 2342 8—11.
826 2327 868 2333 —
884 2309 897 2334 3
914 2318 933 2343 2
950 2313 1022 2344 Cor.
1039 2322 1071 2353 v,
1090 2312 1123 2345 6.
1143 2329 1182 2337 —-
1205 2312 1317 2346 41bid.
1335 2313 1368 2355 8,
1384 2324 1465 2356 9.—

87 2357 102 2382 ⁵
118 2362 208 2392 Rom.
227 2371 294 2401 vm,
310 2362 363 2394 23.
390 2380 430 2386 -—
450 2361 466 2386 6
486 2375 498 2396 1
520 2366 591 2397 Cor¹
613 2377 666 2404 xv,
688 2366 742 2406 53,
762 2365 814 2407 54.
