1848 3261
388 215 471 254 242
573 245 577 248 -
818 225 850 253 s.
886 228 1116 256 AUGUSTINI
1148 228 1327 255 Emscom

382 290 641 336 minicarum
674 290 963 337 confessiones
978 327 990 345 ‚
1016 292 1272 351 generaliter
1293 294 1338 336 in
1360 293 1444 337 hoc
1465 293 1637 337 Psalmo
1659 307 1767 337 con-

377 371 608 422 sequenter
628 362 718 422 ipsa
745 362 1078 408 commendatur
1107 361 1303 407 Ecclesia
1334 382 1343 408 :
1366 373 1416 407 ut
1448 363 1768 408 evidentissime

379 433 583 478 noveritis
598 469 609 489 ,
635 433 690 478 de
712 450 799 494 qua
820 433 1015 478 Psalmus
1039 434 1094 479 ab
1127 432 1302 478 exordio
1330 433 1610 494 loquebatur.
1635 435 1768 479 Com-

377 503 610 548 mendatur
622 514 768 549 autem
785 505 845 548 ita
866 513 916 548 ut
928 504 1053 548 nobis
1068 504 1113 548 in
1135 503 1338 548 omnibus
1355 504 1432 547 Dei
1446 504 1581 562 gratia
1604 502 1767 563 praedi-

374 584 498 620 cetur
517 611 529 630 ,
551 595 572 618 «
597 576 678 628 Qui
699 575 898 634 superbis
921 576 1100 631 resistit,
1123 575 1367 619 humilibus
1393 584 1540 620 autem
1562 575 1637 619 dat
1666 590 1765 633 gra-

377 663 397 687 »
424 646 546 690 tiam¹
561 664 570 690 z
588 663 608 686 »
625 645 726 705 quia
742 644 841 689 ideo
853 644 925 689 ille
938 645 1074 701 venit,
1090 665 1110 688 «
1129 647 1187 690 Ut
1199 646 1376 707 quinon
1392 645 1556 700 vident,
1568 645 1762 700 videant,

375 734 396 758 »
432 725 475 760 et
496 715 768 776 quivident,
793 716 895 759 caeci
918 716 1051 760 fiant²
1074 735 1082 760 ;
1112 716 1214 775 quia
1237 716 1378 760 omnis
1410 715 1534 760 vallis
1560 714 1768 775 implebi-

377 805 398 828 η
432 797 504 832 tur
521 822 531 842 ,
558 796 601 831 et
622 787 762 832 omnis
779 803 904 832 mons
927 797 971 832 et
992 787 1112 832 collis
1125 787 1471 831 humiliabitur3.
1498 807 1516 828 »
1536 791 1631 840 Quo
1651 802 1769 831 com-

370 858 576 903 mendato
592 893 603 914 ‚
628 857 789 902 dicitur
807 856 996 918 aliquid,
1025 857 1147 918 quod
1170 858 1300 902 etiam
1324 856 1379 901 de
1402 858 1616 902 haereticis
1637 857 1770 901 intel-

370 929 530 988 ligatur
543 965 553 984 ,
576 929 737 989 quibus
749 937 958 988 tanquam
973 928 1176 972 civilibus
1190 928 1313 972 bellis
1331 928 1529 988 quatitur
1542 928 1736 972 Ecclesia
1750 948 1762 986 3

372 1008 415 1044 et
455 998 732 1043 concluditur
766 997 962 1042 Psalmus
985 1033 997 1053 ,
1043 1013 1177 1058 quem
1213 999 1303 1058 jam
1339 998 1517 1057 exposui
1543 1033 1553 1052 ,
1592 998 1767 1042 brevius

372 1069 551 1114 fortasse
573 1084 705 1129 quam
718 1068 950 1128 putabatis.
969 1070 1079 1114 Nam
1094 1083 1234 1128 usque
1257 1068 1366 1112 adeo
1388 1084 1458 1112 me
1472 1069 1602 1113 istum
1624 1077 1769 1113 totum

372 1139 594 1184 Psalmum
620 1139 894 1199 aliquantum
931 1137 1150 1198 prolixum
1182 1139 1428 1198 exposuisse
1465 1139 1651 1183 arbitror
1666 1174 1678 1194 ,
1719 1147 1769 1183 ut

366 1211 457 1270 jam
479 1210 674 1254 officium
697 1226 720 1254 a
743 1225 810 1253 me
833 1225 922 1254 non
957 1209 1189 1267 expectetis
1217 1209 1497 1269 disputatoris
1515 1245 1526 1264 ,
1553 1209 1630 1254 sed
1657 1224 1772 1268 pene

372 1281 561 1336 lectoris,
577 1280 611 1324 si
633 1281 787 1325 tenetis
809 1296 907 1340 quae
929 1279 1031 1324 dixi.
1058 1284 1171 1324 Puto
1194 1282 1334 1335 enim,
1364 1290 1465 1325 sunt
1487 1289 1588 1324 ante
1620 1280 1770 1326 oculos

373 1362 536 1397 vestros
559 1352 818 1396 constituta:
844 1350 917 1394 sed
940 1360 988 1394 ut
1000 1351 1153 1395 melius
1166 1351 1529 1395 commendentur
1547 1387 1557 1407 ,
1576 1351 1767 1396 breviter

375 1424 654 1483 replicentur,
670 1422 813 1466 Prima
829 1422 1025 1472 tentatio,
1047 1423 1201 1466 erroris
1212 1431 1254 1466 et
1266 1421 1390 1466 tamis
1400 1423 1540 1480 verbi,
1555 1422 1761 1476 secunda,

376 1494 644 1539 difficultatis
661 1489 975 1537 vincendarum
993 1492 1442 1551 concupiscentiarum
1459 1493 1628 1549 3·tertia,
1644 1492 1764 1536 taedii

377 1575 508 1626 atque
522 1562 703 1620 fastidii,
717 1571 886 1623 quarta,
907 1564 1167 1621 tempestatis
1184 1571 1227 1606 et
1241 1562 1536 1621 periculorum
1550 1563 1595 1607 in
1610 1563 1768 1622 guber-

379 1635 532 1680 nandis
544 1634 746 1679 Ecclesiis
764 1653 772 1677 ;
791 1633 891 1676 etin
902 1633 966 1676 his
981 1633 1183 1676 omnibus
1198 1632 1546 1688 exclamationes,
1562 1632 1766 1677 etlibera-

379 1707 518 1751 tiones
534 1741 545 1756 ,
564 1714 606 1748 et
620 1703 942 1747 miserationum
958 1702 1424 1747 Deiconfess1011es.Ad
1439 1712 1557 1746 extre
1565 1718 1684 1747 mum
1702 1703 1769 1762 ip-

378 1778 464 1822 sius
472 1775 677 1820 Ecclesiae
690 1775 739 1818 fit
749 1773 1086 1828 commendatio,
1101 1789 1199 1833 quae
1212 1782 1254 1816 et
1267 1773 1381 1817 salva
1395 1772 1507 1818 facta
1520 1783 1584 1817 est
1594 1790 1671 1833 per
1681 1789 1772 1832 gra-

382 1849 487 1892 tiam
505 1846 582 1891 Dei
597 1845 754 1899 nostri,
768 1860 858 1888 non
872 1858 948 1903 per
961 1843 1165 1887 meritum
1175 1859 1305 1886 suum
1324 1863 1333 1888 ε
1351 1852 1770 1888 etcommemoratur

380 1918 659 1962 inimicorum
681 1916 855 1959 afflictio
873 1923 1050 1973 propter
1067 1914 1341 1973 superbiam,
1366 1914 1526 1973 quibus
1553 1915 1767 1970 extinctis,

380 1998 521 2034 erecta
543 1998 606 2032 est
623 1987 813 2031 Ecclesia
835 2006 843 2031 t
863 1995 907 2030 ct
928 1994 1104 2045 propter
1134 1984 1311 2030 insidias
1331 1985 1541 2045 quasdam
1565 1985 1769 2030 deminu-

380 2061 509 2105 tionis
529 2060 583 2103 ab
606 2057 817 2102 haereticis
833 2092 843 2111 ,
868 2065 910 2100 et
927 2055 1288 2100 detrimentorum
1315 2055 1507 2114 quodam
1530 2055 1662 2100 modo
1682 2055 1765 2100 do-

378 2130 682 2183 mesticorum,
719 2137 761 2171 et
783 2142 835 2170 ex
855 2127 921 2170 his
951 2127 1062 2170 circa
1095 2125 1335 2170 Ecclesiam
1357 2125 1504 2170 divina
1527 2126 1764 2181 beneficia,

378 2210 421 2244 et
437 2199 593 2244 Psalmi
607 2197 842 2243 conclusio.
860 2200 1073 2254 Legamus
1086 2196 1176 2255 jam
1189 2195 1324 2254 magis
1342 2211 1477 2256 quam
1489 2196 1762 2240 disseramus.

437 2273 516 2314 IX.
537 2289 557 2312 «
580 2269 732 2314 Dicant
750 2267 826 2327 qui
847 2266 1063 2326 redempti
1081 2274 1182 2310 sunt
1196 2281 1219 2308 a
1238 2265 1439 2320 Domino,
1460 2281 1569 2325 quos
1585 2265 1770 2310 redemit

382 2362 401 2384 »
436 2342 491 2386 de
513 2357 647 2384 manu
675 2339 975 2393 inimicorum,
1004 2337 1058 2381 de
1082 2337 1330 2395 regionibus
1353 2337 1630 2396 congregavit
1659 2352 1731 2380 eos
1747 2372 1764 2392 ,

382 2432 401 2453 »
438 2412 491 2455 ab
514 2411 689 2455 Oriente
707 2419 749 2453 et
765 2410 947 2462 Occasu,
967 2417 1008 2452 et
1020 2406 1236 2467 Aquilone
1254 2415 1296 2450 et
1310 2407 1458 2451 Mari&
1486 2425 1506 2448 »
1526 2406 1765 2451 Christiani

385 2498 488 2541 ergo
510 2482 590 2541 ipsi
607 2480 776 2535 dicant,
804 2480 859 2524 de
880 2488 972 2523 toto
994 2478 1100 2523 orbe
1118 2477 1358 2522 convocati.
1390 2496 1410 2519 «
1436 2480 1702 2521 Erraverunt
1718 2476 1764 2520 in

433 2575 439 2589 ¹
460 2566 574 2599 Jacob.
602 2578 648 2608 iv,
665 2565 699 2597 6.
720 2583 759 2588 —
776 2571 789 2588 ¹
806 2567 959 2605 Joan.1x,
975 2564 1028 2606 39.
1055 2580 1095 2585 —
1119 2560 1132 2585 3
1152 2563 1224 2595 lsai.
1245 2573 1297 2602 ιι,
1315 2561 1346 2604 4.
1368 2579 1408 2585 -
1426 2561 1443 2591 4
1467 2561 1548 2594 Psal.
1567 2572 1630 2603 cvi,
1650 2570 1682 2604 2,
1702 2561 1732 2594 3.
