1848 3261
472 213 714 248 ENARRATIO
744 219 791 248 IN
822 216 1025 248 PsALMUM
1055 218 1142 248 cm.
1392 209 1478 250 287

92 281 304 327 Dominus
325 280 428 326 fecit
451 300 460 327 ε
481 291 544 327 est
562 292 709 328 autem
726 282 845 328 aliud
866 283 986 344 quod
1012 291 1112 328 stat.
1136 281 1270 328 Aliud
1287 292 1351 329 est
1366 319 1384 344 ‚‚
1403 285 1475 330 in-

92 367 242 412 quam,
253 352 548 397 transitorium
561 354 749 410 Domini,
765 352 883 398 aliud
895 353 1049 407 stabile
1061 352 1251 398 Domini.
1266 355 1481 402 Transito-

92 425 206 469 rium
221 425 394 469 Domini
408 425 580 483 virginis
593 435 756 486 partuS,
772 425 908 470 Verbi
918 425 1173 480 incarnatio,
1186 433 1365 469 aetatum
1379 442 1480 485 gra-

91 496 227 553 datio,
246 496 556 542 miraculorum
580 497 787 541 exhibitio
804 532 814 552 ,
830 497 1077 557 passionum
1090 496 1325 556 perpessio,
1346 512 1476 554 mors,

90 567 346 611 resurrectio
360 567 549 611 ascensio
559 567 604 611 in
616 566 778 611 coelum
792 586 801 612 z
816 568 896 612 hoc
909 576 1051 612 totum
1065 567 1362 611 transitorium
1375 566 1475 612 fuit.

89 639 188 682 Non
201 638 316 681 enim
329 638 472 681 adhuc
485 637 682 682 Christus
696 638 886 682 nascitur
900 673 910 694 ,
928 647 1003 682 aut
1024 638 1167 682 adhuc
1187 638 1387 693 moritur,
1405 646 1481 682 aut

88 707 231 752 adhuc
243 708 443 767 resurgit,
461 717 537 752 aut
549 707 692 753 adhuc
705 709 898 754 ascendit
909 709 955 752 in
967 708 1145 753 coelum.
1162 711 1316 755 Nonne
1324 709 1479 754 videtis

89 778 170 822 ista
185 776 298 822 facta
315 813 325 833 ,
346 793 423 838 per
435 787 632 838 tempora
648 779 907 835 cucurrisse,
928 794 1006 839 per
1021 788 1218 838 tempora
1235 779 1479 825 exhibuisse

85 847 324 893 viatoribus
345 847 556 908 quiddam
579 849 878 893 transitorium
897 884 908 905 ,
929 864 984 893 ne
1004 849 1050 893 in
1072 849 1141 894 via
1169 860 1444 895 remanerent
1459 886 1471 906 ,

87 917 164 962 sed
186 917 241 962 ad
267 919 451 978 patriam
473 919 777 977 pervenirent?
799 919 997 980 Denique
1018 928 1062 963 ct
1077 919 1138 963 illi
1159 919 1262 964 caeci
1286 920 1341 964 ad
1362 920 1479 965 viam

88 987 298 1033 sedebant
316 1024 327 1045 ,
350 988 413 1032 ibi
429 997 727 1033 transeuntem
747 998 1001 1045 senserunt,
1019 998 1061 1033 et
1079 989 1309 1034 clamando
1327 999 1480 1034 tenue-

87 1067 206 1103 runt.
234 1062 284 1103 In
305 1059 374 1104 via
391 1074 494 1118 ergo
514 1059 660 1104 saeculi
677 1060 807 1120 hujus
828 1061 912 1104 hoc
930 1060 1226 1105 transitorium
1247 1060 1312 1104 sui
1332 1061 1479 1104 Domi-

87 1144 171 1173 nus
193 1138 396 1189 operatus
414 1137 504 1184 est,
531 1138 574 1174 et
594 1130 678 1174 hoc
711 1131 1007 1176 transitorium
1036 1131 1224 1190 pertinet
1253 1130 1308 1175 ad
1339 1131 1480 1175 filium

87 1199 240 1244 David.
261 1199 365 1244 Ideo
389 1198 452 1243 illi
473 1200 654 1243 Domino
677 1201 942 1256 transeunti,
969 1219 989 1242 «
1013 1201 1216 1245 Miserere
1234 1202 1393 1256 nostri,
1413 1201 1477 1245 fili

90 1287 111 1312 >›
146 1269 300 1315 David.
325 1288 346 1311 »
368 1273 593 1329 Tanquam
611 1269 824 1326 dicerent,
843 1270 1003 1316 Filium
1019 1272 1157 1316 David
1169 1272 1213 1315 in
1230 1280 1480 1316 transeunte

87 1341 410 1398 cognoscimus,
438 1338 580 1383 filium
602 1340 741 1384 David
769 1339 938 1385 factum
965 1341 1011 1385 in
1042 1342 1227 1386 transitu
1257 1342 1477 1388 discimus.

87 1414 387 1470 Agnoscamus
420 1425 523 1469 ergo
546 1418 589 1454 et
621 1426 728 1466 nOS,
753 1420 797 1455 et
831 1411 971 1455 filium
994 1411 1134 1456 David
1165 1413 1476 1469 confiteamur,

86 1490 138 1526 ut
159 1481 395 1525 illuminari
416 1496 676 1525 mereamur.
710 1481 926 1526 Sentimus
949 1482 1066 1526 enim
1100 1491 1402 1528 transeuntem
1424 1484 1479 1527 fi-

86 1553 197 1598 lium
215 1552 354 1598 David
374 1588 385 1608 ,
411 1562 454 1597 et
474 1551 774 1597 illuminamur
791 1568 815 1597 a
836 1553 1025 1598 Domino
1044 1553 1198 1598 David.

146 1627 222 1669 VI.
240 1627 355 1670 Ecce
373 1639 473 1682 ergo
490 1623 591 1684 quia
606 1624 811 1683 Magister
823 1633 970 1668 noster
984 1624 1268 1683 interrogavit
1284 1626 1308 1668 J
1312 1623 1477 1681 udaeos,

87 1704 132 1740 et
153 1693 252 1740 ideo
275 1710 365 1740 non
387 1694 728 1754 responderunt,
755 1694 857 1755 quia
880 1694 1081 1754 discipuli
1103 1710 1193 1739 esse
1214 1694 1477 1754 noluerunt3

87 1780 187 1810 ecce
204 1765 237 1809 si
254 1780 332 1810 nos
350 1765 638 1824 interrogaret
649 1799 660 1820 ,
689 1764 797 1824 quid
814 1765 1201 1824 responderemus?
1218 1763 1482 1811 Defecerunt

87 1835 134 1879 in
155 1836 238 1879 hac
269 1835 609 1893 interrogatione
637 1834 780 1878 Judaei
797 1870 808 1890 ,
845 1835 1078 1894 proficiant
1107 1835 1365 1894 Christiani,
1390 1852 1481 1881 non

87 1905 425 1966 perturbentur,
451 1903 526 1949 sed
547 1904 817 1949 erudiantur.
844 1907 943 1950 Non
970 1906 1084 1950 enim
1107 1907 1313 1952 Dominus
1345 1907 1481 1951 inter-

88 1985 211 2034 rogat
233 1976 398 2020 discere
426 1975 598 2032 volens,
624 1976 700 2020 sed
719 1986 928 2037 tanquam
950 1977 1104 2022 doctor
1124 1976 1376 2036 interrogat.
1401 1978 1480 2023 Di-

88 2056 236 2092 cerent
253 2044 393 2092 m‘iseri
415 2046 557 2092 Judaei
577 2082 589 2102 ,
611 2050 677 2091 Tu
698 2047 768 2093 dic
796 2048 936 2093 nobis.
965 2048 1218 2094 Maluerunt
1241 2049 1390 2093 inflata
1413 2059 1480 2094 ta-

88 2119 339 2163 citurnitate
373 2118 583 2179 disrumpi
600 2154 611 2174 ‚
645 2135 778 2180 quam
812 2119 967 2164 humili
995 2119 1266 2166 confessione
1289 2120 1477 2166 edoceri.

88 2189 212 2235 Dicat
230 2204 331 2248 ergo
354 2190 481 2235 nobis
502 2190 708 2249 Magister
724 2201 893 2247 noster,
914 2201 957 2236 et
972 2192 1196 2237 videamus
1219 2192 1327 2252 quid
1342 2192 1480 2236 inter-

31 2314 36 2320 ,
87 2259 257 2318 roganti
278 2260 619 2319 respondeamus
645 2280 654 2305 ε
684 2279 703 2303 α
726 2260 844 2314 Quid
862 2262 982 2306 vobis
1000 2262 1175 2308 videtur
1197 2262 1250 2307 de
1274 2262 1479 2308 Christo?

90 2347 112 2371 »
148 2331 271 2389 cujus
289 2338 352 2374 est
369 2328 513 2374 filius?
537 2350 556 2371 »
582 2332 939 2391 Respondeamus
969 2333 1148 2378 omnino
1173 2331 1294 2393 quod
1316 2332 1475 2388 Judaei,

89 2400 166 2445 sed
191 2416 281 2445 non
297 2416 597 2447 remaneamus
618 2402 696 2446 ubi
725 2405 749 2446 J
755 2402 882 2447 udaei.
909 2403 1168 2448 Recolamus
1191 2402 1478 2462 Evangelium

89 2471 212 2531 quod
243 2470 459 2516 credimus
493 2491 502 2517 :
532 2472 707 2518 «Liber
736 2475 1023 2531 generationis
1050 2477 1154 2520 Jesu
1184 2474 1365 2529 Christi,
1400 2473 1478 2518 filii
