1848 3261
385 197 468 236 398
812 202 846 232 S.
880 201 1111 234 Aueusnm
1143 205 1326 234 Emscom

387 292 408 316 »
443 271 550 326 tibi,
581 278 625 315 et
644 285 871 331 nunquam
891 271 1147 316 mandatum
1177 280 1306 316 tuum
1333 269 1535 332 praeterii.
1564 287 1585 313 »
1611 271 1766 316 Junior

384 358 487 402 ergo
511 340 584 385 ille
608 341 792 387 correxit
805 342 918 386 viam
942 358 1064 387 suam
1079 377 1090 397 ,
1110 358 1241 402 quam
1258 343 1375 388 scita
1396 342 1648 402 depravasse
1664 358 1767 402 per-

384 428 638 474 versamque
659 413 861 458 habuisse
882 412 1102 458 confessus
1119 423 1198 469 est,
1223 423 1274 458 ut
1293 415 1405 474 patri
1430 413 1590 458 diceret
1608 432 1617 458 :
1638 432 1657 455 «
1670 416 1694 457 J
1699 428 1768 458 am

387 502 409 526 »
443 500 533 529 non
555 499 651 528 sum
676 483 834 541 dignus
855 485 1000 528 vocari
1032 484 1146 529 filius
1177 494 1276 529 tuus
1292 486 1323 528 ¹.
1353 502 1373 526 »
1401 484 1568 528 Tertius
1592 499 1769 544 quoque

384 553 630 599 intellectus
665 552 772 596 mihi
807 554 1019 609 occurrit,
1057 570 1191 615 quem
1223 553 1403 614 quidem
1424 569 1526 613 ego,
1555 562 1771 614 quantum

385 641 464 685 pro
481 623 662 669 modulo
680 638 778 668 meo
795 624 928 684 sapio,
954 623 1129 670 duobus
1150 625 1443 685 superioribus
1461 633 1701 684 anteponet
1720 632 1772 668 ut

384 695 527 740 senior
544 703 803 754 agnoscatur
811 704 965 751 ,vetus
986 695 1118 741 homo
1138 716 1150 754 3
1174 705 1217 740 et
1233 711 1388 751 novus,
1403 694 1552 756 junior
1577 714 1586 740 :
1611 695 1769 751 senior,

384 765 461 826 qui
478 775 623 826 portat
643 766 877 825 imaginem
898 766 1059 811 terreni
1079 766 1293 825 hominis3
1315 766 1464 828 junior
1481 800 1492 818 ,
1517 765 1594 827 qui
1615 764 1774 810 coeles-

385 836 466 896 tis,
493 837 594 898 quia
627 855 649 880 «
674 839 772 883 Non
794 837 914 897 prius
946 837 1068 898 quod
1098 836 1289 897 spiritale
1323 847 1407 892 est,
1439 837 1516 883 sed
1537 835 1658 897 quod
1681 837 1775 881 ani-

389 925 411 949 »
446 907 574 962 male,
591 916 739 967 postea
756 908 947 968 spiritale
959 911 1021 952 2.»
1039 907 1101 953 Sit
1117 923 1220 968 ergo
1236 908 1338 953 licet
1354 907 1540 968 quilibet
1559 916 1775 968 quantum

387 978 443 1023 ad
465 987 638 1023 aetatem
662 979 851 1038 pertinet
872 978 1078 1038 corporis,
1095 994 1258 1023 annosa
1270 987 1484 1024 vetustate
1508 977 1771 1037 decrepitus,

383 1049 532 1110 junior
554 1050 635 1094 erit
651 1048 708 1093 ad
729 1052 870 1094 Deum
891 1058 1094 1109 percepta
1117 1050 1266 1109 gratiae
1294 1050 1486 1095 novitate
1508 1064 1740 1094 conversus
1762 1067 1771 1092 ε

389 1128 432 1164 et
454 1119 499 1163 in
516 1120 600 1165 hoc
622 1120 799 1179 corrigit
815 1121 929 1165 viam
952 1136 1074 1164 suam
1089 1155 1100 1176 ‚
1126 1120 1173 1164 in
1193 1119 1478 1165 custodiendo
1497 1120 1630 1165 verba
1651 1120 1743 1179 ejus
1762 1137 1772 1164 :

387 1190 471 1234 hoc
485 1199 564 1248 est,
586 1190 770 1235 verbum
787 1190 889 1234 fidei
906 1190 1028 1250 quod
1049 1191 1338 1250 praedicamus
1352 1192 1385 1247 ³,
1405 1199 1449 1235 et
1468 1190 1560 1250 ipsa
1582 1198 1646 1234 est
1668 1188 1776 1234 fides

388 1277 488 1321 quae
511 1276 588 1320 per
605 1259 884 1305 dilectionem
906 1262 1150 1321 operatur⁴.

449 1335 532 1376 111.
558 1331 642 1377 Sed
665 1332 743 1375 iste
760 1333 908 1391 junior
925 1332 1129 1392 populus,
1148 1332 1294 1391 gratiae
1316 1332 1445 1387 filius,
1466 1334 1598 1376 homo
1620 1347 1775 1388 novus,

388 1411 586 1448 cantator
603 1403 707 1447 novi
730 1403 920 1458 Cantici,
947 1404 1082 1447 haeres
1102 1404 1363 1447 Testamenti
1384 1403 1510 1458 Novi,
1535 1403 1614 1447 iste
1629 1404 1778 1463 junior

389 1489 480 1517 non
507 1475 619 1518 Ca'i'n
636 1508 646 1528 ,
669 1473 746 1517 sed
768 1472 909 1530 Abe13
933 1489 1023 1518 non
1045 1473 1200 1518 Ismael
1220 1509 1230 1529 ,
1256 1473 1332 1517 sed
1352 1477 1469 1518 Isaac
1490 1495 1501 1531 3
1525 1490 1614 1518 non
1636 1474 1772 1530 Esaii,

389 1544 465 1587 secl
483 1542 615 1587 Isra'e'l
632 1563 642 1600 3
658 1558 748 1587 non
768 1545 1000 1598 Manasses,
1020 1543 1095 1587 sed
1114 1544 1344 1603 Ephraem3
1363 1560 1453 1588 non
1478 1543 1591 1600 Heli,
1611 1545 1687 1589 sed
1702 1546 1777 1589 Sa-

390 1613 535 1671 muel,
561 1629 651 1658 non
689 1613 814 1669 Saiil,
855 1614 930 1658 sed
966 1613 1130 1670 David,
1173 1614 1280 1675 quid
1302 1614 1510 1675 adjungat
1533 1615 1774 1661 attendite:

394 1704 414 1727 «
450 1688 502 1728 In
523 1693 633 1738 toto,
658 1684 817 1744 inquit,
842 1684 972 1729 corde
994 1700 1091 1729 meo
1114 1686 1322 1745 exquisivi
1344 1695 1407 1741 te,
1434 1702 1489 1730 ne
1512 1686 1692 1746 repellas
1708 1702 1778 1730 me

393 1774 413 1797 »
450 1771 473 1799 a
496 1754 710 1799 mandatis
732 1755 863 1799 tuis⁵.
889 1774 909 1797 »
941 1758 1054 1800 Ecce
1076 1766 1190 1811 orat,
1217 1765 1267 1800 ut
1294 1756 1524 1817 adjuvetur
1555 1757 1610 1802 ad
1632 1767 1779 1803 custo-

389 1825 550 1870 dienda
570 1825 704 1871 verba
725 1826 818 1881 Dei,
836 1825 883 1869 in
905 1842 993 1886 quo
1011 1825 1177 1870 dixerat
1194 1828 1310 1871 viam
1332 1843 1453 1872 suam
1471 1828 1682 1886 corrigere
1702 1830 1777 1889 ju-

390 1897 571 1940 niorem.
596 1898 707 1941 Nam
728 1895 881 1956 utique
900 1897 984 1940 hoc
1002 1905 1079 1952 est,
1101 1899 1200 1942 «Ne
1224 1896 1405 1956 repellas
1428 1913 1498 1942 me
1520 1914 1544 1942 a
1566 1897 1778 1942 mandatis

394 1986 414 2009 »
449 1967 550 2011 tuis.
573 1985 594 2007 »
618 1966 733 2019 Quid
763 1975 826 2010 est
848 1970 965 2011 enim
982 1984 1006 2011 a
1032 1971 1122 2012 Deo
1144 1967 1320 2027 repelli,
1342 1966 1422 2012 nisi
1443 1984 1532 2013 non
1553 1968 1777 2029 adjuvari?

389 2036 604 2083 Mandatis
625 2037 788 2096 quippe
805 2038 897 2097 ejus
913 2038 1038 2082 rectis
1052 2047 1182 2098 atque
1200 2038 1344 2082 arduis
1359 2039 1551 2083 humana
1566 2055 1656 2084 non
1669 2055 1777 2084 con-

390 2116 657 2168 temperatur
680 2107 932 2164 infirmitas,
965 2108 1045 2152 nisi
1068 2109 1337 2168 praeveniens
1359 2111 1449 2170 ejus
1472 2109 1650 2170 adjuvet
1670 2111 1778 2154 cha-

390 2179 506 2223 ritas.
541 2181 659 2232 Quos
691 2187 836 2223 autem
866 2195 956 2223 non
989 2178 1193 2239 adjuvat,
1227 2179 1305 2223 hos
1340 2181 1496 2224 merito
1524 2181 1778 2240 perhibetur

391 2249 616 2310 repellere,
633 2259 841 2309 tanquam
856 2251 1056 2294 flammea
1068 2250 1231 2295 framea
1253 2252 1570 2310 prohibeantur
1590 2252 1774 2310 indigni,

391 2336 448 2366 ne
468 2337 648 2366 manum
670 2321 904 2366 extendant
925 2321 982 2366 ad
1018 2322 1217 2366 arborem
1242 2322 1388 2366 vitaefi.
1421 2323 1525 2376 Quis
1548 2331 1611 2367 est
1632 2332 1778 2367 autem

393 2391 551 2453 dignus
569 2428 580 2449 ,
605 2409 657 2437 ex
677 2409 766 2454 quo
786 2408 865 2453 per
884 2409 1024 2438 unum
1044 2393 1267 2439 hominem
1289 2403 1519 2453 peccatum
1541 2394 1717 2440 intravit
1732 2395 1778 2439 in

443 2496 452 2513 ¹
474 2492 552 2523 Luc.
571 2501 624 2532 xv,
646 2499 758 2523 12-21.
773 2507 811 2514 -—
832 2498 846 2514 2
868 2502 881 2523 1
903 2493 975 2524 Cor.
998 2502 1050 2532 xv,
1070 2489 1126 2533 46,
1143 2490 1254 2534 49.-
1271 2489 1284 2515 3
1303 2493 1396 2525 Rom.
1415 2503 1447 2534 x,
1463 2492 1495 2525 8.
1518 2508 1560 2515 -—
1576 2489 1594 2522 4
1612 2491 1681 2525 Gal,
1700 2491 1777 2534 v‚6.

397 2562 439 2570 —
456 2544 471 2570 5
495 2545 576 2579 Psal.
596 2546 707 2589 cxviu,
724 2557 774 2580 ιο.
794 2563 836 2571 -
853 2544 869 2569 6
886 2548 965 2580 Gen.
989 2557 1038 2589 111,
1059 2546 1114 2589 24.
