1848 3261
385 236 440 275 39
447 233 472 273 4
811 241 830 271 S
837 260 846 270 .
882 241 1113 272 AUGUSTINI
1144 243 1326 271 EPISCOPI

383 313 428 356 in
451 309 616 355 arbitrii
639 318 851 369 potestate
869 345 879 365 ,
901 319 951 353 ut
974 308 1097 354 nullo
1118 308 1317 367 indigens
1335 307 1588 369 adjumento
1609 308 1655 354 id
1671 325 1772 370 pos-

383 382 440 427 sit
461 382 666 425 efficere?
702 384 818 439 Ergo
843 381 877 424 si
899 390 1021 440 optat
1045 381 1176 425 homo
1197 379 1319 439 quod
1338 380 1535 440 praecipit
1556 384 1670 425 Deus
1689 402 1701 440 3
1723 391 1774 425 ut

384 451 458 497 det
482 452 573 512 ipse
598 451 718 512 quod
748 451 945 510 praecipit
965 486 975 506 ‚
1011 449 1230 509 rogandus
1253 459 1316 493 est
1333 455 1457 493 Deus.
1488 454 1526 495 Α
1547 467 1635 511 quo
1657 453 1773 495 enim

383 524 628 584 optandum
650 532 712 566 est
727 557 738 577 ‚
765 522 846 565 nisi
870 520 1037 577 abillo,
1056 538 1078 566 a
1101 537 1189 582 quo
1215 539 1235 563 «
1260 524 1386 565 Patre
1408 521 1626 565 luminum
1644 538 1774 567 omne

385 613 406 638 >1
444 596 596 639 datum
630 592 845 652 optimum
880 601 923 635 et
958 607 1087 636 omne
1119 592 1285 637 donum
1320 590 1562 651 perfectum
1583 627 1594 648 ‚
1626 602 1773 638 sancta

385 684 407 708 n
445 665 665 723 Scriptura
687 672 818 718 teste,
849 661 1074 707 descendit
1093 665 1104 687 ¹
1124 663 1142 703 ’ἓ
1164 681 1183 703 ι)
1210 666 1392 722 Propter
1420 677 1492 706 eos
1522 672 1667 706 autem
1698 664 1774 723 qui

384 744 544 797 putant
565 735 649 779 hoc
674 734 766 779 solo
798 749 876 778 nos
900 733 954 777 ad
976 732 1445 793 faciendamjustitiam
1468 731 1676 778 divinitus
1697 734 1775 777 ad-

380 807 539 868 juvari,
561 805 683 866 quod
700 805 777 850 Dei
799 813 1015 864 praecepta
1033 803 1159 848 nobis
1181 806 1227 849 in
1248 804 1448 848 notitiam
1472 804 1771 863 proferuntur,

386 887 436 923 ut
462 893 512 922 ea
535 876 709 936 cognita
730 911 740 932 ‚
767 877 858 936 jam
880 876 971 920 sine
1003 873 1094 919 ulla
1116 875 1195 919 Dei
1217 875 1351 934 gratia
1367 910 1378 929 ,
1401 875 1500 919 solis
1522 884 1681 920 nostrae
1698 890 1778 920 vo-

385 948 563 993 luntatis
581 947 746 992 viribus
768 946 1049 1006 impleantur,
1072 961 1163 990 non
1184 953 1306 1005 optat
1330 945 1402 989 hic
1423 944 1551 1004 dirigi
1572 946 1660 990 vias
1682 960 1778 989 suas

385 1018 442 1065 ad
460 1017 765 1064 custodiendas
789 1018 1119 1078 justificationes
1141 1017 1218 1061 Dei
1238 1051 1249 1071 ‚
1274 1016 1356 1060 nisi
1373 1017 1465 1076 jam
1482 1017 1573 1076 ejus
1592 1017 1776 1076 acceptis

384 1091 480 1150 ipso
510 1089 791 1149 praecipiente
823 1087 1056 1132 mandatis.
1093 1087 1163 1132 Ad
1185 1087 1270 1131 hoc
1298 1086 1413 1130 enim
1446 1087 1635 1146 pertinet
1657 1087 1778 1147 quod

385 1161 621 1222 praemisit,
652 1178 672 1202 «
699 1162 764 1203 Tu
786 1158 1029 1219 praecepisti
1050 1158 1256 1202 mandata
1277 1166 1354 1201 tua
1372 1157 1580 1201 custodiri
1602 1157 1774 1201 nimis.»

388 1234 615 1291 Tanquam
632 1230 795 1275 diecret
812 1250 819 1274 :
837 1233 861 1274 J
865 1245 933 1273 am
950 1229 1092 1288 legem
1115 1228 1276 1288 accepi,
1291 1229 1382 1287 jam
1403 1227 1505 1272 novi
1522 1248 1533 1286 3
1551 1230 1648 1271 «Tu
1661 1227 1778 1271 enim

389 1320 409 1343 »
445 1301 689 1361 praecepisti
710 1300 915 1345 mandata
936 1309 1012 1344 tua
1034 1298 1242 1344 custodiri
1265 1298 1392 1341 nimis
1418 1317 1427 1342 ε
1461 1316 1482 1339 n
1508 1307 1551 1342 et
1571 1297 1777 1343 mandata

384 1382 460 1417 tua
484 1381 631 1416 sancta
640 1407 655 1427 ,
681 1380 724 1416 et
751 1371 866 1431 justa
881 1405 891 1425 ‚
925 1380 968 1414 et
991 1370 1134 1427 bona3
1163 1369 1239 1413 sed
1259 1377 1488 1428 peccatum
1511 1383 1588 1427 per
1611 1367 1777 1412 bonum

385 1443 493 1487 mihi
525 1451 730 1503 operatur
753 1450 939 1486 mortem
956 1444 973 1467 2
991 1475 1002 1496 ,
1028 1441 1108 1485 nisi
1141 1439 1319 1500 adjuvet
1340 1448 1414 1483 tua
1437 1439 1598 1497 gratia,
1634 1457 1654 1481 «
1680 1439 1776 1483 Uti-

387 1532 408 1556 »
444 1530 545 1557 nam
565 1529 665 1571 ergo
684 1513 927 1571 dirigantur
941 1512 1023 1557 viae
1045 1526 1153 1556 meae
1175 1511 1230 1556 ad
1253 1509 1558 1555 custodiendas
1570 1509 1776 1570 justifica-

387 1603 409 1627 »
443 1586 582 1629 tiones
604 1594 716 1629 tuas.
744 1602 765 1625 »

456 1659 538 1700 ΙΙΙ.
569 1675 590 1698 «
627 1658 748 1699 Tunc
774 1670 865 1699 non
893 1653 1165 1708 confundar,
1204 1651 1312 1696 dum
1338 1652 1519 1711 inspicio
1551 1652 1598 1695 in
1632 1652 1776 1696 omnia

389 1743 410 1767 η
445 1725 649 1770 mandata
672 1735 747 1769 tua
762 1727 793 1768 3.
822 1743 842 1766 »
868 1724 1075 1769 Mandata
1098 1724 1174 1768 Dei
1196 1724 1284 1767 sive
1308 1738 1407 1767 cum
1435 1723 1642 1781 leguntur
1657 1757 1668 1777 ,
1689 1723 1777 1766 sive,

386 1812 489 1842 cum
510 1796 718 1840 memoria
739 1795 1014 1850 recoluntur,
1040 1804 1247 1855 tanquam
1265 1793 1491 1852 speculum
1512 1793 1775 1837 intuendum

387 1877 475 1923 est,
501 1867 744 1912 secundum
775 1867 1020 1927 apostolum
1042 1866 1258 1910 Jacobum
1280 1863 1497 1908 dicentem
1524 1882 1533 1908 ε
1570 1882 1589 1904 «
1616 1864 1659 1908 Si
1680 1864 1776 1923 quis

390 1956 410 1981 »
447 1947 510 1982 est
532 1939 704 1982 auditor
729 1938 852 1982 verbi
881 1946 924 1981 et
946 1953 1035 1981 non
1068 1935 1205 1980 factor
1220 1970 1230 1990 ,
1250 1935 1321 1978 hic
1339 1933 1664 1993 comparabitur
1684 1934 1776 1977 viro

389 2028 410 2052 »
446 2009 930 2054 considerantivultum
953 2008 1188 2052 nativitatis
1211 2022 1299 2050 suae
1331 2006 1377 2049 in
1401 2004 1576 2064 speculo
1598 2026 1608 2063 3
1634 2006 1776 2049 consi-

391 2099 411 2122 »
447 2079 612 2124 detavit
645 2080 761 2124 enim
789 2095 858 2135 se,
886 2088 928 2123 et
953 2079 1088 2134 abiit,
1124 2087 1166 2122 et
1188 2076 1331 2121 statim
1356 2075 1515 2120 oblitus
1544 2084 1607 2119 est
1636 2075 1774 2135 qualis

390 2169 411 2193 »
446 2151 578 2195 fuerit
594 2170 602 2196 :
621 2151 696 2211 qui
716 2159 861 2194 autem
885 2149 1148 2210 perspexerit
1171 2148 1216 2191 in
1230 2146 1371 2206 legem
1389 2146 1625 2206 perfectam
1646 2146 1776 2189 liber-

390 2240 411 2264 »
446 2222 559 2277 tatis,
581 2230 623 2265 et
640 2221 923 2280 permanserit
939 2256 950 2275 ⁷
969 2236 1058 2265 non
1081 2218 1252 2264 auditor
1268 2218 1502 2262 obliviosus
1525 2217 1681 2271 factus,
1700 2216 1775 2260 sed

391 2311 411 2335 »
446 2293 586 2336 factor
607 2292 746 2351 operis
764 2327 775 2347 ‚
797 2293 867 2336 hic
886 2292 1038 2335 beatus
1060 2291 1106 2334 in
1130 2281 1254 2334 factox
1266 2304 1343 2333 suo
1363 2288 1443 2332 erit
1458 2289 1490 2331 4.
1513 2305 1532 2328 n
1561 2286 1708 2331 Talem
1731 2302 1774 2330 se

388 2364 468 2409 iste
499 2363 595 2408 vult
622 2378 738 2417 esse,
769 2371 819 2406 ut
840 2362 1038 2422 inspiciat
1071 2370 1280 2420 tanquam
1301 2360 1347 2402 in
1375 2357 1551 2418 speculo
1571 2356 1775 2401 mandata

389 2436 483 2490 Dei,
503 2444 546 2479 et
566 2450 656 2480 non
676 2432 992 2479 confundatur:
1010 2433 1112 2494 quia
1133 2447 1222 2477 non
1245 2430 1419 2480 auditor
1434 2445 1584 2475 eorum
1606 2439 1775 2474 tantum

437 2539 447 2556 ¹
468 2532 584 2567 Jacob.
606 2545 639 2577 1,
661 2544 713 2577 17.
734 2551 777 2558 -
796 2540 809 2557 ²
825 2536 915 2566 Rom.
939 2543 999 2575 vu,
1028 2541 1080 2575 12,
1107 2532 1157 2565 13.
1179 2548 1221 2555 —-
1246 2529 1260 2554 3
1282 2530 1364 2563 Psal.
1389 2540 1497 2573 cxvm,
1524 2527 1640 2563 6.-4
1657 2527 1770 2562 Jacob.

387 2599 398 2621 1
411 2613 421 2630 ‚
445 2588 565 2621 23-25.
1096 2590 1104 2594 '
