1848 3261
435 227 676 258 ENARRATto
707 230 753 258 m
784 227 987 258 PsALMUM
1018 231 1090 257 cn.
1392 220 1446 259 89

70 293 199 339 Multi
216 294 318 338 anni
336 294 437 350 tibi,
456 294 587 339 breve
604 304 774 356 tempus
790 301 891 340 Deo.
912 298 1026 340 Deus
1047 311 1136 340 non
1156 296 1215 342 sic
1229 306 1445 353 numerat,

69 364 290 425 quomodo
329 375 377 410 tu
423 381 638 410 numeras,
676 370 727 411 In
772 367 1093 427 comparatione
1127 366 1358 425 longorum
1405 377 1449 412 et

68 434 198 494 longe
216 436 449 480 viventium
473 436 728 481 saeculorum
748 473 758 492 ‚
792 439 930 481 omnis
957 438 1035 482 flos
1058 439 1266 497 cujusque
1291 438 1447 483 domus

67 506 124 549 sic
141 514 204 549 cst
221 541 231 560 ,
256 505 479 566 quomodo
498 507 576 551 ll'os
600 507 703 565 agri.
730 507 812 551 vix
835 517 897 552 est
920 524 1064 551 annua
1093 509 1231 552 omnis
1253 508 1448 568 pulchri-

69 575 175 620 tudo
198 577 315 620 anui.
342 576 568 636 Quidquid
585 577 645 620 ibi
662 577 794 636 viget,
815 578 1031 638 quidquid
1049 578 1114 622 ibi·
1132 579 1304 633 candet,
1325 579 1448 638 quid-

67 645 174 706 quid
205 646 266 689 ibi
287 647 521 705 pulchrum
555 656 644 702 est,
688 663 775 691 non
809 658 1044 708 perannat3
1068 649 1156 693 imo
1188 664 1264 708 per
1305 658 1448 693 totum

66 731 230 760 annum
253 717 356 760 duci
378 733 466 761 non
487 727 644 777 potest.
672 720 809 771 Quam
832 719 984 778 exiguo
1007 728 1201 778 tempore
1223 728 1448 763 transcunt

66 787 218 842 flores,
250 797 293 832 et
320 788 403 832 hoc
433 797 497 833 est
521 789 753 848 pulchrum
781 790 827 834 in
854 790 1012 833 herbis.
1053 793 1146 834 Hoc
1170 790 1290 850 quod
1323 789 1448 835 valde

65 857 299 917 pulchrum
335 867 424 912 est,
462 859 545 903 hoc
578 859 663 904 cito
690 858 819 904 cadit.
859 861 1039 904 «Omnis
1077 877 1176 905 caro
1204 860 1373 905 foenurn
1406 870 1449 905 et

68 945 88 968 »
123 927 292 972 claritas
314 928 502 973 hominis
526 938 576 973 ut
598 929 677 973 ssos
699 928 820 973 foeni.
843 933 1031 974 Foenum
1049 932 1186 985 aruit,
1213 940 1256 974 et
1278 932 1357 975 flos
1374 931 1451 976 de-

68 1017 86 1038 »
122 998 228 1043 cidit
255 1017 264 1043 :
289 999 484 1043 Verbum
513 1009 658 1044 autem
681 1001 853 1045 Domini
886 1011 1034 1045 manet
1067 1002 1112 1044 in
1143 1004 1396 1045 aetcrnum1.
1426 1020 1446 1043 »

62 1068 173 1121 Quia
196 1084 298 1128 ergo
319 1070 542 1130 quomodo
569 1074 696 1115 Pater
717 1072 921 1127 cognovit
942 1072 1201 1129 figmentum
1223 1081 1419 1116 nostrum
1436 1107 1447 1126 ,

62 1139 165 1198 quia
180 1138 350 1184 foenum
375 1155 548 1194 sumus,
575 1140 693 1183 et‘ad
717 1149 887 1199 tempus
911 1140 1065 1184 florere
1077 1156 1306 1200 possumus
1333 1161 1342 1187 2
1366 1143 1451 1185 mi-

62 1209 117 1252 sit
139 1208 265 1253 nobis
285 1209 480 1252 Verbum
502 1224 651 1264 suum,
673 1219 715 1253 et
737 1210 933 1254 Verbum
955 1225 1083 1254 suum
1105 1211 1226 1270 quod
1242 1221 1389 1256 manet
1406 1213 1450 1256 in

63 1287 273 1323 aeternum
290 1314 300 1334 ,
324 1278 446 1324 foeno
465 1279 586 1340 quod
608 1296 697 1325 non
714 1290 862 1325 manet
887 1281 932 1325 in
955 1290 1169 1326 aetcrnum
1186 1281 1363 1326 fratrem
1387 1281 1453 1327 fc-

62 1350 121 1394 cit
154 1370 162 1394 z
192 1359 351 1394 natura
375 1352 681 1410 Unigenitum,
719 1353 900 1397 unicum
932 1362 1084 1397 natum
1119 1353 1173 1396 de
1211 1354 1450 1398 substantia

62 1436 138 1465 sua
160 1420 337 1466 fratrem
356 1421 568 1482 adoptatis
587 1432 653 1467 tot
674 1422 880 1467 fratribus
903 1422 1019 1467 fecit.
1044 1423 1141 1468 Noli
1158 1425 1320 1479 mirari,
1346 1425 1448 1485 quia

61 1493 274 1552 particeps
297 1492 377 1536 eris
399 1494 649 1538 aeternitatis
666 1493 805 1551 illius3
825 1493 964 1538 sactus
980 1503 1044 1538 est
1063 1494 1154 1553 ipse
1172 1495 1290 1554 prior
1308 1496 1445 1555 parti-

60 1578 159 1622 ceps
191 1562 301 1607 foeni
323 1563 401 1607 tui.
428 1564 553 1616 Quod
576 1563 791 1608 excelsum
827 1573 889 1608 est
918 1580 940 1608 a
962 1573 1030 1619 te,
1075 1564 1155 1608 tibi
1184 1565 1444 1624 denegabit,

59 1634 134 1693 qui
167 1633 288 1694 quod
314 1633 480 1678 humile
510 1643 600 1678 erat
631 1643 745 1679 exte
772 1635 991 1694 suscepit?
1021 1637 1158 1694 Ergo,
1205 1639 1404 1691 «Homo,
1427 1658 1443 1678 »

59 1713 272 1764 quantum
298 1703 352 1749 ad
381 1704 604 1749 hominem
627 1705 781 1749 attinet
810 1724 818 1750 :
847 1705 1002 1750 «Sicut
1023 1704 1194 1750 foenum
1216 1705 1304 1751 dics
1327 1708 1416 1767 ejus
1433 1743 1443 1763 ‚

62 1793 82 1816 »
104 1775 226 1821 ⁴sicut
247 1767 326 1819 flos
350 1775 464 1833 agri,
489 1775 549 1819 ita
571 1775 758 1819 florebit.
788 1794 806 1816 υ

117 1848 285 1889 XXIII.
325 1847 575 1898 «Quoniam
605 1846 780 1905 spiritus
800 1845 1078 1905 pertransibit
1105 1846 1151 1890 in
1181 1862 1259 1903 eo,
1285 1857 1328 1892 et
1357 1864 1445 1893 non

62 1935 82 1958 »
119 1916 200 1959 erit
215 1951 225 1970 ‚
265 1925 308 1960 et
328 1931 418 1960 non
441 1926 671 1975 cognoscet
694 1915 879 1975 amplius
900 1916 1045 1960 locum
1068 1932 1196 1960 suum
1211 1919 1242 1961 2.
1268 1936 1286 1959 υ
1315 1919 1446 1972 Quasi

59 1986 249 2046 perditio
278 1988 510 2048 quaedam,
545 1988 668 2047 quasi
690 1988 890 2032 interitus
924 1987 1117 2047 quidam.
1156 1991 1270 2034 Ecce
1297 1991 1372 2050 qui
1403 2007 1447 2035 se

58 2058 208 2112 inflat,
241 2073 338 2102 ecce
376 2059 451 2118 qui
480 2067 648 2113 tumet,
682 2074 780 2103 ecce
818 2059 961 2118 quise
994 2058 1159 2103 extollit
1187 2079 1195 2104 :
1226 2060 1445 2120 «Spiritus

62 2147 82 2171 »
117 2130 375 2188 pertransiet
391 2130 435 2174 in
455 2145 522 2184 eo,
548 2139 591 2174 ct
612 2145 702 2174 non
722 2130 817 2181 erit,
841 2139 883 2174 et
905 2145 993 2174 non
1008 2140 1239 2189 cognoscet
1261 2133 1445 2191 amplius

61 2216 82 2240 i)
116 2198 263 2243 locum
289 2214 431 2242 suum.
461 2217 480 2239 »
511 2199 665 2243 Videte
687 2198 881 2259 quotidie
905 2200 1134 2244 morientes
1163 2220 1171 2245 2
1197 2210 1239 2245 et
1261 2202 1343 2246 hoc
1363 2203 1445 2247 crit

58 2278 221 2323 totum,
258 2269 348 2327 ipse
376 2269 457 2312 erit
478 2269 590 2313 finis.
618 2272 716 2314 Non
740 2268 977 2329 alloquitur
1005 2271 1118 2314 enim
1145 2270 1338 2327 foenum⁷
1369 2273 1444 2317 scd

57 2333 234 2398 propter
262 2338 383 2398 quod
417 2349 460 2383 et
491 2339 686 2383 Verbum
723 2338 895 2383 foenum
930 2340 1090 2383 factum
1123 2351 1200 2385 est.
1235 2345 1300 2385 Tu
1328 2344 1442 2387 cuim

57 2410 190 2453 homo
211 2428 219 2453 :
239 2418 416 2467 propter
432 2417 475 2452 te
490 2418 634 2453 autem
655 2418 697 2453 et
716 2410 908 2453 Verbum
927 2410 1093 2453 factum
1116 2420 1177 2454 est
1201 2412 1331 2456 homo
1357 2431 1364 2456 :
1390 2422 1440 2456 tu

59 2494 158 2522 caro
174 2513 184 2533 ‚
209 2487 252 2522 et
265 2488 439 2538 propter
457 2488 498 2522 te
511 2479 704 2523 Verbum
726 2496 825 2524 caro
852 2480 1014 2524 factum
1031 2489 1108 2524 est.
1140 2482 1319 2526 «Omnis
1340 2498 1439 2527 caro

107 2569 116 2586 ¹
143 2565 214 2599 lsai.
236 2564 375 2606 xr„‚6-8.
392 2581 432 2587 —
450 2571 462 2587 ²
482 2565 566 2599 Psai.
587 2575 646 2607 cn,
669 2565 718 2598 lG.
