1848 3261
271 223 512 255 ENARRA-no
543 228 590 256 m
621 226 822 258 PsALMUM
853 231 1016 269 cxvm,
1050 229 1189 261 smum
1220 234 1294 262 xv.
1375 221 1462 262 447

85 306 138 335 ex
171 305 223 335 eo
255 292 376 351 quod
401 307 565 350 graecus
586 294 719 338 habet
736 302 936 347 ἠδολέσχουν.
962 299 1196 341 Exercetur
1224 299 1386 358 quippe
1420 300 1466 343 in

79 361 462 420 justificationibus
489 364 561 408 Dei
594 363 746 421 laetus,
783 375 826 410 et
847 366 1038 426 quodam
1075 367 1206 411 modo
1242 369 1463 426 garrulus,

83 431 161 491 qui
192 431 397 477 mandata
424 435 515 493 ejus
547 451 646 495 quae
676 435 849 495 diligit,
882 445 927 482 et
948 436 1167 495 cogitandi
1188 446 1232 482 et
1262 438 1471 498 operandi

83 500 372 549 delectatione
393 505 598 551 custodit.

598 784 819 826 SERMO
849 785 950 825 XV.

143 924 180 965 I.
197 923 529 968 Cousmssnmuus
544 957 556 979 ,
574 934 792 984 quantum
813 926 950 970 donat
966 924 1189 980 Dominus,
1214 933 1258 969 et
1273 933 1465 984 pertrac-

84 998 224 1035 temus
249 992 327 1036 hos
356 1008 502 1038 versus
524 995 670 1053 magni
689 995 847 1039 Psalmi
869 996 996 1055 hujus
1018 1013 1027 1040 ;
1056 1014 1076 1037 «
1101 997 1322 1039 Memento
1342 995 1466 1039 verbi

86 1079 107 1103 »
143 1061 208 1105 tui
229 1077 351 1107 servo
371 1073 448 1108 tuo
463 1098 475 1119 ,
499 1065 546 1108 in
567 1081 654 1124 quo
675 1081 794 1124 spem
811 1065 968 1109 dedisti
990 1065 1111 1108 mihi.
1139 1068 1242 1108 Haec
1265 1080 1334 1108 me
1355 1081 1464 1109 con-

86 1150 108 1174 »
142 1132 276 1177 solata
299 1143 363 1178 est
394 1135 440 1178 in
468 1135 714 1180 humilitate
738 1153 832 1180 mea
855 1157 866 1193 3
896 1136 1103 1195 quoniam
1125 1135 1308 1178 verbum
1339 1145 1465 1179 tuum

86 1219 107 1243 »
141 1203 376 1247 vivificavit
396 1219 466 1247 me
485 1207 546 1248 1.»
573 1205 796 1265 Numquid
815 1205 992 1259 oblivio,
1023 1205 1133 1248 sicut
1150 1205 1194 1247 in
1217 1205 1461 1261 hominem,

84 1272 199 1316 cadit
220 1273 266 1315 in
290 1276 424 1316 Deum
440 1276 559 1319 PCur
575 1290 677 1332 ergo
700 1275 739 1318 ei
762 1275 942 1319 dicitur:
959 1294 978 1316 «
996 1276 1245 1318 Memento?
1266 1293 1285 1315 »
1307 1277 1467 1327 Quam-

83 1343 147 1386 vis
171 1343 217 1386 in
248 1342 340 1387 aliis
362 1354 522 1388 sanctae
545 1345 776 1403 Scripturae
794 1345 898 1389 locis
919 1345 1060 1403 ipsum
1082 1345 1264 1389 verbum
1286 1347 1465 1391 omnino

83 1423 273 1472 ponatur
290 1450 301 1469 ,
331 1425 381 1459 ut
403 1424 466 1459 est
487 1435 496 1460 2
521 1434 541 1457 «
568 1419 711 1469 Quare
732 1417 816 1459 mei
838 1415 1000 1460 oblitus
1023 1431 1065 1458 es
1082 1418 1100 1440 ²
1115 1449 1126 1469 ,
1155 1433 1174 1456 »
1200 1424 1243 1459 et
1260 1450 1270 1470 ,
1299 1435 1319 1457 «
1339 1415 1465 1459 Obli-

86 1500 108 1525 »
143 1484 314 1528 visceris
335 1486 526 1544 inopiam
549 1488 765 1530 nostram3
794 1505 803 1531 :
826 1504 846 1527 »
873 1495 916 1529 et
932 1486 1022 1544 ipse
1040 1488 1152 1529 Deus
1170 1500 1247 1543 per
1269 1487 1464 1544 Prophe—

84 1562 173 1597 tam
194 1589 205 1609 ,
234 1574 254 1596 «
279 1557 439 1600 Omnes
461 1591 472 1611 ,
502 1557 659 1616 inquit,
684 1557 933 1616 iniquitates
955 1556 1045 1615 ejus
1067 1553 1295 1598 obliviscar
1311 1556 1353 1599 4:
1381 1573 1400 1596 »
1423 1564 1467 1600 et

85 1622 190 1667 alibi
213 1634 344 1685 atque
366 1626 470 1670 alibi
493 1628 647 1685 saepius
669 1627 752 1670 hoc
779 1626 953 1684 legitur.
982 1624 1065 1669 Sed
1094 1640 1183 1669 non
1205 1634 1255 1668 ut
1272 1625 1464 1669 homini-

85 1694 167 1738 bus
200 1695 278 1738 ista
303 1697 560 1754 contigunt,
600 1697 659 1740 ita
688 1696 991 1753 intelliguntur
1023 1695 1069 1738 in
1094 1697 1197 1738 Deo.
1223 1698 1330 1739 Nam
1353 1696 1465 1739 sicut

84 1766 224 1808 Deum
246 1767 457 1824 poenitere
492 1766 650 1810 dicitur
668 1802 678 1821 ,
721 1766 897 1826 quando
919 1774 1075 1824 praeter
1097 1765 1323 1808 hominum
1346 1781 1466 1824 spem

85 1850 153 1879 res
175 1845 335 1890 mutat,
359 1835 539 1880 consilio
560 1853 650 1881 non
684 1846 852 1880 mutato
868 1871 879 1891 ‚
910 1837 1012 1895 quia
1043 1834 1271 1879 consilium
1294 1836 1467 1879 Domini

84 1915 231 1950 manet
252 1907 299 1949 in
321 1917 534 1950 aeternum
550 1909 564 1933 ⁵
583 1929 594 1965 3
613 1908 671 1951 ita
689 1907 848 1951 dicitur
869 1906 1080 1961 oblivisci,
1096 1905 1273 1966 quando
1298 1906 1467 1950 tardare

84 1976 258 2021 videtur
287 1978 554 2037 adjutorium
590 1978 660 2022 vel
696 1978 978 2036 promissum,
1013 1975 1084 2020 vel
1113 1992 1202 2019 non
1229 1977 1468 2021 retribuere

86 2046 215 2105 digna
234 2048 514 2105 peccantibus
531 2082 542 2102 ,
572 2047 644 2091 vel
665 2047 698 2091 si
721 2047 828 2106 quid
852 2046 1101 2107 hujusmodi
1119 2055 1358 2106 ,tanquam
1378 2048 1468 2107 ejus

86 2117 305 2160 memoriae
336 2117 389 2160 sit
422 2116 614 2175 elapsum
654 2116 776 2176 quod
816 2126 1035 2176 speratur,
1071 2116 1158 2160 sive
1186 2116 1389 2171 timetur,
1427 2126 1469 2160 et

87 2202 177 2230 non
193 2187 257 2229 fit.
272 2187 484 2230 Dicuntur
506 2186 586 2230 ista
607 2186 829 2231 locutione
846 2187 1014 2239 morali,
1035 2202 1121 2246 qua
1139 2187 1353 2230 humanus
1376 2203 1469 2231 mo-

87 2266 213 2301 vetur
247 2257 428 2300 affectus
452 2278 462 2314 3
487 2258 682 2317 quamvis
711 2258 804 2300 haec
833 2260 948 2300 Deus
978 2256 1107 2300 faeiat
1139 2266 1254 2301 certa
1284 2256 1468 2315 disposi-

88 2326 221 2380 tione,
236 2342 327 2370 non
342 2326 568 2370 deficiente
581 2327 805 2381 memoria,
823 2341 903 2370 nec
918 2326 1146 2370 obscurata
1168 2326 1466 2383 intelligentia,

88 2411 168 2440 nec
183 2396 408 2440 voluntate
423 2398 727 2443 mutata.Cum
741 2397 888 2456 itaque
905 2396 1063 2440 dicitur
1085 2397 1144 2440 ei:
1167 2416 1184 2438 α
1201 2399 1466 2452 Memento,»

138 2500 146 2515 ¹
169 2493 246 2525 Psal.
278 2503 397 2531 cxv111,
420 2491 475 2534 49,
501 2492 552 2524 50.
574 2509 616 2515 —-
638 2499 651 2515 ²
670 2493 718 2526 Id.
738 2503 805 2533 xm,
829 2503 879 2525 10.
899 2508 941 2514 —
967 2490 980 2515 3
999 2492 1046 2524 Id.
1067 2503 1156 2533 mu,
1183 2490 1236 2533 24.
1258 2508 1298 2514 —-
1319 2490 1335 2522 4
1352 2491 1467 2524 Ezech.

88 2559 179 2591 xvui,
205 2558 259 2581 22.
279 2565 320 2572 -·
338 2547 352 2572 5
366 2549 447 2581 Psal.
464 2560 559 2592 xxm,
579 2560 628 2581 11.
