1848 3261
395 208 478 246 238
825 219 860 245 s.
893 215 1125 246 Aucus-nm
1158 216 1341 244 Emscom

388 283 558 341 tingant
577 281 671 326 haec
694 296 795 341 quae
815 289 1063 335 cantantur,
1088 280 1135 323 in
1160 280 1384 336 omnibus,
1408 279 1485 325 sed
1507 280 1555 325 in
1587 281 1766 340 singulis

387 353 635 414 quibusque
655 351 956 411 credentibu53
975 352 1021 396 in
1038 350 1203 411 populo
1220 360 1365 395 autem
1377 350 1453 396 illo
1476 350 1616 396 aliter.
1639 355 1781 397 Totus

386 424 503 468 enim
523 422 713 483 populus
731 458 743 478 ,
775 431 866 467 tota
887 422 961 467 illa
983 437 1087 482 gens
1128 436 1182 465 ex
1216 422 1379 465 semine
1404 422 1594 466 Abrahae
1615 437 1772 467 secun-

384 493 492 539 dum
517 510 714 549 carnem,
740 503 829 538 tota
854 493 1092 538 multitudo
1118 492 1275 537 domus
1297 492 1430 537 Israel.
1450 492 1584 537 semel
1613 493 1772 538 educta

383 575 448 610 est
469 582 522 610 ex
542 569 752 625 AEgypto‚
777 564 910 609 semel
932 580 1008 624 per
1027 565 1231 609 Rubrum
1248 580 1367 609 mare
1390 564 1538 620 ducta,
1563 564 1696 609 semel
1715 563 1772 609 ad

383 645 541 680 terram
569 635 862 695 promissionis
883 633 1119 694 perductaz,
1153 635 1282 679 simul
1310 636 1424 678 enim
1449 650 1598 679 omnes
1620 643 1768 691 erant,

381 706 431 750 iu
458 706 619 766 quibus
654 705 748 749 haec
776 705 1091 764 contingebant
1127 723 1136 750 ε
1178 723 1200 747 «
1220 707 1325 749 Haec
1363 714 1511 749 autem
1543 705 1688 749 omnia
1723 704 1772 748 in

383 794 405 817 »
439 777 577 834 figura
597 775 910 835 contingebant
924 776 972 819 in
991 774 1076 818 illis
1093 809 1104 830 ‚
1125 775 1285 834 scripta
1306 784 1410 819 sunt
1430 783 1579 819 autem
1600 774 1657 818 ad
1676 789 1771 819 cor-

384 866 403 887 »
438 846 679 906 reptionem
693 856 902 901 nostram,
927 845 973 889 in
985 860 1094 906 quos
1106 845 1205 889 finis
1226 844 1488 890 saeculorum
1501 845 1681 890 obvenit
1694 846 1726 888 1.
1746 862 1767 886 »

380 919 467 963 Nos
495 933 596 962 vero
619 932 710 961 non
737 916 866 961 simul
892 931 1042 962 omnes
1057 951 1069 972 ,
1094 915 1172 961 sed
1193 915 1403 976 paulatim
1433 914 1771 975 singillatimque

379 987 604 1032 credentes
625 1003 941 1047 congregamur
967 987 1014 1031 in
1035 1002 1169 1031 unam
1190 986 1428 1047 quamdam
1448 986 1693 1041 civitatem,
1723 994 1766 1030 et

379 1059 426 1103 in
444 1075 585 1104 unum
606 1060 822 1119 populum
839 1059 941 1103 Dei:
968 1059 1043 1102 sed
1064 1059 1110 1102 in
1134 1073 1402 1118 unoquoque
1423 1067 1623 1102 nostrum
1636 1057 1768 1102 eliam

379 1130 551 1189 singulo
565 1130 828 1188 contingunt
849 1129 943 1173 haec
963 1163 974 1184 ,
999 1145 1098 1189 quae
1118 1128 1278 1188 scripta
1294 1137 1396 1172 sunt
1410 1163 1422 1183 ‚
1440 1128 1704 1186 contingunt
1724 1127 1771 1171 in

379 1201 560 1261 populo.
586 1201 760 1245 Etenim
781 1200 971 1260 populus
995 1199 1050 1244 de
1078 1200 1284 1259 singulis,
1309 1215 1399 1244 non
1422 1198 1584 1259 singuli
1606 1198 1662 1243 de
1685 1214 1769 1258 po-

379 1272 500 1332 pulo.
526 1271 751 1332 Numquid
767 1272 881 1315 enim
899 1287 1012 1315 unus
1033 1272 1166 1316 homo
1187 1287 1238 1314 ex
1261 1269 1460 1330 populis?
1479 1269 1563 1315 Sed
1581 1268 1769 1329 populus

379 1359 432 1387 ex
453 1342 634 1402 singulis
655 1343 907 1387 hominibus
929 1351 1111 1386 constat.
1138 1341 1365 1401 Quidquid
1398 1356 1502 1400 ergo
1518 1376 1530 1396 ‚
1566 1356 1668 1385 cum
1697 1339 1768 1385 lo-

379 1429 508 1474 quor,
532 1413 755 1472 agnoveris
790 1413 838 1456 in
870 1421 938 1467 te,
968 1412 1165 1473 quisquis
1188 1420 1392 1471 expertus
1424 1426 1489 1466 eS,
1520 1411 1612 1455 noli
1646 1410 1768 1468 cogi-

378 1483 513 1529 tando
549 1483 673 1544 quasi
704 1497 928 1529 remanere
960 1482 1008 1526 in
1034 1492 1100 1538 te⁷
1132 1491 1174 1526 et
1194 1491 1350 1541 putare
1377 1481 1498 1542 quod
1529 1481 1576 1525 in
1601 1480 1694 1526 solo
1724 1490 1768 1525 te

378 1555 617 1613 contingit3
641 1553 717 1598 sed
741 1553 870 1598 crede
890 1554 971 1597 ista
991 1553 1244 1611 contingere
1268 1562 1346 1597 aut
1366 1553 1412 1597 in
1435 1552 1660 1608 omnibus,
1691 1560 1769 1596 aut

378 1641 514 1686 prope
539 1626 586 1669 in
612 1624 816 1670 omnibus
839 1623 916 1684 qui
949 1623 1130 1667 veniunt
1158 1622 1214 1667 ad
1236 1623 1355 1667 hunc
1386 1621 1626 1682 populum,
1655 1622 1771 1667 etde

378 1712 512 1741 manu
531 1695 808 1739 inimicorum
831 1693 1021 1753 pretioso
1037 1693 1247 1751 sanguine
1265 1691 1558 1736 redimuntur.

438 1769 514 1812 IV.
549 1766 830 1826 Repetiturus
867 1774 932 1809 est
964 1765 1081 1808 enim
1124 1764 1292 1808 assidue
1333 1762 1454 1823 quod
1496 1762 1770 1807 cantavimus

379 1837 512 1883 modo
533 1857 543 1883 ι
566 1857 586 1880 «
603 1838 906 1883 Confiteantur
927 1836 1108 1879 Domino
1129 1834 1425 1878 miserationes
1442 1835 1556 1894 ejus,
1579 1843 1622 1878 et
1633 1833 1768 1878 mira-

381 1926 402 1951 »
436 1908 539 1952 bilia
569 1909 659 1968 ejus
686 1907 783 1952 filiis
804 1907 1050 1953 hominum.
1074 1922 1094 1946 »
1123 1907 1232 1949 Istos
1253 1919 1423 1959 versus,
1448 1913 1662 1964 quantum
1685 1902 1767 1948 ad-

377 1988 544 2024 vertere
562 1979 707 2038 potui,
726 1976 847 2038 quod
864 1977 1039 2036 potestis
1061 1984 1104 2020 et
1120 1991 1210 2029 vos,
1234 1983 1391 2035 quater
1415 1974 1594 2034 repetit3
1614 1974 1659 2018 in
1676 1989 1765 2034 quo

377 2067 583 2106 numero,
616 2058 833 2111 quantum
855 2049 1040 2093 Domino
1068 2048 1300 2107 adjuvante
1322 2046 1505 2090 scrutari
1521 2045 1763 2102 valuimus,

377 2122 591 2181 significat
622 2120 748 2165 nobis
770 2128 959 2180 quatuor
981 2117 1189 2178 quasdam
1222 2117 1483 2161 tentationes
1500 2151 1512 2172 ‚
1537 2131 1589 2160 ex
1603 2116 1766 2176 quibus

378 2208 457 2238 nos
488 2192 646 2236 liberat
669 2191 739 2236 cui
770 2190 1035 2234 confitentur
1066 2204 1155 2232 suae
1183 2188 1491 2232 miserationes.
1531 2190 1619 2231 Fac
1648 2186 1766 2230 enim

376 2263 600 2308 hominem
619 2262 759 2322 primo
779 2260 889 2304 nihil
908 2268 1200 2320 quaerentem,
1226 2257 1468 2302 secundum
1488 2258 1624 2303 vitam
1646 2265 1766 2302 vete-

377 2350 469 2378 rem
490 2333 736 2393 seductoria
756 2331 985 2376 securitate
1006 2331 1239 2383 viventem,
1265 2329 1371 2373 nihil
1396 2338 1624 2389 putantem
1642 2326 1762 2372 aliud

377 2420 467 2450 esse
487 2414 586 2465 post
604 2405 717 2448 hanc
736 2404 869 2447 vitam
892 2401 1158 2462 quandoque
1180 2399 1437 2455 finiendam,
1466 2398 1760 2458 negligentem

377 2476 614 2536 quemdam
633 2483 677 2519 et
695 2472 919 2519 socordem
937 2507 947 2528 ‚
972 2472 1182 2517 obrutum
1202 2485 1278 2515 cor
1294 2470 1526 2515 habentem
1546 2468 1760 2514 illecebris

426 2567 435 2584 ¹
460 2572 473 2594 1
493 2562 565 2596 Cor⁴
591 2571 625 2604 x,
645 2571 698 2594 ιι.
