1848 3261
421 234 500 274 158
865 243 899 272 s.
935 244 1165 273 Auous‘rrm
1196 245 1380 273 Emscom

417 303 645 370 significatss
672 309 782 354 Talis
803 319 867 354 est
888 311 1005 354 enim
1027 309 1244 354 dementia
1265 311 1492 355 hominum
1521 329 1530 355 :
1554 310 1677 371 quasi
1700 311 1803 355 ado·

417 380 602 425 randum
628 380 791 441 aliquid
816 380 985 425 dicatur
1001 416 1011 436 ,
1037 396 1136 425 cum
1160 380 1318 424 dicitur
1343 400 1352 425 z
1381 380 1454 425 Sol
1473 381 1696 426 Christum
1716 381 1804 440 sig-

417 451 580 496 nificat.
605 451 749 496 Adora
772 466 875 509 ergo
897 460 940 495 et
961 461 1128 510 petram
1143 486 1153 505 ,
1179 451 1279 511 quia
1298 452 1519 496 Christum
1542 452 1753 510 signifieat
1769 453 1799 495 ¹.

422 540 443 563 «
479 521 599 566 Sicut
624 521 714 565 ovis
737 520 791 564 ad
819 520 1039 564 victimam
1060 520 1217 565 duetus
1241 524 1333 565 65ῑ2
1358 540 1368 565 2
1391 540 1410 562 »
1432 520 1562 566 adora
1584 530 1628 565 et
1649 536 1775 566 ovem
1790 555 1802 577 ,

419 592 518 651 quia
537 591 755 636 Christum
787 591 1013 648 significat.
1035 591 1148 634 Vicit
1169 591 1239 635 leo
1260 591 1314 635 de
1336 591 1456 635 tribu
1478 591 1617 636 Juda³
1640 610 1649 636 ε
1675 591 1806 636 adora

419 671 463 705 et
484 661 650 705 leonem
670 695 681 715 ‚
706 660 807 720 quia
833 661 1054 705 Christum
1085 661 1311 720 signifieat.
1337 661 1493 706 Videte
1514 677 1647 722 quam
1669 661 1809 705 multa

421 733 640 776 Christum
663 731 906 789 significent
926 750 935 775 ε
954 731 1100 775 onznia
1120 732 1199 774 ista
1221 731 1416 776 Christus
1438 732 1483 776 in
1508 731 1805 786 similitudine,

421 818 511 847 non
542 803 589 845 in
618 801 897 861 proprietate.
936 802 1103 854 Quaeris
1135 802 1445 861 proprietatem
1474 802 1673 847 Christi?
1709 820 1730 843 «
1758 804 1811 845 In

423 892 444 915 »
479 873 693 933 principio
711 882 802 916 erat
827 873 1037 928 Verbum,
1054 882 1098 917 et
1120 874 1314 916 Verbum
1337 882 1429 918 erat
1451 873 1569 933 apud
1590 876 1728 917 Deum
1745 873 1806 916 ⁴.»

420 947 534 988 Ecce
557 945 795 1004 proprietas
812 944 988 998 Christi,
1010 959 1087 1003 per
1109 959 1241 1004 quam
1264 943 1403 988 factus
1429 960 1487 987 es.
1513 944 1587 988 Vis
1605 942 1755 987 audire
1769 951 1813 986 et

421 1017 732 1075 proprietatem
767 1032 843 1075 per
877 1030 1009 1076 quam
1046 1006 1233 1059 refectus
1263 1016 1340 1058 es?
1368 1034 1388 1056 «
1415 1018 1472 1059 Et
1493 1014 1688 1059 Verbum
1712 1029 1813 1058 caro

427 1104 446 1127 »
479 1085 639 1130 factum
664 1096 755 1141 est,
792 1096 835 1130 et
868 1087 1081 1131 habitavit
1105 1088 1150 1130 in
1171 1087 1343 1131 nobis⁵.
1374 1105 1394 1128 »
1418 1089 1587 1132 Caetera
1608 1085 1813 1130 similitu-

423 1156 546 1201 dines
565 1167 679 1201 sunt.
703 1157 919 1216 Intellige‚
936 1167 1027 1201 esto
1047 1157 1280 1216 Scripturae
1298 1173 1448 1216 caan‚
1464 1166 1515 1201 ut
1532 1155 1652 1201 aliud
1667 1155 1814 1200 videas

424 1227 552 1287 objici
574 1227 709 1271 oculis
731 1228 838 1282 tuis,
866 1227 985 1271 aliud
1007 1227 1132 1271 innui
1153 1226 1274 1271 cordi
1296 1236 1389 1271 tuo.

483 1300 603 1341 XXI.
628 1296 701 1342 Sol
722 1314 825 1356 ergo
842 1298 931 1348 ille,
942 1299 1031 1357 jam
1053 1298 1197 1342 securi
1210 1297 1412 1352 dicimus,
1437 1296 1509 1341 Sol
1527 1296 1601 1340 ille
1616 1296 1812 1357 Justitiae‚

425 1384 515 1412 non
535 1368 627 1412 sine
648 1384 777 1412 causa
799 1368 942 1427 impiis
966 1384 1056 1412 non
1082 1368 1220 1412 oritur
1237 1403 1247 1423 ‚
1273 1368 1352 1412 etsi
1374 1367 1531 1412 volunt
1552 1386 1561 1411 :
1586 1368 1677 1427 ipsa
1700 1368 1817 1411 enim

428 1439 647 1498 Sapientia
671 1438 779 1483 dicit
802 1458 811 1483 ε
846 1458 866 1480 «
886 1444 1092 1493 Quaerent
1112 1454 1181 1483 me
1209 1438 1339 1493 mali,
1370 1447 1413 1482 et
1450 1454 1541 1483 non
1574 1439 1813 1482 invenient.

429 1527 450 1550 »
485 1514 715 1564 Quaerent‚
752 1518 795 1552 et
828 1524 917 1552 non
948 1510 1185 1553 invenient.
1214 1527 1235 1550 ))
1271 1512 1328 1552 Et
1364 1511 1540 1569 quare?
1573 1508 1819 1553 «Oderunt

430 1599 451 1622 »
486 1581 602 1624 enim
623 1580 892 1639 sapientiam.
919 1598 939 1622 »
966 1583 1062 1640 Ipsa
1098 1581 1316 1640 Sapientia
1352 1580 1575 1641 loquitur,
1609 1590 1653 1624 et
1673 1580 1780 1624 dicit
1804 1599 1814 1625 :

432 1671 452 1694 ‹<
487 1656 692 1705 Quaerent
712 1667 781 1695 me
798 1650 901 1695 mali
918 1686 928 1706 ‚
956 1660 999 1695 et
1021 1667 1111 1695 non
1132 1651 1379 1707 invenient,
1400 1651 1589 1696 oderunt
1611 1651 1727 1695 enim
1747 1666 1818 1695 sa-

430 1740 451 1763 »
485 1723 741 1781 pientiamss.
770 1740 790 1763 »
819 1722 862 1766 Si
893 1737 994 1780 ergo
1024 1722 1234 1778 oderunt,
1261 1738 1396 1782 quare
1429 1723 1666 1782 quaerunt?
1686 1723 1820 1774 Quae-

428 1802 532 1837 runt
551 1828 562 1847 ‚
590 1809 678 1837 non
706 1802 756 1836 ut
792 1792 995 1836 fruantur
1013 1828 1024 1847 ‚
1061 1793 1138 1836 sed
1168 1802 1218 1836 ut
1239 1792 1451 1836 inflentur
1473 1811 1482 1836 ε
1504 1801 1710 1852 quaerunt
1730 1807 1820 1837 ser-

428 1865 631 1908 monibus
654 1900 668 1919 ,
707 1864 896 1909 oderunt
945 1865 1155 1908 moribus.
1198 1883 1220 1907 (ε
1260 1865 1444 1923 Spiritus
1488 1864 1605 1908 enim
1647 1873 1820 1908 sanctus

432 1953 452 1976 »
487 1934 727 1994 diseiplinae
750 1933 886 1992 fugiet
907 1935 1058 1978 fictum
1075 1970 1086 1989 ‚
1116 1944 1159 1978 et
1182 1934 1351 1979 auferet
1371 1950 1415 1978 se
1438 1951 1462 1978 a
1483 1934 1821 1992 cogitationibus

432 2023 453 2047 »
488 2022 587 2066 quae
625 2014 727 2049 sunt
748 2005 838 2049 sine
870 2004 1095 2050 intellectu
1115 2006 1145 2049 ⁷.
1175 2023 1195 2046 »
1221 2007 1319 2051 Non
1339 2020 1440 2063 ergo
1474 2005 1538 2049 sol
1573 2004 1647 2048 ille
1683 2004 1821 2049 oritur

429 2077 592 2136 impiis,
618 2092 707 2121 non
725 2077 861 2120 oritur
882 2076 1021 2121 malis.
1038 2080 1096 2121 At
1112 2092 1214 2121 vero
1237 2076 1291 2120 de
1313 2077 1395 2121 isto
1413 2076 1503 2120 sole
1524 2075 1632 2135 quid
1653 2074 1820 2120 dictum

431 2150 527 2192 est?
553 2167 570 2187 «
598 2148 682 2201 Qui
704 2146 808 2191 facit
839 2146 974 2191 solem
1004 2163 1131 2192 suum
1157 2146 1259 2192 oriri
1281 2162 1411 2207 super
1428 2147 1566 2191 bonos
1589 2156 1632 2190 et
1653 2146 1790 2190 malos
1805 2180 1817 2200 ‚

434 2237 454 2260 »
489 2228 533 2263 et
562 2219 676 2278 pluit
707 2234 835 2278 super
864 2220 1003 2278 justos
1031 2228 1074 2262 et
1095 2219 1320 2278 injustosss.
1357 2236 1377 2259 »
1402 2220 1516 2275 Ergo
1537 2216 1592 2261 de
1614 2217 1691 2261 illo
1723 2215 1821 2261 Sole

427 2290 606 2350 justitiae
640 2290 784 2334 neseio
828 2289 937 2350 quid
971 2290 1184 2348 significat
1229 2288 1422 2333 Psalmus
1458 2289 1538 2333 iste
1577 2287 1821 2332 secundum

431 2362 685 2419 mysterium
704 2382 715 2419 3
739 2376 839 2404 nam
867 2361 1063 2404 videmus
1086 2361 1166 2404 ista
1188 2360 1281 2403 fieri
1303 2360 1348 2403 in
1370 2369 1569 2404 creatura
1599 2359 1730 2402 etiam
1751 2373 1821 2402 se-

432 2431 626 2476 eundum
656 2431 843 2491 speciem
875 2446 1021 2475 rerum
1048 2430 1286 2475 visibilium
1312 2449 1320 2474 :
1350 2448 1371 2472 «
1398 2429 1471 2475 Sol
1494 2429 1671 2488 agnovit
1692 2443 1820 2473 occa-

482 2536 490 2552 1
518 2541 531 2560 1
553 2530 626 2561 Cor.
645 2539 688 2569 x,
713 2527 742 2569 4.
769 2544 808 2550 —
840 2534 853 2550 ²
873 2528 944 2559 lsai.
965 2538 1039 2568 mn,
1059 2537 1090 2568 7.
1119 2543 1157 2549 --
1185 2524 1199 2548 ³
1225 2528 1324 2568 Apoe.
1343 2537 1380 2567 v,
1403 2528 1435 2558 ὅ.
1459 2542 1501 2548 ·-
1522 2524 1539 2555 4
1557 2527 1652 2557 Joan.
1667 2536 1691 2566 1,
1719 2536 1747 2557 1.
1779 2541 1821 2548 —-

434 2583 448 2607 5
466 2585 548 2617 lbid.
573 2584 624 2626 14.
644 2601 685 2607 -
702 2582 718 2607 6
736 2586 830 2616 Prov.
852 2596 876 2624 1,
893 2584 950 2624 28,
973 2593 1026 2626 29.
1044 2600 1085 2606 —
1100 2590 1113 2615 7
1132 2584 1206 2625 Sap.
1227 2594 1252 2624 1,
1268 2583 1300 2615 5.
1321 2599 1362 2605 -
1381 2580 1396 2605 3
1409 2582 1522 2614 Matth.
1543 2593 1577 2622 v,
1596 2582 1651 2623 45.
