1848 3261
223 242 465 273 ENARRATIO
496 245 543 272 IN
573 241 776 272 PsALMUM
806 242 970 279 cxvnr,
1004 238 1143 269 SERMO
1175 243 1271 270 v111.
1368 228 1450 271 411

73 325 156 355 nec
175 310 342 355 infideli
359 310 495 354 cernit
516 309 747 354 abscondi?
767 310 836 352 An
852 306 954 366 quia
974 308 1114 349 Deum
1136 321 1259 350 nosse
1280 306 1457 352 difficile

74 391 166 436 est,
191 396 458 441 consequens
483 390 546 424 est
568 381 720 440 utique
737 413 748 434 ,
773 387 824 422 ut
841 396 858 418 «
882 377 1039 434 Diliges
1056 377 1291 421 Dominum
1319 381 1458 422 Deum

78 471 97 493 »
132 461 258 496 tuum
278 486 289 506 ,
318 470 336 493 »
361 450 537 494 difficile
567 449 835 506 intelligatur
851 482 861 502 ,
887 464 942 491 ne
960 445 1081 491 aliud
1107 461 1186 505 pro
1204 446 1287 490 alio
1306 446 1458 504 diliga-

73 523 176 565 tur?
197 524 306 566 Nam
341 521 525 580 proximi
549 519 716 565 facilior
748 534 838 563 esse
859 517 1032 562 videtur
1069 516 1275 575 cognitio.
1307 518 1457 561 Omnis

72 591 236 651 quippe
255 591 388 635 homo
416 601 480 635 est
505 590 625 634 omni
654 588 819 633 homini
842 588 1064 647 proximus
1086 607 1097 644 3
1126 602 1206 630 nec
1228 585 1317 630 ulla
1339 586 1459 644 cogi-

72 663 206 705 tanda
225 670 289 705 est
309 661 606 720 longinquitas
629 659 812 718 generis,
838 658 914 702 ubi
936 667 999 701 est
1021 665 1176 700 natura
1198 658 1455 701 communis.

73 734 333 790 Quanquam
354 747 434 774 nec
456 730 702 789 proximum
723 737 903 773 noverat
935 728 1012 787 qui
1034 727 1220 771 Domino
1245 727 1303 770 ait
1325 745 1333 771 :
1359 746 1376 767 «
1402 730 1460 771 Et

77 821 95 843 »
131 801 227 860 quis
247 808 309 844 est
335 801 443 844 mihi
466 801 688 859 proximus
705 802 755 843 1?
783 819 800 840 »
825 799 1012 851 Quando
1039 797 1101 841 illi
1129 806 1194 841 est
1214 798 1458 856 propositus

71 870 204 915 homo
226 870 406 930 quidam
426 903 436 923 ,
469 870 545 928 qui
581 868 847 912 descendens
871 868 926 911 ab
949 866 1189 911 Jerusalem
1211 868 1255 910 in
1287 868 1459 911 Jericho

70 940 223 984 incidit
256 939 302 983 in
329 937 518 983 latrones
550 957 559 983 :
594 939 665 982 cui
692 938 942 997 proximum
973 953 1064 981 non
1092 937 1249 992 fuisse,
1280 938 1361 981 nisi
1383 937 1459 998 qui

71 1026 173 1057 cum
195 1010 271 1055 illo
293 1010 396 1055 fecit
419 1009 757 1054 misericordiam
773 1045 784 1065 ,
809 1011 900 1069 ipse
922 1010 1000 1070 qui
1022 1010 1364 1067 interrogaverat
1387 1011 1461 1069 ju-

70 1081 230 1126 dicavit
246 1081 501 1141 ,patuitque
520 1081 566 1124 in
587 1079 783 1125 facienda
806 1079 1098 1124 misericordia
1120 1080 1336 1123 neminem
1357 1079 1462 1122 alie-

71 1169 180 1198 num
217 1168 307 1197 esse
336 1153 640 1212 deputandum
671 1152 725 1195 ab
749 1166 799 1196 eo
822 1152 898 1211 qui
921 1151 1063 1210 diligit
1083 1151 1347 1210 proximum.
1377 1150 1462 1195 Sed

71 1223 200 1268 multi
213 1238 293 1267 nec
309 1238 353 1267 se
369 1223 483 1282 ipsos
500 1231 743 1267 noverunt:
764 1221 865 1281 quia
881 1231 924 1266 et
940 1237 984 1265 se
998 1221 1141 1281 ipsum
1159 1235 1298 1274 nosse,
1311 1235 1462 1280 quem-

73 1294 311 1339 admodum
328 1295 461 1338 homo
484 1294 565 1338 sibi
587 1294 719 1337 debet
740 1294 1032 1347 innotescere,
1050 1308 1138 1336 non
1158 1292 1354 1336 omnium
1377 1292 1460 1336 ho-

72 1365 242 1411 minum
273 1373 350 1408 est.
389 1363 618 1416 Quomodo
652 1378 755 1422 ergo
794 1363 938 1421 diligit
970 1362 1215 1421 proximum
1253 1371 1461 1422 tanquam

73 1451 117 1481 se
137 1436 303 1495 ipsum,
328 1434 405 1494 qui
427 1434 566 1477 nescit
586 1443 629 1477 et
650 1448 694 1477 se
724 1433 897 1492 ipsum?
926 1435 1025 1478 Non
1052 1433 1167 1476 enim
1203 1432 1364 1477 frustra
1388 1432 1462 1477 ille

72 1507 188 1552 filius
203 1506 352 1566 junior
371 1540 382 1560 ,
408 1506 485 1565 qui
506 1504 728 1564 profectus
749 1505 795 1548 in
812 1505 1034 1563 regionem
1051 1503 1333 1564 longinquam
1348 1539 1359 1558 ,
1383 1504 1462 1548 ubi

72 1576 295 1636 dissipavit
315 1575 599 1620 substantiam
631 1590 755 1619 suam
772 1574 920 1619 vivens
957 1573 1163 1634 prodige,
1188 1582 1239 1617 ut
1265 1574 1428 1618 diceret
1448 1610 1459 1629 ,

76 1666 98 1690 «
135 1649 315 1705 Surgam
333 1681 343 1701 ,
369 1655 413 1690 et
433 1646 508 1689 ibo
524 1644 579 1689 ad
595 1654 761 1704 patrem
779 1660 927 1688 meum
940 1648 972 1688 2.
999 1662 1019 1685 »
1044 1645 1164 1703 prius
1187 1659 1383 1688 reversus
1401 1653 1465 1689 est

72 1716 117 1760 in
140 1717 440 1776 semetipsum,
473 1716 555 1759 nisi
589 1715 691 1775 quia
714 1724 803 1759 tam
825 1714 956 1774 longe
979 1715 1277 1774 peregrinatus
1301 1723 1390 1769 est,
1413 1725 1465 1760 ut

71 1787 337 1848 relinqueret
357 1786 486 1830 etiarn
504 1785 799 1844 semetipsum.
819 1788 908 1830 Nec
926 1795 1073 1829 tamen
1099 1794 1386 1829 reverteretur
1408 1785 1464 1830 ad

72 1873 140 1912 se,
162 1859 197 1901 si
223 1857 341 1901 omni
364 1855 496 1900 modo
518 1855 701 1899 nesciret
722 1871 766 1899 se
791 1874 800 1900 :
836 1871 916 1900 nec
940 1855 1124 1910 diceret,
1155 1875 1175 1898 «
1209 1858 1391 1915 Surgam
1421 1865 1463 1900 ct

76 1946 97 1970 »
132 1927 206 1972 ibo
241 1926 296 1971 ad
329 1936 497 1986 patrem
534 1941 680 1969 meum
702 1961 713 1980 ,
747 1943 768 1967 »
796 1926 828 1970 si
853 1926 1025 1985 penitus
1057 1926 1276 1984 ignoraret
1305 1929 1459 1970 Deum.

73 1997 285 2052 Quocirca
307 2006 351 2041 et
371 1996 645 2056 aliquatenus
671 1996 751 2040 ista
773 1997 991 2051 sciuntur,
1017 2008 1055 2040 et
1075 2006 1124 2041 ut
1146 1997 1281 2055 magis
1303 1997 1463 2055 magis-

73 2084 161 2129 que
173 2068 381 2121 sciantur,
399 2082 488 2111 non
500 2066 716 2111 immerito
731 2066 902 2111 scienda
917 2076 1170 2126 poscuntur.
1189 2070 1464 2127 Quapropter

73 2147 125 2183 ut
145 2139 329 2183 sciamus
351 2137 529 2196 diligere
549 2140 687 2181 Deum
709 2172 719 2192 ,
754 2137 953 2182 sciendus
978 2147 1041 2182 est
1063 2141 1198 2195 Deus,
1224 2147 1266 2182 et
1287 2147 1337 2182 ut
1358 2138 1464 2182 sciat

74 2210 207 2254 homo
229 2209 407 2267 diligere
427 2209 673 2268 proximum
697 2218 907 2269 tanquam
929 2225 973 2254 se
993 2210 1135 2268 ipsum
1152 2245 1162 2265 ,
1193 2209 1311 2269 prius
1331 2209 1463 2252 debet

75 2278 297 2338 diligendo
315 2283 453 2323 Deum
475 2278 653 2337 diligere
670 2294 714 2323 se
735 2279 875 2337 ipsum
904 2299 912 2323 :
939 2281 1060 2339 quod
1079 2281 1197 2324 unde
1224 2279 1410 2339 poterit,
1429 2279 1463 2322 si

75 2350 212 2394 nescit
226 2353 387 2403 Deum,
412 2350 445 2392 si
467 2350 602 2393 nescit
624 2360 667 2394 et
689 2365 732 2394 se
760 2350 936 2409 ipsum?
967 2354 1101 2396 Recte
1130 2352 1278 2411 itaque
1305 2349 1463 2393 dicitur

76 2423 188 2475 Deo,
219 2439 239 2462 «
265 2419 413 2464 Incola
435 2436 516 2479 ego
538 2436 634 2465 sum
650 2422 696 2464 in
715 2431 828 2466 terra
844 2458 858 2478 ,
883 2438 938 2466 ne
960 2422 1196 2468 abscondas
1217 2438 1239 2466 a
1253 2436 1323 2465 me
1344 2436 1464 2465 man-

79 2509 100 2532 »
136 2491 238 2535 data
259 2501 349 2535 tua.
378 2509 398 2532 »
425 2492 579 2537 Merito
602 2508 792 2554 namque
814 2493 1144 2540 absconduntur
1165 2493 1248 2550 eis,
1280 2492 1357 2553 qui
1373 2508 1463 2537 non

124 2581 134 2599 ¹
152 2577 228 2610 Luc.
249 2587 282 2620 x,
299 2585 354 2620 29.
380 2593 423 2601 -
441 2583 455 2601 ²
475 2577 522 2612 Id.
542 2588 596 2621 xv,
619 2577 726 2612 13-18.
