1848 3261
251 238 491 269 ENAnaAmo
522 243 568 270 ΙΝ
602 238 803 270 PsALMtJM
834 241 994 279 cxv111‚
1029 241 1166 269 smuwo
1197 242 1291 269 xlx.
1385 229 1469 270 473

92 316 194 351 sunt
219 325 228 352 z
252 307 350 351 ideo
383 307 598 367 sequitur,
628 327 648 350 «
673 306 861 351 Veniant
893 305 999 348 mihi
1032 306 1323 372 miserationes
1350 317 1438 351 tuae
1455 343 1466 364 ,

94 395 114 418 »
150 386 193 421 et
213 378 352 421 vivam
370 379 400 422 ².
433 395 452 419 n
477 381 597 421 Tunc
621 377 735 421 enim
756 392 857 421 vere
877 375 1042 430 vivam,
1069 377 1243 435 quando
1266 379 1375 422 nihil
1390 395 1471 438 po-

90 456 183 491 tero
204 448 355 491 timere
371 483 381 502 ,
405 464 459 492 ne
482 449 657 493 moriar.
683 451 779 506 Ipsa
801 447 917 490 enim
950 457 993 491 et
1021 447 1112 491 sine
1144 447 1266 491 nullo
1300 448 1470 494 addita-

89 526 238 562 mento
258 517 416 562 dicitur
435 518 523 562 vita
540 553 550 573 ,
586 533 665 562 nec
691 516 948 576 intelligitur
970 517 1049 560 nisi
1079 526 1240 561 aeterna
1262 526 1304 561 et
1325 518 1467 574 beata,

89 597 295 648 tanquam
317 588 405 632 sola
428 587 612 632 dicenda
639 587 693 631 sit
710 588 797 632 vita
814 623 824 642 ,
846 588 890 631 in
908 589 1029 648 cujus
1047 588 1369 647 comparatione
1390 589 1470 633 ista

88 674 219 718 quam
242 658 461 714 ducimus,
499 674 614 703 mors
648 659 790 718 potius
823 659 875 703 sit
912 658 1168 718 appellanda
1191 675 1322 719 quam
1345 658 1432 705 vita
1458 679 1467 705 ε

87 729 215 789 quale
238 728 348 772 illud
367 730 493 774 estin
526 729 785 787 Evangelio,
815 749 835 772 «
869 730 912 775 Si
946 731 1008 775 vis
1039 731 1186 774 venire
1220 731 1276 774 ad
1305 731 1467 787 vitam,

90 818 110 840 »
146 814 266 842 serva
288 799 494 843 mandata
508 803 540 842 2.
570 818 590 840 »
616 799 841 860 Numquid
863 800 1031 845 addidit
1053 810 1259 845 aeternam
1280 802 1350 846 vel
1372 802 1472 847 bea·

88 871 207 913 tam?
226 872 335 913 Item
357 868 411 912 de
434 871 746 914 resurrectione
761 871 900 915 carnis
918 886 1018 914 cum
1033 871 1286 931 loqueretur
1303 907 1314 927 ‚
1345 890 1364 915 ι(
1385 874 1469 926 Qui

89 957 109 980 »
144 939 256 983 bene
278 938 476 983 fecerunt
495 975 506 994 ‚
532 940 702 1000 iuquit,
722 941 768 983 in
790 942 1149 985 resurrectionem
1165 941 1265 985 vitae
1281 944 1312 985 3.
1337 960 1356 983 υ
1381 945 1470 988 Ne-

85 1025 171 1069 que
192 1010 262 1053 hic
286 1010 370 1064 ait,
395 1019 569 1053 aeternae
598 1026 674 1053 seu
706 1011 860 1054 beatae.
903 1011 970 1056 Sic
993 1020 1035 1055 et
1065 1012 1162 1067 hie,
1199 1031 1218 1054 «
1250 1013 1438 1057 Veniant
1456 1048 1468 1068 ‚

88 1098 108 1120 »
144 1080 314 1139 inquit,
336 1080 444 1123 mihi
468 1081 758 1125 miserationes
781 1090 890 1133 tuae,
923 1090 965 1124 et
982 1082 1123 1125 vivam
1150 1101 1159 1125 ι
1188 1099 1207 1121 »
1234 1097 1378 1141 neque
1398 1083 1469 1126 hic

85 1150 144 1194 ait
165 1185 175 1204 ‚
199 1151 244 1193 in
264 1159 475 1194 aeternum
490 1151 631 1194 vivam
646 1186 656 1205 ,
672 1150 741 1194 vel
765 1151 890 1194 beate
907 1152 1076 1209 vivam3
1099 1152 1220 1210 quasi
1241 1151 1358 1195 aliud
1382 1168 1471 1197 non

83 1221 138 1265 sit
157 1221 302 1265 vivere
319 1257 329 1276 ‚
356 1237 485 1281 quam
505 1222 594 1265 sinc
612 1221 703 1265 ullo
725 1222 812 1265 fine
827 1232 870 1266 et
892 1223 982 1266 sine
1004 1221 1092 1266 ulla
1115 1223 1285 1267 miseria
1307 1224 1466 1268 vivere.

86 1289 170 1335 Sed
191 1291 274 1334 hoc
297 1307 386 1350 quo
408 1291 592 1335 merito?
618 1311 636 1332 «
665 1291 777 1344 Quia
798 1291 868 1335 lex
889 1327 899 1346 ‚
930 1292 1075 1352 inquit
1095 1328 1105 1347 ‚
1132 1302 1206 1337 tua
1244 1293 1470 1339 meditatio

86 1377 107 1400 n
142 1374 237 1402 mea
259 1368 336 1403 est.
365 1378 385 1400 »
414 1362 516 1403 Haec
550 1359 775 1404 meditatio
806 1361 886 1404 nisi
910 1370 1019 1404 esset
1050 1362 1096 1404 in
1127 1362 1235 1418 fide,
1274 1379 1372 1422 quae
1394 1379 1471 1422 per

83 1429 361 1473 dilectionem
384 1439 589 1489 operatur
603 1432 618 1455 4
635 1465 646 1485 ‚
671 1447 898 1490 nunquam
929 1442 1105 1491 propter
1127 1448 1220 1476 eam
1253 1443 1396 1493 posset
1416 1434 1471 1478 ad

84 1498 202 1542 illam
225 1500 358 1543 vitam
389 1500 603 1560 quispiam
631 1503 870 1559 pervenire.
905 1506 998 1546 Hoc
1037 1502 1272 1547 dicendum
1296 1505 1466 1562 putavi,

83 1584 138 1613 ne
170 1570 402 1630 quisquam
423 1605 433 1624 ‚
462 1585 563 1614 cum
599 1579 733 1614 totam
755 1571 893 1629 legem
923 1573 1140 1616 memoriae
1174 1572 1466 1628 mandaverit,

82 1656 266 1702 eamque
289 1643 549 1686 creberrima
576 1642 876 1687 recordatione
904 1644 1162 1699 cantaverit,
1211 1660 1299 1688 non
1324 1654 1470 1690 tacens

81 1712 202 1771 quod
216 1713 428 1772 praecipit,
449 1727 529 1756 nec
551 1721 698 1757 tamen
720 1715 868 1758 vivens
882 1723 931 1758 ut
945 1714 1158 1773 praecipit,
1176 1714 1411 1759 arbitretur
1427 1731 1470 1760 se

81 1781 230 1827 fecisse
252 1783 373 1844 quod
394 1784 499 1841 legit
522 1803 531 1827 ι
560 1803 580 1825 «
605 1786 714 1836 Quia
732 1784 801 1828 lex
818 1794 892 1829 tua
912 1785 1138 1829 meditatio
1150 1800 1246 1829 mea
1265 1795 1329 1829 est
1356 1805 1364 1830 :
1390 1803 1411 1827 »
1429 1796 1471 1830 et

81 1853 197 1908 hinc
222 1869 266 1897 se
301 1853 563 1912 adepturum
595 1854 808 1898 existimet
829 1889 840 1909 ,
880 1855 1000 1915 quod
1017 1855 1159 1899 verbis
1177 1855 1470 1915 superioribus

81 1933 258 1983 propter
270 1925 354 1968 hoc
368 1924 572 1967 meritum
587 1924 839 1983 postulavit,
855 1925 933 1969 ubi
947 1925 1112 1970 dictum
1132 1936 1194 1970 est
1212 1945 1220 1970 2
1244 1945 1263 1967 «
1282 1927 1470 1971 Veniant

85 2012 105 2035 »
140 2009 267 2052 super
291 2009 361 2037 me
382 1994 675 2038 miserationes
698 2004 806 2050 tuae,
832 2005 876 2040 et
896 1996 1050 2040 vivam.
1078 2013 1098 2037 »
1121 1999 1224 2041 Haec
1245 1997 1469 2042 meditatio

82 2064 265 2107 amantis
283 2072 345 2106 est
361 2063 565 2121 cogitatio
585 2099 596 2118 ‚
622 2073 664 2107 et
686 2074 857 2109 tantum
875 2066 1055 2110 amantis
1075 2101 1085 2121 ‚
1106 2075 1157 2110 ut
1172 2067 1357 2114 charitas
1380 2082 1470 2111 non

81 2134 283 2192 frigescat
304 2134 432 2192 hujus
456 2133 749 2178 meditationis
767 2151 878 2191 suae,
904 2135 1177 2197 quantalibet
1199 2136 1468 2182 abundantia

81 2205 350 2263 constipetur
362 2204 601 2264 iniquitatis
619 2205 769 2249 alienae
787 2209 818 2249 ⁵.

141 2278 193 2318 V.
222 2276 417 2335 Denique
430 2277 646 2335 sequitur,
664 2286 706 2321 et
719 2277 849 2322 dicit:
874 2297 894 2320 «
911 2277 1251 2323 Confundantur
1273 2279 1465 2338 superbi,

84 2363 104 2386 »
140 2345 347 2405 quoniam
384 2345 541 2405 injuste
563 2346 839 2407 iniquitatem
861 2347 1058 2393 fecerunt
1080 2350 1125 2393 in
1156 2364 1226 2393 me
1254 2369 1262 2394 :
1289 2363 1366 2407 ego
1391 2365 1470 2393 au-

130 2459 140 2475 ¹
164 2453 243 2484 Psal.
260 2463 372 2494 cxvm,
392 2464 444 2495 77.
466 2471 507 2477 —-
534 2462 546 2478 ²
566 2455 679 2487 Matth.
696 2466 764 2496 nx,
787 2467 899 2498 17.-
921 2454 933 2477 3
958 2458 1048 2488 Joan.
1066 2468 1101 2497 v,
1121 2464 1174 2499 29.
1195 2474 1237 2479 —-
1254 2455 1268 2486 4
1287 2457 1352 2489 Gal.
1374 2468 1406 2497 v,
1425 2457 1461 2488 G.

84 2524 125 2530 —
143 2506 158 2530 ⁵
172 2508 284 2540 Matth.
304 2519 389 2550 xxw,
417 2518 468 2540 12.
