1848 3261
400 232 454 269 82
841 233 876 263 s.
912 233 1143 264 ,mensum
1176 235 1358 264 Enscom

396 303 518 366 quod
533 302 691 364 pateris
711 301 915 361 injuriam
932 317 1022 346 non
1044 302 1100 345 sit
1119 301 1387 361 impunitum
1414 320 1423 346 :
1455 300 1599 353 «Mihi
1615 297 1782 344 vindic-

397 394 418 417 »
453 384 565 430 tam,
590 381 634 417 et
649 387 752 431 ergo
774 371 1013 416 retribuam
1029 373 1061 428 1,
1089 389 1110 413 »
1141 371 1248 416 dicit
1268 371 1494 416 Dominus.

448 446 546 489 XV.
585 462 605 485 «
629 444 762 488 Notas
792 440 895 485 fecit
932 442 1020 486 vias
1043 457 1140 486 suas
1162 442 1352 499 Moysi2.
1381 460 1400 482 n
1422 444 1539 495 Quas
1563 441 1653 485 vias
1686 454 1782 484 suas

392 525 515 560 notas
536 513 639 558 fecit
660 513 825 570 Moysi?
844 514 987 565 Quare
1007 515 1190 570 Moysen
1214 511 1370 571 elegit?
1388 515 1453 556 Ex
1467 515 1633 568 Moyse,
1650 509 1784 554 intel-

392 585 478 644 lige
507 599 656 629 omnes
683 585 823 643 justos
839 617 849 635 ,
875 598 1025 626 omnes
1047 592 1218 626 sanctos
1246 602 1254 627 z
1281 597 1416 626 unum
1436 582 1608 642 posuit,
1633 595 1784 625 omnes

391 664 636 702 occurrant.
660 657 823 698 Tamen
842 669 919 713 per
932 656 1115 711 Moysen
1137 653 1238 698 data
1260 663 1325 697 est.
1347 656 1436 697 Lex
1451 688 1462 708 ,
1484 662 1527 696 et
1546 652 1682 696 habet
1702 650 1783 695 ali-

392 727 499 788 quid
523 727 760 771 obscurum
781 723 956 768 traditio
977 725 1068 784 ipsa
1090 724 1230 783 Legis.
1256 723 1327 768 Ad
1350 724 1434 768 hoc
1456 723 1573 766 enim
1596 721 1698 766 data
1719 730 1784 766 est

393 802 498 853 Lex,
516 806 565 841 ut
582 796 913 841 convinceretur
929 795 1178 854 languidus,
1207 805 1251 839 et
1267 794 1488 840 medicum
1509 794 1780 855 imploraret.

390 871 488 928 Ipsa
518 876 582 911 est
603 867 672 911 via
694 865 866 910 occulta
886 866 975 909 Dei.
998 868 1096 909 Jam
1119 864 1291 909 dudum
1315 866 1512 909 audieras
1547 884 1556 910 ι
1584 884 1604 906 «
1623 864 1709 917 Qui
1724 878 1786 907 sa-

395 957 415 981 »
450 947 526 982 nat
547 953 697 982 omnes
718 936 950 996 languores
972 947 1084 981 tuos.
1109 955 1129 978 »
1152 939 1400 994 Languores
1422 937 1466 980 in
1489 936 1662 995 aegrotis
1682 935 1787 979 late-

393 1010 500 1054 bant
518 1045 528 1065 ,
556 1008 646 1052 dati
670 1018 772 1052 sunt
798 1010 995 1068 quinque
1026 1007 1127 1051 libri
1150 1009 1293 1065 Moysi
1331 1027 1340 1052 :
1371 1009 1510 1052 cincta
1539 1016 1603 1051 est
1623 1006 1787 1066 piscina

391 1081 588 1140 quinque
609 1078 873 1138 porticibus3
898 1077 1104 1136 produxit
1124 1078 1353 1134 languidos
1366 1114 1377 1134 ‚
1404 1088 1453 1122 ut
1478 1078 1540 1122 ibi
1557 1079 1754 1138 jacerent
1771 1110 1784 1132 ‚

395 1160 446 1194 ut
486 1149 792 1209 proderentur,
829 1162 920 1191 non
958 1155 1009 1189 ut
1043 1158 1313 1190 sanarentur.
1356 1150 1559 1207 Quinque
1594 1148 1787 1208 porticus

399 1220 645 1280 prodebant
665 1216 912 1277 languidos,
939 1232 1029 1261 non
1050 1217 1265 1260 curabant
1284 1236 1293 1261 :
1310 1216 1471 1276 piscina
1489 1218 1671 1261 curabat
1689 1216 1789 1261 des-

393 1289 610 1335 cendente
633 1304 743 1342 uno,
775 1296 817 1331 et
844 1288 927 1331 hoc
949 1287 1112 1346 piscina
1137 1287 1310 1331 turbata
1326 1288 1340 1313 3
1364 1306 1373 1332 z
1394 1287 1587 1332 turbatio
1611 1287 1787 1347 piscinae

395 1362 440 1405 in
464 1359 659 1420 passione
684 1358 872 1403 Domini.
896 1359 1085 1401 Veniens
1107 1357 1223 1400 enim
1246 1367 1289 1401 et
1310 1358 1484 1416 ignotus
1502 1358 1660 1414 factus,
1685 1373 1788 1403 cum

393 1432 551 1477 dicitur
573 1431 627 1474 ab
652 1428 742 1473 aliis
759 1464 769 1485 ,
796 1432 893 1488 Ipse
911 1438 974 1472 est
990 1428 1216 1486 Christu83
1240 1428 1293 1472 ab
1311 1428 1426 1484 aliis,
1444 1432 1543 1475 Non
1558 1439 1621 1474 est
1643 1429 1789 1475 Chris-

398 1514 466 1548 tus
488 1524 499 1561 3
515 1505 657 1563 justus
679 1511 742 1544 est
759 1535 770 1556 ‚
796 1508 998 1560 peccator
1015 1509 1079 1544 est
1098 1519 1109 1556 3
1134 1501 1335 1557 magister
1354 1509 1443 1556 est,
1464 1499 1669 1545 seductor
1690 1509 1755 1545 est
1775 1519 1785 1546 :

396 1574 591 1618 turbavit
613 1587 797 1632 aquam,
822 1570 869 1615 id
883 1580 969 1626 est,
994 1572 1189 1615 turbavit
1206 1571 1421 1631 populum
1445 1591 1454 1616 ε
1475 1581 1519 1616 et
1540 1572 1586 1616 in
1604 1580 1695 1616 tota
1716 1570 1790 1616 illa

399 1645 724 1706 perturbatione
746 1657 871 1703 aquae
891 1657 1004 1685 unus
1026 1641 1277 1697 sanabatur,
1295 1642 1399 1702 quia
1420 1642 1467 1686 in
1483 1643 1680 1702 passione
1697 1645 1788 1687 Do-

398 1716 505 1760 mini
530 1715 672 1759 unitas
691 1723 882 1758 sanatur.
905 1712 990 1766 Qui
1011 1721 1170 1772 praeter
1190 1712 1405 1756 unitatem
1432 1711 1564 1758 fuerit
1580 1749 1592 1769 ‚
1627 1714 1706 1758 etsi
1728 1714 1789 1774 Ja-

398 1788 514 1832 cebit
534 1788 580 1831 in
598 1786 837 1846 porticibus
852 1820 863 1840 ,
886 1786 1026 1829 sanari
1046 1800 1134 1829 non
1151 1784 1339 1844 poterit:
1365 1785 1445 1829 etsi
1466 1788 1627 1843 Legem
1649 1793 1786 1838 tenet,

400 1859 456 1903 ad
490 1857 673 1902 salutem
701 1871 791 1900 non
814 1856 1024 1915 pervenit.
1049 1858 1166 1914 Ergo
1189 1855 1293 1915 quia
1323 1856 1408 1900 hoc
1436 1855 1498 1900 ibi
1530 1856 1790 1914 mysterium

399 1939 462 1973 est
481 1964 492 1984 ‚
518 1927 615 1972 ideo
637 1926 765 1971 docet
778 1926 925 1970 datam
948 1929 1110 1986 Legem
1128 1935 1176 1970 ut
1198 1925 1568 1970 convincerentur
1585 1935 1789 1986 peccato-

400 2015 488 2054 res,
535 2008 577 2042 et
615 1996 669 2041 ad
706 1998 887 2056 gratiam
919 1997 1218 2057 accipiendam
1256 1997 1476 2042 medicum
1516 1999 1786 2042 invocarent.

404 2069 528 2114 L'nde
559 2068 632 2112 ille
655 2068 878 2112 convictus
901 2077 964 2111 est
985 2102 996 2122 ,
1023 2083 1154 2128 quem
1179 2067 1226 2110 in
1249 2082 1294 2111 se
1325 2068 1606 2126 transfigurat
1630 2066 1791 2111 Paulus

402 2139 644 2201 apostolus,
670 2139 816 2183 dicens
836 2158 844 2183 2
869 2158 890 2180 α
911 2138 1065 2182 Infelix
1095 2154 1175 2197 ego
1198 2139 1329 2182 homo
1345 2173 1355 2193 ‚
1383 2139 1479 2198 quis
1501 2154 1571 2181 me
1587 2137 1792 2182 liberabit

405 2230 425 2253 »
461 2211 515 2255 de
537 2226 717 2270 corpore
745 2209 893 2253 mortis
926 2210 1082 2269 hujus?
1103 2228 1124 2250 »
1162 2212 1243 2252 Per
1277 2208 1535 2252 mandatum
1571 2209 1689 2252 enim
1710 2207 1791 2252 de-

401 2291 638 2327 monstrata
669 2279 733 2324 illi
755 2289 845 2324 erat
871 2281 1074 2339 quaedam
1097 2280 1185 2323 rixa
1207 2279 1254 2322 in
1284 2294 1328 2322 se
1359 2278 1453 2337 ipso
1471 2313 1482 2333 ,
1510 2279 1629 2323 unde
1646 2278 1754 2323 dicit
1777 2297 1787 2322 ε

407 2374 426 2396 «
462 2355 599 2398 Video
622 2351 749 2396 aliam
775 2350 914 2408 legem
943 2350 986 2395 in
1010 2350 1215 2394 membris
1237 2349 1342 2393 meis
1364 2359 1679 2409 repugnantem
1705 2348 1792 2407 legi

405 2444 426 2468 »
461 2427 618 2469 mentis
639 2439 770 2478 meze,
795 2432 838 2466 et
861 2423 1082 2482 captivum
1104 2438 1172 2466 me
1195 2422 1430 2465 ducentem
1466 2421 1547 2465 sub
1567 2421 1663 2479 lege
1685 2435 1791 2479 pec—

407 2515 426 2538 »
460 2496 544 2540 cati
561 2531 571 2551 ,
592 2510 691 2556 quae
720 2502 784 2538 est
806 2494 853 2536 in
869 2493 1074 2536 membris
1098 2492 1220 2536 meis.
1249 2510 1269 2533 »
1291 2491 1507 2549 Cognovit
1523 2506 1568 2535 se
1588 2490 1635 2535 in
1661 2489 1791 2534 mise-

453 2589 461 2604 1
485 2585 579 2613 Deut.
598 2591 700 2622 xxxii,
720 2579 772 2611 35.
795 2595 836 2601 —
857 2585 869 2600 ²
895 2577 975 2610 Psal.
995 2589 1046 2620 cu,
1063 2588 1093 2620 7.
1115 2595 1157 2601 —
1179 2576 1193 2601 3
1209 2579 1301 2610 Joan.
1322 2587 1356 2619 v,
1376 2575 1441 2619 2-4.
