1848 3261
385 224 470 263 298
824 228 858 258 S.
893 227 1123 257 Aucus‘rmr
1154 228 1336 255 Emscom

383 315 496 345 rum.
539 299 633 343 Hoc
669 305 810 342 totum
824 331 835 352 ‚
873 295 1046 349 fratres,
1080 293 1269 353 pertinet
1308 292 1363 337 acl
1404 292 1767 352 dispensationem

383 370 534 416 formae
556 367 742 423 servilis,
768 382 866 427 quae
884 364 1166 410 tolerabiliter
1183 364 1352 423 capitur
1373 379 1397 408 a
1418 363 1570 418 servis,
1591 371 1634 406 et
1649 377 1768 406 ama-

382 451 456 487 tur
477 457 501 485 a
530 439 689 484 futuris
714 437 873 482 liberis.
900 436 1066 480 Veritas
1106 434 1222 478 enim
1262 427 1628 478 incommutabilis
1648 431 1769 493 quod

383 522 448 558 est
464 512 661 557 Verbum
691 509 790 563 Dei,
817 511 931 551 Deus
956 507 1073 566 apud
1094 510 1233 551 Deum
1249 541 1260 561 ‚
1284 521 1362 565 per
1380 504 1640 565 quemfacta
1667 513 1769 548 sunt

383 584 528 630 omnia
544 585 575 636 1,
599 582 644 624 in
666 595 710 623 se
732 593 912 622 manens
930 578 1112 622 innovat
1128 578 1272 622 omnia
1285 580 1318 620 2.
1342 579 1465 620 Hanc
1482 585 1532 619 nt
1547 574 1769 619 videamus

383 669 540 712 magna
557 660 600 695 et
617 648 809 710 perfecta
833 648 974 692 cordis
994 649 1210 692 munditia
1229 647 1466 692 necessaria
1487 655 1551 690 est
1564 681 1575 701 ,
1605 662 1704 705 quae
1720 647 1770 690 fit

383 740 461 784 per
482 722 629 766 fidem.
647 723 950 765 Demonstrata
973 719 1090 762 enim
1113 717 1252 762 forma
1273 718 1384 762 servi
1399 716 1531 761 dilata
1552 725 1614 759 est
1631 715 1686 759 ad
1701 715 1771 759 de-

384 790 711 839 monstrandam
730 790 913 835 formam
932 789 1019 832 Dei.
1039 787 1161 832 Idem
1182 788 1345 848 quippe
1366 788 1411 831 in
1423 786 1561 831 forma
1573 787 1684 831 servi
1704 785 1773 831 lo-

384 872 522 927 quens
539 864 669 909 servis
683 863 741 907 ait
762 882 770 907 :
800 881 820 904 «
846 861 927 914 Qui
949 859 1091 918 diligit
1110 874 1201 913 me,
1226 858 1431 903 mandata
1446 873 1542 902 mea
1558 857 1769 902 custodit:

390 955 411 979 »
446 945 490 980 et
511 935 588 996 qni
610 933 753 992 diligit
774 947 844 976 me
859 966 869 986 ‚
896 929 1103 988 diligetur
1126 945 1149 973 a
1177 933 1303 973 Patre
1320 943 1441 982 meo,
1480 937 1523 972 et
1553 943 1634 985 ego
1669 927 1772 971 dili-

387 1025 410 1049 »
446 1022 545 1066 gam
567 1020 667 1049 eum
683 1039 694 1059 ‚
727 1011 771 1046 et
799 1000 1025 1046 ostendam
1060 1015 1130 1044 me
1156 999 1299 1059 ipsum
1321 998 1429 1043 illi3.
1467 1016 1488 1040 »
1514 997 1773 1042 Videntibus

386 1093 432 1122 se
452 1075 651 1136 promisit
675 1073 1073 1117 demonstraturum
1082 1086 1140 1115 se.
1154 1070 1271 1124 Quid
1281 1070 1522 1115 videbant?
1541 1068 1649 1129 quid
1671 1084 1774 1128 pro-

387 1148 624 1193 mittebat?
652 1144 875 1188 Videbant
905 1142 1090 1186 formam
1120 1142 1255 1197 servi,
1288 1140 1570 1200 promittebat
1590 1138 1774 1184 formam

386 1219 480 1263 Dei.
502 1237 522 1260 «
548 1215 784 1261 Ostendam
800 1249 811 1269 ,
835 1213 978 1273 inquit
997 1248 1008 1268 ‚
1033 1228 1103 1256 me
1122 1213 1265 1271 ipsum
1285 1211 1364 1256 illi.
1392 1230 1413 1253 »
1441 1215 1538 1271 Ipsa
1559 1220 1623 1255 est
1644 1210 1773 1255 clari-

386 1298 450 1333 tas
470 1323 481 1344 ‚
514 1287 570 1331 ad
603 1301 735 1347 quam
769 1284 1023 1343 perducitur
1059 1297 1264 1339 regnum,
1296 1281 1569 1341 quodmodo
1591 1281 1775 1326 transitu

386 1358 534 1405 saeculi
556 1359 684 1416 hujus
702 1355 921 1413 colligitur
943 1373 952 1398 ε
977 1353 1153 1397 ducitur
1178 1354 1294 1396 enim
1317 1352 1371 1396 ad
1394 1351 1631 1412 quamdam
1652 1353 1778 1397 visio-

387 1445 490 1474 nem
517 1426 783 1472 ineffabilem
800 1460 810 1479 ,
836 1438 968 1484 quam
989 1439 1080 1468 non
1101 1424 1386 1467 merebuntur
1403 1422 1539 1481 impii.
1560 1424 1777 1467 Caeterum

387 1500 528 1545 forma
560 1498 670 1542 servi
693 1511 793 1540 cnm
814 1495 885 1538 hic
907 1503 1016 1539 esset
1031 1530 1042 1550 ,
1079 1494 1168 1538 visa
1201 1503 1265 1538 est
1286 1494 1341 1538 ab
1363 1493 1505 1552 impiis
1530 1512 1539 1537 ε
1573 1493 1779 1538 viderunt

387 1585 484 1615 eam
506 1569 582 1629 qui
600 1566 881 1611 crediderunt
896 1601 908 1621 ‚
924 1565 1130 1610 viderunt
1157 1574 1200 1609 et
1221 1565 1297 1625 qni
1319 1564 1587 1609 occiderunt.
1611 1566 1674 1609 Ne
1695 1563 1777 1607 ali-

387 1641 497 1701 quid
513 1654 721 1697 magnum
739 1647 864 1697 putes
883 1635 1020 1680 videri
1042 1634 1227 1680 formam
1249 1636 1367 1679 illam
1379 1671 1389 1690 ‚
1410 1635 1615 1679 viderunt
1633 1634 1774 1688 amici,

387 1711 594 1755 viderunt
615 1708 779 1752 inimici
797 1728 808 1764 3
833 1716 878 1751 et
899 1705 1077 1766 quidam
1101 1705 1294 1749 videntes
1313 1706 1628 1749 interfecerunt
1647 1739 1658 1759 ‚
1684 1705 1778 1765 qui-

388 1780 486 1824 dam
510 1795 601 1824 non
621 1778 818 1823 videntes
840 1776 1135 1821 crediderunt.
1162 1778 1283 1820 Hanc
1306 1791 1409 1834 ergo
1431 1774 1615 1819 sormam
1638 1775 1774 1830 servi,

388 1866 520 1912 quam
540 1850 612 1894 hic
623 1851 713 1909 jam
736 1849 781 1892 in
798 1846 1043 1892 humilitate
1064 1846 1270 1890 viderunt
1291 1855 1334 1890 et
1352 1846 1413 1905 pii
1431 1855 1474 1889 et
1495 1845 1636 1903 impii,
1660 1844 1778 1889 vide-

388 1922 503 1966 bunt
524 1930 566 1964 et
588 1921 633 1963 in
649 1919 816 1979 jndicio
838 1928 880 1962 et
898 1917 957 1977 pii
975 1926 1018 1961 et
1033 1917 1169 1977 impii.
1182 1914 1294 1961 Cum
1313 1916 1430 1959 enim
1451 1915 1660 1959 Dominus
1677 1924 1777 1959 ante

388 1991 538 2037 oculos
560 1989 880 2049 Discipulornm
909 2003 1087 2032 suorum
1114 1986 1298 2031 ferretur
1331 1987 1377 2030 in
1399 1985 1560 2030 coelum
1581 2020 1591 2039 ‚
1631 1986 1777 2029 sonuit

388 2078 472 2108 vox
494 2060 687 2120 angelica
717 2059 990 2104 intuentibus
1015 2073 1141 2104 eum:
1164 2058 1291 2101 «Viri
1314 2056 1479 2101 Galilaei
1497 2091 1507 2111 ‚
1533 2055 1641 2116 quid
1658 2056 1776 2100 statis

391 2151 412 2175 »
447 2133 666 2176 intuentes
702 2131 747 2174 in
769 2130 959 2175 coelum?
995 2133 1080 2174 Iste
1117 2131 1239 2172 Jesus
1275 2128 1335 2172 sic
1357 2128 1502 2172 veniet
1516 2162 1527 2182 ‚
1552 2125 1776 2187 quomodo

391 2221 413 2245 »
448 2219 549 2247 eum
570 2202 734 2247 vidistis
752 2210 926 2245 euntem
951 2201 995 2244 in
1018 2199 1181 2245 coelum
1198 2199 1229 2242 4.
1259 2216 1278 2239 >›
1308 2198 1375 2243 Sic
1393 2213 1517 2256 ergo,
1543 2198 1617 2253 sic,
1642 2197 1687 2240 in
1704 2212 1777 2242 ea-

390 2273 490 2318 dem
507 2274 646 2317 forma
659 2292 667 2317 :
680 2273 783 2333 quia
800 2272 855 2315 de
875 2271 1016 2330 impiis
1034 2270 1199 2314 dictum
1218 2278 1280 2313 est
1297 2269 1566 2313 :«Videbunt
1581 2270 1627 2311 in
1644 2282 1775 2327 quem

393 2363 414 2387 »
449 2347 777 2404 pupugerunt5.
807 2362 827 2384 »
865 2343 1090 2387 Videbunt
1116 2341 1437 2402 judicaturum,
1469 2355 1600 2400 quem
1631 2340 1775 2384 irrise-

390 2425 496 2460 runt
510 2414 767 2475 judicatum.
782 2418 879 2474 Ipsa
893 2415 1041 2474 itaque
1068 2413 1207 2458 forma
1228 2411 1337 2456 servi
1354 2412 1399 2455 in
1415 2411 1579 2471 judicio
1601 2410 1776 2469 conspi—

439 2520 447 2534 ¹
477 2516 568 2545 Joan.
589 2525 615 2554 1,
637 2524 649 2544 1
673 2516 706 2544 et
724 2512 755 2545 3.
775 2530 816 2535 —
837 2520 849 2535 ²
873 2515 946 2554 Sap.
973 2523 1026 2553 vu,
1045 2520 1100 2553 27.
1122 2528 1162 2533 -
1183 2508 1196 2533 3
1213 2512 1393 2549 Joan.x1v,
1409 2517 1461 2541 21.
1486 2524 1529 2531 —
1547 2506 1563 2537 4
1582 2509 1653 2539 Act.
1674 2518 1700 2547 1,
1721 2517 1772 2538 11.

393 2586 435 2591 —
456 2567 470 2591 5
489 2568 724 2608 Zacli.x11,1o.
