1848 3261
451 207 693 238 nmmum-10
721 211 768 238 m
797 205 1001 237 rsAmtm
1021 203 1097 234 cv.
1372 193 1457 234 215

82 273 167 331 vel,
179 275 324 321 omnia
339 288 470 334 opera
481 273 789 320 mandatorum
802 274 893 333 ejus
904 270 1080 330 3maluit
1090 267 1233 314 dicere
1244 269 1459 316 :«Laudes

84 363 106 387 »
139 347 258 406 ejus:
277 364 299 387 ))
314 346 433 406 quia,
458 355 509 389 ut
525 345 692 390 dictum
708 353 786 399 est,
810 344 858 387 in
873 351 1089 403 quantum
1109 341 1244 396 fiunt,
1263 341 1353 400 ipse
1367 341 1459 386 lau-

81 415 251 460 dandus
281 425 359 460 est.
391 420 504 469 Quas
524 424 672 460 tamen
692 413 841 459 laudes
854 449 866 469 ‚
891 413 1091 473 quisnam
1110 411 1270 455 sufficit
1291 411 1458 456 auditas

79 484 247 530 facere?
267 485 314 530 id
333 495 397 531 est
410 521 422 543 ‚
442 502 542 531 cum
565 485 725 531 auditae
741 484 926 540 fuerint,
948 483 1090 529 facere
1112 497 1261 529 omnes
1283 482 1380 542 quis
1397 492 1461 527 est

78 557 288 601 idoneus?

138 630 216 671 IV.
237 627 391 671 «Beati
413 627 489 687 qui
509 626 762 671 custodiunt
772 625 1003 686 judicium,
1017 633 1060 669 et
1072 624 1462 684 faciuntjustitiam

82 715 104 739 >›
137 698 183 742 in
205 698 323 742 omni
344 707 540 757 tempore
553 701 564 722 ¹
583 718 592 742 ;
618 718 636 739 »
655 699 808 759 utique
829 713 881 741 ex
901 713 990 757 quo
1007 697 1223 756 incipiunt
1244 705 1287 740 et
1307 696 1463 740 vivunt

78 768 126 811 in
137 777 346 828 tempore.
367 787 386 809 α
402 769 488 822 Qui
505 769 621 812 enim
641 769 979 828 perseveraverit
999 782 1138 827 usque
1155 767 1200 810 in
1217 767 1349 810 finem
1361 802 1372 821 ‚
1392 767 1463 811 hic

82 857 104 881 »
137 839 279 884 salvus
305 840 427 884 erit2.
455 857 476 881 »
502 843 649 883 Potest
678 849 824 884 autem
849 838 987 884 videri
1015 837 1210 899 ejusdem
1238 838 1462 882 sententiae

78 910 278 969 repetitio
292 945 304 964 ‚
329 919 380 954 ut
400 910 485 954 hoc
505 909 560 954 sit
581 910 723 954 facere
741 909 953 970 justitiam
970 944 981 964 ,
1008 909 1130 969 quod
1153 917 1216 952 est
1244 907 1462 953 custodire

73 979 289 1039 judicium
313 995 322 1021 :
348 988 399 1023 ut
427 979 557 1023 etiam
580 979 626 1022 in
649 980 868 1039 superiore
889 994 1018 1023 versu
1041 977 1343 1032 subaudiatur,
1369 997 1390 1020 «
1410 982 1464 1022 In

82 1069 102 1092 1>
137 1050 256 1093 omni
271 1059 466 1109 tempore
478 1070 489 1107 3
502 1068 522 1091 »
535 1050 646 1094 sicut
658 1050 703 1093 in
720 1049 957 1109 posteriore
968 1048 1244 1103 subauditur,
1255 1067 1274 1090 α
1286 1049 1406 1092 Beati
1420 1067 1459 1106 3»

77 1129 122 1164 et
137 1119 315 1165 redditis
334 1137 434 1181 quae
455 1120 794 1174 subaudiuntur,
819 1120 879 1164 ita
897 1119 1088 1163 dicatur:
1109 1138 1128 1161 «
1141 1120 1260 1162 Beati
1275 1120 1352 1178 qui
1363 1135 1462 1163 cus-

81 1208 102 1232 »
135 1191 312 1235 todiunt
323 1191 538 1251 judicium
554 1209 574 1231 »
594 1191 639 1234 in
654 1191 773 1234 omni
790 1200 1002 1249 tempore,
1019 1190 1134 1234 beati
1148 1189 1223 1249 qui
1240 1208 1260 1231 «
1277 1190 1463 1235 Faciunt

79 1278 101 1301 »
132 1260 344 1320 justitiam
360 1261 407 1304 in
429 1261 548 1304 omni
569 1270 777 1319 tempore.
804 1280 822 1301 »
851 1259 936 1305 Sed
957 1260 1038 1303 nisi
1059 1259 1225 1319 aliquid
1241 1260 1463 1306 interesset

77 1331 191 1374 inter
206 1331 418 1390 judicium
434 1341 477 1375 et
489 1332 723 1390 justitiam,
743 1331 892 1375 nonin
916 1330 1000 1375 alio
1023 1330 1193 1375 Psalmo
1215 1330 1459 1378 diceretur:

81 1419 102 1443 «
137 1405 373 1461 Quousque
407 1402 573 1461 justitia
605 1411 885 1446 convertatur
910 1402 956 1444 in
984 1401 1200 1461 judicium
1216 1403 1247 1445 3.
1278 1420 1298 1442 n
1332 1405 1463 1447 Amat

77 1471 256 1531 quidem
271 1472 507 1531 Scriptura,
523 1472 602 1515 ista
623 1471 713 1516 duo
735 1472 862 1515 simul
879 1471 1199 1531 ponerezsicuti
1221 1480 1308 1515 est:
1329 1491 1348 1513 «
1365 1475 1462 1516 Jus-

79 1560 100 1583 »
135 1542 228 1586 titia
253 1552 297 1587 et
314 1541 526 1603 judicium
552 1544 732 1588 directio
763 1542 874 1587 sedis
896 1544 1012 1603 ejus⁴
1035 1558 1044 1583 ε
1073 1560 1094 1583 »
1119 1552 1163 1586 et
1191 1541 1328 1587 illud:
1358 1562 1379 1586 «
1403 1546 1462 1588 Et

81 1631 99 1652 »
134 1610 291 1656 educet
313 1613 423 1656 sicut
445 1613 596 1656 lumen
611 1613 823 1673 justitiam
846 1622 967 1657 tuam
983 1649 994 1668 ‚
1027 1622 1070 1657 et
1093 1613 1310 1673 judicium
1332 1623 1459 1659 tuum

78 1698 99 1722 »
133 1681 244 1726 sicut
258 1682 509 1726 meridiem⁵
523 1703 532 1728 :
548 1702 567 1725 «
587 1699 689 1728 cum
711 1693 754 1728 et
770 1684 858 1728 illic
879 1683 1075 1743 ejusdem
1089 1685 1316 1728 sententiae
1335 1700 1460 1744 repe-

75 1751 171 1795 titio
185 1751 397 1796 videatur.
410 1756 466 1798 Et
479 1752 656 1798 fortasse
669 1763 847 1814 propter
857 1754 1119 1798 vicinitatem
1135 1755 1461 1812 significationis

75 1821 205 1865 ctiam
222 1821 408 1866 alterum
425 1839 504 1882 pro
518 1825 653 1868 altero
668 1825 771 1883 poni
788 1832 946 1883 potest,
961 1823 1031 1869 vel
1045 1824 1260 1884 judicium
1278 1840 1357 1884 pro
1364 1827 1460 1885 jus*

74 1891 169 1936 titia
184 1928 196 1948 ,
221 1893 289 1938 vel
309 1894 475 1953 justitia
493 1910 573 1954 pro
591 1894 757 1956 judicio
782 1915 790 1939 :
816 1905 963 1939 tamen
985 1896 1019 1939 si
1039 1896 1215 1956 proprie
1237 1895 1456 1953 dicantur,

75 1961 241 2023 aliquid
254 1965 456 2009 interesse
471 1981 561 2010 non
578 1966 750 2020 dubito,
765 1975 816 2010 ut
827 1965 1043 2026 judicium
1060 1966 1277 2011 custodire
1290 1966 1460 2012 dicatur

74 2033 151 2092 qui
174 2043 289 2077 recte
304 2034 491 2095 judicat.
511 2036 723 2096 justitiam
734 2051 836 2081 vero
854 2036 995 2081 facere
1012 2037 1089 2097 qui
1110 2046 1227 2081 recte
1249 2037 1352 2096 agit.
1370 2040 1460 2084 Nec

74 2102 262 2147 absurde
289 2104 487 2149 existimo
513 2105 699 2164 intelligi
726 2106 967 2150 secundum
997 2106 1108 2151 illud
1134 2106 1255 2167 quod
1290 2108 1459 2151 dictum

74 2181 162 2221 est:
192 2178 465 2235 «Quousque
480 2176 648 2236 justitia
658 2186 948 2221 *convertatur
968 2177 1013 2222 in
1030 2177 1261 2237 judicium,
1280 2196 1301 2218 »
1327 2178 1457 2222 etiam

73 2243 143 2288 hic
165 2259 236 2289 eos
254 2246 391 2290 dictos
414 2247 562 2291 beatos
582 2248 657 2307 qui
673 2247 887 2307 judicium
901 2249 1155 2294 custodiunt
1176 2250 1220 2292 in
1237 2248 1324 2292 fide
1337 2284 1347 2303 ,
1367 2250 1456 2308 jus-

73 2312 213 2358 titiam
230 2315 397 2360 faciunt
412 2317 457 2360 in
479 2333 624 2376 opere.
650 2319 805 2362 Veniet
821 2319 937 2363 enim
959 2329 1145 2379 tempus,
1171 2329 1222 2364 ut
1238 2319 1456 2379 judicium

75 2384 197 2443 quod
217 2386 348 2431 modo
366 2388 607 2432 custoditur
623 2389 668 2432 in
689 2389 797 2442 fide,
823 2390 951 2434 etiam
973 2400 1220 2435 exerceatur
1236 2391 1281 2434 in
1303 2405 1452 2449 opere,

123 2486 132 2502 ¹
153 2481 231 2513 Psal.
250 2493 302 2524 cv,
321 2483 351 2514 3.
374 2501 414 2506 —
431 2491 443 2506 ²
464 2484 575 2516 Matth.
596 2495 628 2525 x,
647 2493 700 2516 22.
724 2503 763 2508 -
785 2484 797 2508 3
820 2486 900 2518 Psal.
922 2498 1012 2529 xcm,
1034 2488 1086 2519 15.
1103 2504 1144 2510 —
1158 2486 1238 2519 41d.
1260 2497 1345 2527 xcv1‚
1362 2494 1396 2518 2.
1410 2501 1454 2508 --

75 2532 89 2555 5
107 2535 153 2567 Id.
177 2547 281 2577 xxxvr,
295 2537 329 2570 6.
