1848 3261
179 230 420 258 ENArtnATio
453 234 497 259 m
531 231 734 259 PsALMUM
764 232 920 267 cxvru,
955 231 1093 259 sermo
1126 232 1241 260 xxvi.
1338 222 1422 261 509

43 293 285 352 punitatem
298 294 466 355 judicat
495 304 754 349 secuturam,
771 293 948 354 quando
967 310 1111 339 amore
1125 297 1301 355 justitiae
1319 313 1422 356 pec-

45 372 190 407 catum
211 365 352 423 ipsum
383 365 564 424 deputat
586 380 774 424 poenam.
802 363 893 407 Tali
910 363 1064 408 timore
1081 381 1229 410 carnes
1250 368 1425 411 crucifi-

45 442 207 490 guntur
228 455 238 491 3
258 435 467 495 quoniam
485 435 674 480 carnales
696 433 1018 489 delectationes,
1044 451 1143 494 quae
1160 435 1265 493 legis
1283 435 1425 481 littera

44 513 248 548 vetantur
268 506 412 565 potius
436 521 568 566 quam
587 505 780 549 vitantur
796 539 806 559 ‚
832 504 1090 564 spiritalium
1112 505 1328 549 bonorum
1352 507 1429 550 de-

44 573 275 619 lectatione
312 576 575 630 vincuntur,
616 585 659 618 et
695 574 846 619 eadem
868 591 1007 635 usque
1040 575 1094 619 ad
1116 576 1429 635 perfectionem

46 654 264 689 crescente
285 646 465 690 victoria
491 646 780 705 perimuntur.
808 665 828 687 «
852 646 1032 704 Confige
1055 661 1158 705 ergo
1180 646 1310 691 clavis
1327 682 1337 702 ,
1363 647 1433 690 in-

49 733 70 756 »
105 716 221 776 quit,
263 733 286 760 a
325 717 480 761 timore
518 726 594 760 tuo
621 731 769 761 carnes
806 731 946 773 meas;
971 733 993 760 a
1009 717 1184 776 judiciis
1207 718 1322 761 enim
1348 717 1435 762 tuis

49 804 70 827 »
107 786 245 831 timui.
275 805 295 828 »
331 790 425 832 Hoc
447 797 511 832 est
532 808 543 846 3
569 791 631 832 Da
652 787 759 831 mihi
780 796 947 831 castum
967 787 1166 832 timorem
1180 823 1191 843 ‚
1227 788 1281 832 ad
1302 804 1435 849 quem

47 857 288 916 petendum
302 873 370 902 me
385 867 595 918 tanquam
607 857 872 918 paedagogus
886 858 1122 916 timorlegis
1132 859 1206 903 ille
1215 858 1434 918 perduxit,

48 944 137 988 quo
155 928 310 973 timore
336 948 354 969 «
371 932 409 973 A
423 929 597 988 judiciis
621 929 706 973 tuis
722 929 863 973 timui.
892 947 913 969 n

523 1196 741 1249 SERMO
785 1197 957 1236 xxvr.

113 1343 146 1384 Ι.
185 1343 299 1384 Ιετοε
316 1339 461 1397 magni
484 1339 643 1383 Psalmi
655 1339 785 1399 hujus
802 1354 952 1383 versus
970 1339 1309 1385 considerandos
1329 1356 1448 1385 nunc

53 1411 317 1469 suscepimus
328 1418 461 1469 atque
484 1408 756 1453 tractandos:
783 1428 799 1448 «
814 1410 916 1454 Feci
925 1410 1143 1470 judicium
1161 1420 1203 1454 et
1214 1411 1445 1471 justitiam,

59 1502 77 1523 »
112 1496 168 1524 ne
204 1480 348 1524 tradas
389 1495 458 1523 me
480 1479 740 1523 nocentibus
762 1495 832 1522 me
848 1482 878 1522 ¹.
913 1498 933 1522 »
959 1484 1058 1526 Non
1082 1482 1239 1525 mirum
1261 1491 1325 1525 est
1347 1497 1449 1526 eum

55 1551 205 1597 fecisse
235 1551 452 1612 judicium
474 1560 518 1595 et
533 1551 746 1611 justitiam
763 1587 774 1607 ‚
800 1553 878 1612 qui
913 1554 1114 1613 superius
1145 1562 1402 1613 poposcerat
1423 1569 1449 1597 a

57 1624 213 1668 timore
235 1623 338 1678 Dei,
364 1622 516 1681 utique
549 1631 689 1677 casto,
715 1623 876 1682 configi
898 1622 1027 1667 clavis
1050 1640 1200 1668 carnes
1221 1640 1341 1679 suas,
1365 1624 1451 1668 hoc

57 1704 121 1738 est
139 1729 150 1749 ‚
191 1693 382 1738 carnales
421 1693 791 1752 concupiscentias
807 1729 818 1748 ‚
860 1710 961 1753 quae
1001 1695 1145 1739 solent
1159 1730 1170 1749 ‚
1215 1695 1452 1755 quominus

59 1774 228 1809 rectum
250 1764 324 1818 sit,
349 1773 547 1807 nostrum
580 1763 791 1822 impedire
809 1764 1043 1823 judicium.
1070 1766 1276 1818 Quamvis
1301 1776 1451 1811 autem

59 1836 146 1880 sive
169 1843 335 1878 rectum
356 1868 367 1887 ‚
403 1832 489 1876 sive
511 1847 695 1891 pravum
711 1867 722 1886 ‚
746 1832 792 1875 in
824 1833 960 1876 nostri
988 1835 1197 1879 sermonis
1220 1851 1303 1880 usu
1335 1837 1456 1897 judi-

61 1907 176 1950 cium
199 1912 480 1962 nuncupetur
495 1937 506 1957 ‚
527 1901 645 1945 unde
666 1903 918 1947 hominibus
941 1904 988 1947 in
1007 1905 1247 1964 Evangelio
1266 1908 1453 1952 dicitur:

67 1996 87 2019 «
122 1975 263 2021 Nolite
281 1973 477 2035 judicare
498 1971 781 2032 personaliter
797 2008 808 2027 ,
833 1972 910 2017 sed
937 1984 1106 2019 rectum
1134 1975 1351 2036 judicium
1378 1979 1454 2037 ju-

66 2065 86 2087 »
122 2045 327 2089 dicate22»
350 2053 497 2087 tamen
518 2043 601 2086 hoc
617 2042 712 2087 loco
728 2043 787 2086 ita
804 2044 997 2103 positum
1021 2055 1084 2089 est
1098 2047 1336 2105 judicium,
1359 2057 1455 2092 tan-

60 2132 192 2177 quam
212 2115 245 2159 si
267 2123 436 2158 rectum
468 2129 557 2156 non
581 2111 712 2156 fuerit
729 2148 740 2167 ‚
775 2129 865 2158 non
895 2114 1051 2159 debeat
1070 2115 1287 2176 judicium
1309 2118 1454 2162 nomi-

61 2187 155 2232 nari
176 2206 185 2231 :
212 2185 407 2245 alioquin
428 2199 519 2227 non
541 2183 760 2227 sufficeret
784 2183 928 2229 dicere
946 2221 956 2241 ,
985 2205 1006 2228 «
1034 2187 1133 2230 Feci
1155 2187 1401 2247 judicium3
1430 2206 1450 2230 »

62 2257 139 2302 sed
160 2256 378 2301 diceretur
395 2290 406 2309 ,
433 2254 534 2298 Feci
552 2263 718 2298 rectum
733 2254 965 2314 judicium.
988 2259 1082 2300 Hoc
1102 2272 1257 2315 genere
1278 2257 1452 2303 locutus

64 2338 129 2373 est
154 2327 363 2380 Dominus
385 2329 508 2370 Jesus
524 2361 535 2381 ,
556 2326 634 2369 uhi
656 2326 715 2370 ait
736 2345 744 2370 :
775 2346 795 2368 (ι
819 2325 1072 2387 Reliquistis
1094 2329 1288 2386 graviora
1307 2331 1453 2389 Legis7

69 2418 89 2442 >›
119 2399 334 2459 judicium
352 2406 394 2441 et
415 2395 752 2441 misericordiam
774 2405 816 2440 et
838 2395 970 2441 fidem
985 2400 1016 2441 3.
1042 2417 1061 2439 »
1089 2402 1145 2442 Et
1162 2399 1232 2443 hic
1252 2401 1366 2444 enim
1380 2402 1460 2460 ju-

67 2469 231 2514 dicium
247 2468 306 2512 sic
322 2467 510 2527 positum
534 2476 597 2511 est
611 2502 622 2522 ,
648 2477 855 2527 tanquam
870 2483 958 2512 non
974 2469 1028 2512 sit.
1041 2469 1278 2529 judicium,
1304 2471 1338 2514 si
1353 2487 1457 2530 per-

117 2572 126 2588 ¹
149 2564 345 2605 Psal.c.xv1n‚
368 2573 440 2595 121.
464 2580 503 2586 —
525 2570 537 2586 ²
556 2565 646 2595 Joan.
671 2574 730 2604 vn,
755 2561 809 2604 24.
830 2580 870 2585 -
892 2562 904 2586 3
924 2564 1038 2596 Matth.
1059 2575 1149 2605 xxm,
1170 2566 1223 2597 23.
