1848 3261
270 220 510 250 ENARRATm
542 223 587 249 nv
619 220 821 250 PsALMUM
852 222 1015 259 cxvm,
1050 220 1189 250 SERMO
1222 224 1301 250 ΧΠ.
1387 211 1472 251 435

93 302 224 346 opera
245 286 457 343 facerent,
492 304 718 349 nunquam
736 290 952 344 Martyres
983 288 1141 331 Christi
1173 290 1337 333 bonum
1360 306 1470 350 opus

92 356 370 401 confessionis
387 359 431 401 in
454 358 646 418 ejusdem
671 356 819 402 salutis
841 357 1069 400 amissione
1091 359 1360 415 perficerent.
1390 359 1476 404 Sed

92 436 353 486 acceperunt
370 427 576 471 auxilium
598 427 652 471 de
674 426 955 470 tribulatione
971 461 982 481 ‚
1008 442 1097 470 non
1119 427 1335 471 intuentes
1352 429 1476 472 vani-

89 504 246 552 tatem,
271 498 374 557 quia
395 513 505 541 vana
525 496 638 541 salus
664 496 846 540 hominis
862 499 900 554 ¹3
930 506 973 540 et
1001 495 1117 540 diem
1139 497 1365 540 hominum
1388 513 1476 541 non

89 567 408 627 concupierunt
421 571 454 623 ²,
472 568 574 628 quia
585 568 716 612 homo
731 567 912 612 vanitati
929 567 1141 612 similatus
1161 577 1247 623 est,
1271 567 1362 611 dies
1385 569 1475 628 ejus

87 636 205 681 sicut-
219 638 373 682 umbra
394 647 661 698 praetereunt
673 638 706 682 ³.

148 712 230 753 III.
265 712 378 755 Cum
399 719 541 755 autem
560 714 673 755 Deus
689 718 866 767 rogatur
879 744 891 765 ‚
916 718 968 753 ut
980 724 1029 753 ea
1042 725 1142 769 quae
1158 707 1364 754 videntur
1385 722 1475 752 esse

85 779 132 823 in
153 788 295 824 nostra
327 790 539 840 potestate
556 816 567 836 ,
597 781 642 825 id
669 793 733 825 est
748 816 759 836 ‚
794 779 1022 826 oculorum
1047 780 1210 825 aversio
1243 797 1267 824 a
1287 778 1477 824 videnda

84 850 276 894 vanitate
308 851 362 894 ab
399 851 474 895 illo
516 851 640 895 nobis
673 850 959 907 concedatur,
993 851 1101 911 quid
1124 851 1204 894 nisi
1230 851 1319 910 ejus
1342 849 1478 908 gratia

85 920 443 964 commendatur?
464 920 676 966 Nonnulli
697 922 813 964 enim
835 922 890 966 ab
915 937 964 966 ea
987 922 1176 966 vanitate
1198 936 1287 964 non
1308 928 1477 963 averte-

84 999 189 1033 runt
215 990 363 1035 oculos
389 1007 510 1046 suos,
535 991 636 1051 quia
658 1001 925 1051 putaverunt
946 1008 970 1035 a
993 1007 1036 1035 se
1053 991 1154 1050 ipsis
1172 1007 1215 1034 se
1236 990 1328 1034 fieri
1336 991 1476 1048 justos

83 1068 128 1103 et
140 1059 294 1115 bonos,
307 1070 350 1105 et
364 1060 606 1105 dilexerunt
619 1059 798 1120 gloriam
814 1062 1042 1105 hominum
1057 1061 1190 1117 magis
1205 1074 1334 1119 quam
1350 1058 1474 1113 Dei⁴;

82 1131 185 1189 quia
202 1140 246 1174 et
267 1132 346 1190 ipsi
362 1133 559 1176 homines
580 1142 703 1186 sunt,
729 1132 804 1191 qui
820 1132 901 1175 sibi
923 1132 1107 1175 nimium
1132 1129 1410 1189 placuerunt,
1433 1136 1476 1171 et

82 1199 137 1243 dc
150 1202 215 1244 sui
227 1201 394 1245 arbitrii
404 1203 568 1246 viribus
576 1217 762 1261 praesum
768 1211 960 1260 pserunt.
970 1202 1052 1246 Sed
1063 1202 1189 1245 etiam
1204 1202 1297 1245 haec
1309 1199 1474 1244 vanitas

81 1278 126 1313 et
146 1271 428 1329 praesumptio
449 1272 623 1330 spiritus
640 1280 703 1314 est
724 1273 755 1314 ⁵.
780 1273 892 1316 Cum
911 1287 1014 1329 ergo
1037 1271 1208 1315 dixisset
1229 1290 1237 1315 :
1267 1289 1287 1312 «
1315 1273 1474 1314 Averte

83 1356 106 1381 »
140 1340 288 1385 oculos
310 1356 427 1384 meos
443 1375 454 1395 ,
485 1357 540 1385 ne
571 1341 749 1385 videant
766 1342 1025 1398 vanitatem3
1048 1342 1094 1384 in
1117 1341 1184 1384 via
1207 1350 1281 1384 tua
1303 1339 1473 1383 vivifica

82 1426 105 1451 »
139 1413 258 1468 me⁶3
282 1429 302 1452 n
339 1427 438 1471 quae
466 1411 535 1455 via
562 1427 651 1455 non
674 1412 841 1455 vanitas
858 1446 869 1465 ‚
905 1411 980 1455 sed
1002 1411 1156 1455 veritas
1190 1419 1253 1453 est
1278 1429 1286 1454 :
1313 1407 1472 1452 deinde

80 1480 326 1539 subjunxit:
357 1499 377 1522 «
405 1483 553 1524 Statue
575 1496 697 1525 servo
718 1490 796 1524 tuo
811 1480 1033 1539 eloquium
1056 1490 1182 1524 tuum
1203 1480 1248 1523 in
1271 1479 1472 1522 timorem

81 1567 105 1591 »
124 1558 251 1594 tuum
266 1552 298 1594 ⁷.
319 1568 339 1591 »
358 1549 486 1603 Quod
499 1549 606 1609 quid
622 1560 685 1594 est
705 1550 841 1604 aliud,
870 1565 1016 1609 quani,
1044 1553 1105 1594 Da
1120 1549 1225 1592 mihi
1244 1557 1293 1591 ut
1317 1548 1473 1590 faciam

78 1621 200 1680 quod
234 1619 474 1680 eloqueris?
506 1622 657 1679 Neque
684 1620 799 1662 enim
821 1628 1032 1662 statutum
1059 1627 1124 1663 est
1145 1617 1369 1677 eloquium
1394 1615 1471 1660 Dei

78 1690 165 1745 his,
190 1690 268 1749 qui
289 1690 334 1732 in
346 1704 390 1732 se
406 1697 584 1733 movent
601 1688 710 1732 illud
722 1697 873 1732 contra
892 1687 1091 1731 faciendo
1113 1707 1124 1743 3
1149 1687 1207 1729 eis
1221 1695 1365 1729 autem
1388 1693 1470 1728 sta-

77 1769 224 1803 tutum
249 1768 313 1804 est
329 1794 340 1814 ‚
374 1760 421 1803 in
451 1759 611 1819 quibus
632 1758 858 1802 immobile
883 1766 961 1801 est.
1004 1757 1163 1801 Statuit
1184 1756 1331 1814 itaque
1358 1757 1471 1797 Deus

78 1830 302 1890 eloquium
319 1845 448 1874 suum
469 1830 514 1872 in
532 1830 730 1872 timorem
751 1843 879 1872 suum
895 1829 975 1882 eis,
996 1827 1157 1886 quibus
1179 1826 1253 1870 dat
1270 1825 1469 1885 spiritum

76 1901 244 1945 timoris
266 1900 331 1943 sui
358 1919 366 1944 z
392 1899 556 1942 timoris
578 1907 725 1942 autem
758 1913 847 1941 non
868 1896 984 1940 illius
1006 1896 1061 1940 de
1082 1912 1171 1956 quo
1193 1896 1298 1939 dicit
1327 1898 1468 1953 Apos-

75 1970 212 2015 tolus:
228 1974 351 2015 «Non
365 1969 482 2012 enim
500 1968 721 2027 accepistis
738 1967 936 2026 spiritum
951 1966 1168 2011 servitutis
1182 1967 1339 2009 iterum
1357 1965 1402 2008 in
1416 1964 1469 2008 ti-

78 2058 100 2082 »
122 2043 268 2085 more8
285 2060 296 2097 3
311 2058 332 2080 »
343 2040 462 2083 hunc
475 2039 590 2082 enim
608 2046 906 2082 consummata
921 2036 1105 2081 charitas
1118 2034 1230 2080 foras
1250 2035 1382 2078 mittit
1411 2033 1468 2078 ti-

76 2111 266 2154 morem9
285 2128 294 2153 z
317 2107 392 2152 sed
408 2107 522 2150 illius
540 2107 722 2160 timoris,
748 2122 880 2166 quem
902 2105 1008 2150 dicit
1029 2106 1245 2165 Propheta
1268 2103 1467 2162 spiritum

75 2180 240 2224 timoris
254 2179 332 2224 Dei
343 2181 395 2235 ¹⁰3
412 2178 575 2222 timoris
589 2178 740 2236 utique
755 2178 873 2231 casti,
887 2177 1177 2235 permanentis
1194 2175 1239 2217 in
1257 2173 1465 2217 saeculum

75 2250 293 2305 saeculiss,
317 2247 483 2292 timoris
504 2263 592 2307 quo
616 2247 793 2291 timetur
819 2246 985 2290 offendi
1014 2247 1092 2306 qui
1112 2253 1296 2291 amatur.
1327 2243 1465 2288 Aliter

124 2363 134 2379 ¹
151 2356 234 2387 Psal.
254 2366 320 2396 ux,
339 2354 394 2387 13.
413 2371 454 2377 —
470 2361 483 2376 2
497 2355 617 2385 Jerem.
632 2363 713 2392 xvii,
731 2352 782 2383 16.
796 2368 838 2375 -
853 2349 866 2374 3
884 2352 966 2383 rsal.
981 2362 1074 2391 cuv,
1093 2350 1125 2394 4.
1140 2368 1181 2374 —
1197 2349 1214 2375 4
1231 2352 1323 2382 Joan.
1337 2360 1393 2391 111,
1406 2348 1462 2392 45.

81 2428 123 2435 —
140 2409 155 2434 ⁵
175 2411 276 2443 Eccli.
297 2419 340 2451 vt,
354 2421 386 2452 9.
409 2426 451 2431 —
469 2407 485 2431 6
504 2408 583 2440 Psal.
611 2418 720 2449 cxvm,
747 2407 799 2449 37.
821 2423 864 2429 —-
882 2417 899 2448 7
920 2406 1003 2438 Ibid.
1035 2407 1088 2438 38.
1109 2423 1148 2429 ——
1162 2404 1180 2428 θ
1198 2408 1289 2439 Rom.
1314 2416 1383 2445 vni,
1410 2404 1462 2439 15.

77 2484 119 2491 —
143 2474 159 2500 9
182 2469 278 2499 Joan.
298 2477 345 2508 ιν,
372 2466 424 2498 18.
443 2465 620 2497 —101sa‘1'.
643 2474 688 2504 xi,
708 2463 738 2495 3.
763 2479 805 2484 —
821 2468 849 2485 ¹¹
866 2461 946 2494 Psal.
966 2473 1062 2503 xvm,
1090 2473 1138 2494 ιο,

1252 2513 1319 2554 28.
