1848 3261
400 233 483 273 160
807 243 842 271 s.
877 238 1106 270 Aucusnm
1138 240 1319 269 Emscom

398 308 736 363 daemoniorum,
767 316 810 352 et
831 317 932 352 sunt
955 306 1170 351 daemonia
1191 305 1394 367 quaedam
1415 304 1774 365 contemptibilia.

397 382 483 424 Ista
514 378 726 423 daemonia
747 378 950 423 seducere
973 376 1136 420 animas
1157 386 1362 436 quaerunt
1376 412 1387 432 ,
1412 376 1489 421 sed
1509 375 1587 420 ubi
1604 374 1669 420 sol
1690 390 1780 419 non

397 459 516 494 ortus
532 459 620 507 est,
645 449 837 494 tenebra}
861 449 977 491 enim
999 449 1186 491 sunt.Et
1201 462 1301 491 cum
1324 447 1513 491 tenebrae
1533 455 1648 501 sunt,
1662 461 1782 506 quae-

397 530 500 565 runt
521 520 654 565 catuli
675 519 852 581 leonum
873 534 982 579 quos
1004 517 1229 562 devorent.
1256 520 1352 577 Ipse
1373 516 1442 561 leo
1465 518 1622 577 major,
1658 516 1780 576 prin-

396 608 495 652 ceps
524 592 720 636 omnium
753 590 907 634 talium
939 588 1118 633 leonum
1134 623 1145 644 ‚
1180 587 1288 649 quid
1310 587 1364 632 de
1386 587 1462 633 illo
1495 588 1663 632 dictum
1685 589 1781 631 est?

400 681 420 704 «
454 662 631 707 Nescitis
651 662 753 721 quia
777 659 1044 704 adversarius
1071 669 1212 704 vester
1234 658 1433 711 diabolus
1451 694 1462 715 ,
1487 668 1696 719 tanquam
1712 657 1782 702 leo

401 753 419 776 »
455 734 625 792 rugiens
645 732 813 787 circuit,
829 731 1026 792 quaerens
1048 747 1179 792 quem
1201 730 1436 776 devoret1?
1457 751 1474 773 »
1493 730 1597 775 Ideo
1624 749 1640 770 «
1655 734 1784 783 Quae-

401 825 419 846 »
454 813 595 848 rentes
617 820 640 847 3
663 807 751 848 Deo
774 820 912 848 escam
937 804 1018 848 sibi
1039 824 1050 861 3
1076 824 1092 845 »
1119 803 1221 864 quia
1243 819 1322 847 nec
1345 803 1502 848 tentari
1523 803 1619 864 quis
1641 811 1783 862 potest

398 891 419 919 3
442 874 641 930 diabolo,
663 874 743 918 nisi
763 875 1039 934 permittente
1063 878 1167 919 Deo.
1196 874 1282 918 Job
1305 884 1477 918 sanctus
1505 883 1604 918 ante
1625 872 1782 918 diabo-

396 945 488 990 lum
511 955 618 1001 erat,
639 955 682 990 et
703 955 848 989 tamen
872 945 1002 1004 longe
1018 944 1073 989 ab
1095 944 1170 989 1110
1189 954 1301 990 erat:
1319 954 1494 1005 aspectu
1516 954 1616 988 ante
1638 943 1779 999 illum,

397 1026 609 1076 potestate
628 1026 818 1061 remotus
841 1017 894 1060 ab
916 1016 1007 1060 illo.
1021 1017 1206 1070 Quando
1220 1017 1399 1061 auderet
1421 1025 1587 1060 tentare
1602 1013 1673 1060 vel
1694 1031 1785 1059 car-

398 1103 496 1131 nem
515 1123 526 1143 ,
555 1088 624 1132 vel
643 1087 871 1133 facultates
893 1089 984 1148 ejus
1017 1102 1122 1147 quas
1145 1086 1392 1146 possidebat
1411 1121 1421 1141 ,
1447 1086 1528 1130 nisi
1552 1086 1786 1145 accepisset

398 1160 834 1218 potestatemPQuare
852 1167 997 1202 autem
1013 1157 1140 1201 datur
1163 1167 1350 1217 potestas
1365 1159 1382 1199 ‘2
1396 1161 1484 1201 Aut
1501 1156 1557 1201 ad
1577 1157 1784 1200 damnan-

398 1228 475 1273 dos
496 1228 652 1288 impios
667 1263 677 1282 ,
704 1237 778 1272 aut
796 1227 850 1272 ad
874 1227 1123 1288 probandos
1145 1228 1251 1287 pios.
1278 1231 1301 1272 J
1307 1237 1402 1272 uste
1424 1229 1508 1272 hoc
1529 1236 1669 1273 totum
1693 1230 1783 1271 Do-

398 1301 542 1344 minus
565 1300 671 1356 agit:
690 1300 795 1342 etin
820 1299 1038 1342 neminem
1061 1299 1193 1342 habet
1211 1298 1412 1343 diabolus
1431 1297 1785 1358 potestatem,vel

397 1371 443 1414 in
463 1369 628 1429 aliquid
651 1371 741 1428 ejus
755 1404 765 1423 ,
791 1369 871 1412 nisi
892 1368 965 1411 ille
983 1367 1209 1423 concedat,
1226 1369 1297 1413 cui
1319 1378 1382 1413 est
1405 1378 1593 1428 potestas
1618 1383 1786 1412 summa

398 1451 441 1486 ct
468 1440 680 1485 sublimis.
710 1440 776 1484 Sic
797 1438 971 1483 diabolo
987 1474 998 1494 ,
1024 1438 1082 1483 sic
1104 1439 1271 1483 homini
1298 1439 1417 1483 nulla
1447 1448 1510 1484 cst
1532 1448 1718 1499 potestas
1739 1439 1786 1482 in

398 1512 644 1566 hominem,
675 1511 755 1553 nisi
788 1508 973 1568 desuper
1001 1509 1144 1553 detur.
1180 1509 1330 1554 Stabat
1353 1509 1490 1570 judex
1514 1510 1713 1554 vivorum
1743 1517 1786 1553 et

398 1592 672 1626 mortuorum
702 1590 801 1624 ante
835 1580 1056 1624 hominem
1079 1578 1295 1640 judicem,
1330 1589 1373 1623 et
1400 1580 1568 1625 inflavit
1589 1595 1632 1624 se
1654 1580 1786 1624 homo

395 1653 531 1714 judex
552 1651 702 1697 videns
725 1660 824 1695 unte
847 1666 890 1694 se
914 1651 1158 1705 Christum,
1180 1660 1222 1694 et
1245 1651 1304 1694 ait
1330 1669 1339 1695 ς
1376 1670 1393 1691 «
1420 1652 1563 1696 Nescis
1585 1652 1687 1711 quia
1710 1666 1787 1711 po-

404 1744 422 1765 »
459 1732 657 1767 testatem
680 1722 819 1765 habeo
838 1719 1064 1765 occidendi
1087 1730 1130 1764 et
1151 1720 1399 1764 dimittendi
1422 1730 1464 1765 te
1478 1722 1495 1762 ‘2
1509 1724 1596 1765 »At
1617 1720 1690 1765 ille
1710 1721 1788 1781 qui

399 1803 577 1839 venei-at
599 1803 642 1837 et
666 1808 765 1836 eum
785 1791 941 1841 docere
961 1826 971 1846 ,
997 1808 1021 1836 3
1043 1808 1131 1852 quo
1146 1791 1426 1851 judicabatur
1447 1812 1455 1837 ε
1486 1811 1503 1832 «
1532 1795 1629 1838 Non
1648 1792 1786 1836 habe-

404 1886 422 1907 »
459 1880 552 1918 res,
585 1863 748 1923 inquit,
782 1862 827 1906 in
858 1878 927 1906 me
950 1871 1231 1920 potestatem,
1257 1863 1337 1906 nisi
1358 1872 1465 1907 esset
1487 1863 1569 1906 tibi
1601 1862 1787 1923 desuper

406 1955 423 1976 »
460 1934 628 1978 datast.»
645 1937 699 1977 Et
721 1934 852 1976 bomo
874 1941 917 1975 et
941 1931 1138 1976 diabolus
1161 1942 1204 1976 et
1226 1932 1664 1992 quaelibetdaemonia
1681 1949 1788 1978 non-

403 2005 483 2049 nisi
502 2013 676 2064 acccpta
698 2012 909 2063 potestate
931 2012 1090 2047 nocent
1115 2022 1123 2047 ε
1152 2002 1227 2046 sed
1248 2003 1574 2062 proficientibus
1596 2019 1685 2048 non
1703 2019 1787 2048 no-

402 2086 515 2121 cent.
547 2075 671 2121 Malis
699 2076 757 2119 ita
779 2084 881 2119 sunt
918 2084 1126 2135 tanquam
1148 2074 1257 2132 ignis
1280 2074 1424 2129 foeno,
1451 2075 1577 2120 bonis
1598 2076 1658 2120 ita
1686 2085 1788 2120 sunt

402 2157 610 2219 tanquam
638 2147 749 2205 ignis
782 2161 902 2190 auro.
936 2145 1226 2190 Manducatus
1261 2148 1324 2190 est
1356 2145 1491 2191 Judas
1518 2156 1569 2191 ut
1589 2146 1783 2203 foenum,

402 2220 610 2279 probatus
638 2228 702 2262 est
725 2218 808 2262 Job
834 2227 883 2261 ut
908 2232 1079 2261 aurum.
1111 2235 1128 2257 «
1159 2217 1343 2262 Posuisti
1364 2218 1591 2273 tenebras,
1613 2227 1657 2262 et
1673 2217 1787 2263 sacta

407 2311 424 2332 »
461 2300 523 2334 est
541 2306 625 2334 nox
647 2309 654 2333 ;
680 2288 767 2333 illic
786 2289 1108 2348 pertransibunt
1131 2304 1279 2333 omncs
1301 2290 1450 2333 bestiae
1472 2289 1620 2347 sylvae.
1647 2310 1664 2331 »
1690 2292 1787 2334 Jam

402 2361 550 2405 bestiae
579 2359 712 2417 sylvae
735 2359 818 2403 alio
848 2358 979 2403 modo
1007 2378 1015 2404 :
1041 2359 1125 2403 alio
1147 2359 1261 2403 enim
1291 2368 1333 2403 et
1354 2359 1438 2404 alio
1466 2359 1598 2404 modo
1619 2374 1787 2418 semper

402 2431 480 2474 ista
504 2430 832 2488 intelliguntur,
851 2429 1072 2489 quomodo
1092 2429 1300 2473 Dominus
1318 2429 1407 2489 ipse
1425 2430 1677 2489 agnus,ipse
1697 2428 1781 2474 leo.

403 2500 515 2555 Quid
540 2510 627 2545 tam
650 2500 867 2545 diversum
885 2516 1015 2560 quam
1036 2515 1170 2559 agnus
1192 2509 1236 2544 ct
1253 2499 1347 2545 leo?
1366 2500 1450 2546 Sed
1468 2500 1606 2561 qualis
1626 2501 1786 2559 agnus?

450 2591 461 2610 ¹
481 2597 492 2618 1
516 2588 599 2619 Petr.
622 2597 651 2629 v,
671 2588 702 2619 8.
725 2603 765 2610 —
792 2593 804 2609 ²
820 2587 909 2618 Jozin.
933 2597 1001 2629 xix,
1025 2597 1146 2628 10,11.
