1848 3261
415 245 498 280 210
849 255 881 279 s.
903 251 1151 280 *Auous'nm
1183 253 1364 279 Emscom

409 316 553 360 dicere
574 319 665 360 Deo
691 335 700 360 :
729 334 748 356 «
773 315 999 376 Numquid
1016 317 1102 360 Job
1120 317 1248 373 gratis
1271 315 1374 361 colit
1391 319 1593 361 Deum1?
1619 336 1636 358 »
1663 321 1796 363 Porro

406 385 441 430 si
461 386 508 430 in
529 400 702 430 servum
731 385 1022 430 venumdatus
1045 386 1207 445 Joseph
1228 395 1272 429 et
1291 385 1546 431 humiliatus
1567 395 1612 431 et
1633 387 1797 432 exalta-

402 466 473 501 tus
489 492 501 512 ,
533 455 681 501 locum
703 455 807 501 feeit
830 455 886 500 ad
908 456 1164 516 temporalia
1186 456 1302 500 bona
1324 457 1490 516 populo
1518 457 1598 502 Dei
1618 492 1629 513 ,
1649 467 1700 502 ut
1725 458 1798 502 fir-

401 521 596 572 maretur
619 542 748 586 super
768 526 966 571 inimicos
988 528 1078 586 ejus
1096 547 1107 584 3
1131 536 1298 586 quanto
1319 527 1452 585 magis
1471 530 1595 573 Jesus
1614 544 1798 573 venum-

400 598 527 643 datus
549 608 592 643 et
612 598 868 642 humiliatus
889 614 913 642 a
935 596 1141 643 fratribus
1163 599 1251 642 suis
1268 598 1510 643 seeundum
1532 614 1731 656 carnem,
1752 610 1797 646 et

399 669 613 713 exaltatus
645 669 691 711 in
719 667 839 712 coelis
856 703 867 722 ‚
900 667 1049 712 locum
1082 668 1187 714 facit
1214 668 1271 712 ad
1294 679 1456 714 aeterna
1480 669 1597 714 bona
1628 670 1794 730 populo

398 741 499 795 Dei,
539 739 827 798 triumphanti
847 738 903 783 de
931 739 1109 784 diabolo
1142 750 1185 784 et
1211 740 1372 798 angelis
1400 742 1524 801 ejus?
1552 741 1667 786 Audi
1690 757 1793 801 ergo

397 826 544 854 semen
560 809 768 866 Abrahae,
784 825 875 854 non
897 809 952 853 de
971 825 1101 854 carne
1123 810 1326 869 glorians,
1348 809 1423 855 sed
1441 811 1613 855 imitans
1630 811 1791 871 fidem3

398 879 544 924 audite
572 880 682 924 servi
713 880 817 934 Dei,
858 889 900 923 et
928 879 1056 924 electi
1084 880 1185 936 Dei,
1218 881 1548 940 promissionem
1580 881 1792 926 habentes

397 951 497 995 vitae
518 951 741 1010 praesentis
760 960 803 994 et
819 947 1022 994 futurae2.
1043 951 1086 995 Si
1103 952 1366 996 tentationes
1386 951 1509 995 durae
1527 952 1690 996 suntin
1706 952 1792 997 hoc

397 1022 572 1078 saeculo,
601 1021 763 1081 Joseph
796 1022 842 1065 in
868 1038 1062 1076 carcere,
1099 1025 1247 1067 Jesum
1281 1024 1328 1066 in
1357 1038 1485 1068 cruce
1515 1023 1717 1082 cogitate.
1747 1024 1793 1069 Si

397 1110 544 1138 rerum
567 1093 870 1153 temporalium
904 1093 1165 1152 prosperitas
1189 1094 1378 1153 adjacet,
1410 1109 1501 1138 non
1521 1103 1699 1153 propter
1719 1094 1790 1154 ip-

393 1180 484 1208 sam
500 1170 583 1208 Deo
597 1199 607 1218 ,
636 1163 711 1207 sed
735 1164 826 1222 ipsa
845 1162 1019 1206 utimini
1036 1172 1214 1221 propter
1237 1166 1400 1207 Deum:
1424 1179 1504 1208 nec
1524 1179 1626 1207 eum
1640 1163 1790 1208 existi-

394 1236 518 1279 metis
538 1224 716 1294 propter
735 1235 835 1277 vitae
854 1234 985 1293 hujus
1007 1233 1245 1277 necessaria
1263 1233 1347 1278 coli
1372 1250 1395 1277 a
1413 1234 1654 1279 cultoribus
1676 1235 1784 1292 suis,

386 1321 485 1365 quse
499 1305 633 1349 donat
645 1315 686 1348 et
702 1304 1128 1363 blasphematoribus
1138 1305 1223 1348 suis
1236 1325 1247 1361 3
1266 1323 1282 1343 «
1302 1303 1387 1348 Sed
1398 1305 1580 1364 quaerite
1594 1305 1788 1364 primum

395 1394 415 1416 »
441 1390 625 1433 regnum
642 1374 740 1430 Dei,
759 1384 802 1419 et
807 1374 1022 1434 justitiam
1038 1375 1072 1435 ej
1081 1390 1145 1430 us,
1163 1385 1206 1419 et
1226 1375 1321 1419 haec
1340 1375 1485 1419 onmia
1507 1385 1788 1435 apponentur

395 1466 417 1489 »
441 1447 612 1492 vobisss.
637 1465 657 1488 »

401 1639 572 1656 um]
576 1636 1070 1654 vmmmwummmnm
1285 1637 1782 1654 mmmmm

911 1795 1294 1844 ENARRATIO

792 1947 852 1984 IN
908 1945 1213 2000 psAnMUM
1261 1944 1355 1985 cv.

448 2082 483 2123 I.
510 2082 706 2123 PsALMus
727 2075 1190 2136 centesimus-quintus
1213 2074 1344 2118 etiam
1360 2073 1450 2133 ipse
1475 2083 1745 2133 praenotatur
1761 2109 1773 2130 ,

393 2171 410 2191 «
448 2149 648 2195 Alleluia.
670 2151 757 2192 »Et
780 2148 864 2192 hoe
886 2147 1132 2207 dupliciter.
1161 2145 1245 2191 Sed
1263 2145 1442 2206 quidam
1463 2145 1616 2190 dieunt
1636 2161 1775 2190 unum

386 2221 571 2267 Alleluia
594 2220 810 2281 pertinere
832 2219 887 2262 ad
909 2219 1041 2262 finem
1059 2217 1218 2262 Psalmi
1239 2216 1470 2276 superioris
1487 2252 1498 2271 ‚
1520 2216 1703 2261 alterum
1719 2216 1775 2261 ad

386 2295 515 2354 hujus
536 2292 815 2353 principium.
842 2293 898 2335 Et
928 2291 1012 2334 hoe
1035 2297 1230 2333 asserunt
1247 2288 1369 2348 quod
1391 2303 1540 2332 omnes
1562 2287 1773 2332 Alleluia-

385 2365 455 2409 tici
476 2363 634 2408 Psalmi
655 2363 845 2406 habeant
863 2360 908 2404 in
930 2361 1016 2405 fine
1039 2359 1242 2414 Alleluia,
1260 2374 1350 2403 non
1372 2374 1522 2403 omnes
1539 2359 1584 2402 in
1603 2359 1768 2418 capite:

449 2453 459 2477 ··.
481 2452 511 2495 q
537 2435 781 2493 uicumque
808 2431 1002 2475 Psalmus
1021 2446 1109 2475 non
1133 2429 1269 2473 habet
1284 2429 1331 2473 in
1350 2430 1437 2473 fine
1455 2428 1642 2489 Alleluia
1657 2465 1669 2485 ‚
1689 2444 1770 2474 nec

380 2508 423 2550 in
446 2507 585 2566 capite
613 2503 770 2548 volunt
787 2518 888 2546 eum
910 2501 1071 2545 habere
1090 2522 1101 2558 3
1122 2499 1242 2560 quod
1262 2509 1408 2544 autem
1441 2500 1489 2543 in
1513 2501 1605 2560 ejus
1626 2501 1768 2559 eapite

426 2611 430 2623 ¹
455 2604 526 2635 Job.
548 2615 568 2642 ι,
595 2613 626 2643 9.
649 2619 688 2623 —-—
706 2607 718 2622 ²
742 2612 751 2631 ι
772 2599 851 2631 Tim.
875 2610 920 2639 iv,
935 2599 966 2630 8.
992 2615 1032 2620 -
1049 2596 1061 2620 3
1080 2597 1190 2629 Matth.
1218 2608 1260 2637 w,
1277 2596 1330 2629 33.
