1848 3261
401 185 485 227 104
825 197 859 225 s.
895 193 1126 226 mensum
1157 198 1339 228 13121500121

398 266 458 309 ait
478 264 593 308 enim
612 263 675 308 illi
697 265 811 309 Deus
832 282 840 309 :
874 282 896 307 ι(
921 263 1117 309 Ascende
1139 264 1185 309 in
1211 276 1427 324 montem,
1452 277 1496 313 et
1519 270 1729 314 morere¹.
1752 287 1774 311 »

397 338 599 380 Mortuus
623 345 686 380 est
713 335 943 391 Jeremias,
969 344 1012 380 et
1041 344 1106 380 tot
1134 337 1362 396 Prophetae
1394 340 1555 384 mortui
1583 348 1684 384 sunt
1706 349 1780 385 :et

398 415 671 451 mortuorum
707 405 846 460 dicta,
877 406 979 465 quia
1010 422 1101 450 non
1130 422 1307 463 eorum,
1346 409 1421 453 sed
1452 425 1529 470 per
1561 426 1632 454 eos
1664 409 1779 454 illius

398 487 554 522 erant:
584 497 604 519 «ι
634 477 716 530 Qui
750 475 944 521 extendit
979 477 1139 521 coelum
1178 478 1289 522 sicut
1321 479 1479 538 pellem
1502 515 1513 536 ‚
1546 499 1565 522 »
1601 489 1781 524 manent

397 563 535 609 usque
555 547 611 592 ad
630 548 926 607 posteritatem
944 557 1151 592 nostram.
1169 550 1282 592 Ecce
1293 550 1525 609 Apostolus
1547 550 1711 594 solutus
1727 550 1782 594 de

396 621 478 664 hac
498 619 585 663 vita
603 654 613 673 ,
640 618 716 678 qui
742 618 849 661 dixit
870 634 878 659 ε
906 618 1087 663 Dissolvi
1113 628 1157 662 et
1179 634 1266 663 esse
1289 636 1389 664 oum
1419 621 1591 665 Christo
1606 656 1616 676 ,
1642 622 1782 666 multo

397 690 532 750 magis
554 705 642 733 esse
665 689 920 750 optimum‘2,
949 688 1055 733 vivit
1087 705 1205 734 nunc
1231 706 1331 734 eum
1360 691 1531 736 Christo
1547 727 1557 746 ,
1584 692 1695 736 sieut
1720 691 1783 735 illi

398 762 626 821 Prophetae
650 776 797 805 omnes
820 761 973 805 vivunt
990 776 1089 804 cuin
1114 761 1284 806 Christo
1308 778 1316 803 :
1341 762 1416 806 sed
1434 778 1510 822 per
1533 762 1641 822 quid
1659 762 1783 806 nobis

399 831 660 891 dispensavit
677 831 722 874 id
739 830 858 891 quod
874 830 1086 888 legimus?
1105 834 1186 875 Per
1203 830 1247 875 id
1262 832 1381 892 quod
1399 833 1661 877 moriturum
1674 841 1781 887 erat,

397 919 474 963 per
497 919 542 947 os
558 938 568 958 ‚
597 917 675 961 per
698 902 891 960 linguam
907 937 918 957 ‚
955 901 1128 957 dentes,
1157 918 1325 947 manus.
1350 903 1506 947 Omnia
1530 904 1609 947 ista
1627 903 1785 963 quibus

398 984 601 1034 operatus
624 983 688 1018 est
704 972 938 1033 Apostolus
960 981 1101 1016 totum
1125 972 1244 1033 quod
1265 973 1470 1032 legimus,
1504 974 1696 1033 corporis
1719 973 1787 1018 of-

399 1045 494 1089 ficia
512 1053 628 1099 sunt,
650 1043 722 1088 sed
740 1044 924 1103 jubente
947 1043 1089 1086 anima
1107 1043 1176 1086 cui
1194 1043 1381 1103 jubebat
1402 1047 1518 1088 Deus
1534 1060 1542 1085 z
1560 1054 1787 1104 propterea

398 1124 621 1160 extentum
638 1124 701 1158 est
723 1113 883 1158 coelum
908 1113 1017 1157 sicut
1035 1112 1172 1172 pellis.
1200 1117 1285 1158 Nos
1308 1115 1389 1158 sub
1418 1114 1553 1170 coelo,
1578 1124 1787 1175 tanquam

399 1186 480 1231 sub
509 1185 622 1246 pelle
649 1185 893 1229 divinarum
927 1184 1247 1243 Scripturarum
1275 1183 1459 1242 legimus
1491 1184 1651 1240 modo,
1687 1201 1789 1229 cum

399 1257 609 1301 tenditur.
640 1275 660 1297 «
681 1255 855 1299 Etenim
880 1264 1029 1314 postea
1052 1254 1214 1299 eoelum
1239 1253 1475 1313 plicabitur
1506 1264 1557 1299 ut
1586 1255 1744 1300 liber3.
1764 1274 1785 1297 »

400 1330 498 1373 Non
518 1328 679 1371 frustra
693 1361 703 1381 ‚
728 1325 880 1370 fratres
895 1360 905 1380 ‚
922 1325 992 1369 hic
1014 1334 1064 1369 ut
1084 1324 1232 1384 pellis,
1252 1325 1313 1368 ibi
1337 1334 1386 1369 ut
1397 1325 1532 1371 liber:
1554 1326 1790 1384 figuratum

403 1399 464 1442 ibi
485 1398 695 1459 quiddam
723 1397 848 1441 nobis
873 1405 950 1440 est.
984 1395 1113 1449 Quod
1135 1395 1189 1440 ad
1212 1395 1404 1440 divinam
1435 1398 1701 1457 Scripturam
1725 1407 1791 1442 at-

407 1471 537 1524 tinet,
573 1468 818 1513 extenditur
839 1482 979 1511 sermo
1008 1476 1282 1511 mortuorum
1310 1486 1319 1511 z
1344 1482 1446 1526 ergo
1469 1467 1567 1512 ideo
1595 1467 1790 1512 tenditur

405 1550 515 1585 slent
532 1540 655 1600 pellis
673 1561 682 1597 3
699 1549 741 1583 et
758 1537 897 1583 multo
910 1538 1046 1597 magis
1064 1537 1271 1593 tenditur,
1290 1538 1391 1598 quia
1409 1537 1472 1581 illi
1488 1539 1647 1583 mortui
1670 1548 1788 1584 sunt.

400 1614 508 1658 Nam
533 1619 630 1670 post
647 1619 831 1653 mortem
847 1607 951 1668 plus-
964 1609 1251 1652 innotuerunt
1274 1609 1504 1667 Prophetae
1519 1618 1560 1653 et
1575 1608 1794 1668 Apostoli3

403 1697 492 1726 non
521 1689 643 1724 erant
676 1689 765 1723 tam
788 1679 882 1723 noti
905 1694 1006 1723 cum
1027 1678 1223 1723 viverent
1249 1697 1257 1722 ε
1293 1679 1530 1738 Prophetas
1560 1679 1680 1724 vivos
1703 1679 1792 1723 sola

407 1756 431 1796 J
437 1752 562 1796 udaea
584 1751 738 1795 habuit
755 1785 765 1805 ,
801 1759 995 1794 mortuos
1027 1764 1176 1793 omnes
1210 1757 1372 1807 gentes,
1403 1751 1514 1793 Cum
1538 1750 1653 1793 enim
1675 1750 1794 1794 vive-

404 1833 523 1878 rent,
544 1822 743 1867 nonduin
765 1830 858 1866 erat
878 1829 1049 1865 extenta
1069 1819 1217 1880 pellis3
1241 1819 1439 1864 nondum
1462 1829 1552 1864 erat
1570 1830 1793 1865 extentum

406 1894 568 1940 coelum
584 1929 594 1949 ‚
621 1903 671 1937 ut
692 1902 853 1951 tegeret
875 1893 1027 1937 orbem
1049 1901 1278 1937 terrarum.
1309 1911 1329 1934 ι(
1349 1891 1556 1937 Extendit
1578 1908 1681 1951 ergo
1703 1908 1795 1937 coe-

410 1985 430 2008 »
464 1966 557 2009 lum
575 1965 685 2009 sicut
707 1963 881 2024 pellem.
906 1983 926 2006 »

470 2040 548 2082 IX.
585 2056 605 2079 (ε
630 2037 711 2090 Qui
739 2037 927 2096 protegit
955 2036 1000 2079 in
1033 2035 1154 2095 aquis
1184 2035 1406 2094 superiora
1431 2035 1570 2095 ejus⁴.
1594 2053 1614 2076 »
1639 2037 1696 2078 Et
1713 2036 1796 2080 hoc

407 2110 616 2167 legimus,
643 2118 686 2152 et
707 2107 762 2151 ad
792 2107 979 2151 litterani
1013 2106 1125 2150 bene
1158 2104 1430 2164 intelligitur.
1471 2104 1658 2158 Quando
1681 2106 1795 2150 enim

402 2180 529 2240 jussit
551 2188 601 2223 ut
622 2179 744 2222 fieret
761 2178 1081 2221 firmamentum
1101 2177 1214 2220 inter
1237 2191 1369 2236 aquas
1392 2185 1434 2219 et
1456 2191 1604 2235 aquas,
1631 2175 1796 2220 factum

410 2254 520 2306 est⁵‚
546 2260 597 2294 ut
617 2250 701 2294 sint
730 2266 853 2310 aquae
875 2249 1098 2293 inferiores
1123 2264 1221 2309 quae
1252 2245 1527 2307 perfundunt
1561 2256 1693 2291 terras
1710 2283 1720 2300 ‚
1754 2257 1798 2292 et

412 2324 497 2367 sint
524 2338 648 2382 aquae
678 2321 917 2381 superiores
941 2329 1118 2365 remotae
1141 2320 1195 2363 ab
1218 2317 1461 2378 aspectibus
1479 2353 1489 2372 ,
1524 2327 1671 2362 tamen
1695 2317 1796 2362 fidei

412 2391 741 2437 commendatae.
768 2412 787 2433 κ
807 2394 863 2435 Εῖ
888 2407 1036 2451 aquae,
1063 2390 1229 2451 inquit,
1252 2405 1349 2449 quae
1373 2404 1501 2448 super
1520 2389 1654 2432 coelos
1676 2398 1793 2443 sunt,

463 2490 577 2520 ¹Deut.
595 2497 692 2528 xxxii,
712 2487 764 2529 49.
787 2505 817 2510 —
847 2494 859 2509 2
879 2487 986 2528 Philip.
1005 2499 1026 2528 i,
1046 2488 1097 2518 23‘.
1117 2504 1156 2508 -—
1177 2484 1277 2517 31:21¹.
1300 2496 1407 2524 mxiv,
1428 2484 1459 2526 4.
1481 2501 1522 2507 —-
1541 2483 1556 2510 4
1576 2484 1652 2516 psal.
1676 2495 1745 2522 0111,
1764 2485 1794 2515 3.

419 2560 458 2565 --
482 2541 495 2565 ⁵
515 2545 593 2575 Gon.
615 2554 638 2583 1,
658 2543 689 2573 6.
