1848 3261
250 187 490 218 ENARRATIO
522 191 537 216 1
569 190 613 216 nv
647 185 849 217 rsALMUM
880 188 980 226 0111,
1015 185 1153 214 SERMO
1186 189 1216 214 1.
1343 178 1420 215 101

46 257 239 316 minosa3
263 266 351 300 tam
364 256 455 300 sine
476 255 643 300 macula
668 265 710 300 et
740 255 874 313 ruga¹
890 255 907 297 P
923 255 1077 299 Nonne
1104 254 1183 297 ista
1209 263 1272 297 est
1289 289 1299 309 ‚
1326 269 1425 314 quae

40 329 214 389 jacebat
231 328 276 372 in
299 343 425 372 coeno
446 327 750 387 iniquitatum?
770 328 924 371 Nonne
937 324 1015 368 ista
1031 333 1095 368 est
1115 360 1124 380 ,
1141 340 1240 384 quae
1253 325 1426 385 jacebat

44 401 91 444 in
112 399 398 444 fornicatione
414 398 662 443 idolorum?
687 401 841 443 Nonne
862 396 943 440 ista
964 405 1027 440 est
1042 431 1052 451 ,
1080 413 1178 456 quae
1200 396 1427 440 immunda

44 479 136 514 erat
146 470 192 513 in
206 468 324 514 omni
337 468 572 528 cupiditate
585 468 884 526 desiderioque
898 466 1085 511 carnali?
1098 486 1118 509 ‹<
1133 471 1237 520 Quae
1250 475 1313 510 est
1325 482 1427 525 ergo

47 541 162 585 »ista
180 556 278 600 quae
297 539 723 584 ascenditdealbata‘?
735 557 754 578 n
770 538 958 582 Attende
976 537 1071 597 quis
1083 537 1136 581 sit
1151 536 1239 593 illc,
1261 537 1335 597 qui
1349 552 1428 596 pro

44 626 93 655 ea
116 610 257 655 factus
275 620 338 654 est
358 610 630 668 non‘dhabens
653 609 854 668 speciem,
880 623 1022 668 neque
1042 607 1266 663 decorem,
1293 617 1337 651 et
1358 608 1429 651 in-

44 680 200 739 telligis
218 681 346 740 hujus
366 679 570 724 claritatis
597 681 821 724 honorem.
852 679 894 724 Si
918 679 1083 722 miraris
1105 678 1220 722 illius
1249 678 1430 722 humili-

43 760 177 796 tatem
196 760 375 810 propter
393 752 531 806 hanc,
564 750 654 795 noli
671 753 760 811 jam
795 750 937 793 mirari
969 750 1099 809 hujus
1128 749 1429 794 celsitudinem

42 831 221 881 propter
243 822 382 866 illum.
412 825 597 874 Quantae
620 820 836 865 felicitatis
858 830 921 865 est
942 820 1021 864 ista
1060 820 1261 865 dealbata
1278 856 1288 875 ‚
1317 829 1367 865 ut
1389 829 1431 863 et

43 907 140 936 cum
160 902 269 935 esset
290 893 437 951 nigra,
463 891 698 951 pulchrum
721 891 775 935 ad
797 907 840 935 se
858 891 1116 950 deponeret,
1146 891 1221 950 qui
1244 906 1322 950 pro
1345 891 1430 933 im-

42 961 123 1021 piis
143 964 411 1006 moreretur?
434 965 550 1020 Ergo
567 962 712 1005 induit
728 977 772 1006 sc
794 962 1005 1005 Dominus
1025 964 1138 1005 Deus
1161 971 1307 1005 noster
1327 977 1433 1005 con-

43 1031 273 1076 fessionem
303 1042 346 1076 et
383 1032 580 1078 decorem
600 1068 610 1087 ‚
647 1032 790 1076 induit
820 1048 864 1076 se
895 1031 1132 1076 Ecclesiam
1158 1051 1166 1076 :
1198 1032 1286 1090 ipsa
1315 1032 1430 1075 enim

43 1103 232 1147 Ecclesia
254 1101 467 1147 confessio
485 1113 527 1147 et
541 1102 687 1147 decor.
709 1106 821 1146 Ante
850 1100 1082 1157 confessio,
1107 1112 1252 1161 postea
1267 1102 1398 1146 decor
1416 1124 1428 1159 3

43 1172 256 1217 confessio
272 1182 550 1232 peccatorum
567 1208 577 1226 ,
604 1172 735 1216 decor
758 1182 873 1217 recte
890 1171 1120 1217 factorum.
1143 1192 1163 1215 «
1181 1172 1431 1218 Confessio-

45 1261 66 1285 »
102 1259 203 1287 nem
221 1253 263 1287 et
281 1242 483 1287 decorem
504 1242 696 1287 induisti.
727 1262 747 1284 »

101 1316 200 1357 VII.
219 1332 238 1355 «
255 1314 616 1359 Circumamictus
630 1312 789 1367 lucem,
808 1313 918 1358 sicut
933 1314 1240 1358 vestimentum
1253 1317 1285 1358 ².
1295 1332 1315 1355 »
1334 1317 1432 1375 Ipsa

43 1393 107 1429 est
122 1385 249 1429 vestis
271 1385 383 1444 ejus,
409 1384 463 1428 de
486 1386 671 1444 quajam
695 1383 780 1428 dixi
803 1403 811 1429 :
836 1404 856 1427 ‹<
880 1387 978 1430 Non
995 1385 1160 1429 habens
1183 1386 1396 1430 maculam
1416 1421 1428 1442 ‚

45 1473 66 1497 »
101 1470 244 1515 neque
263 1470 433 1514 rugam.
462 1473 482 1496 »
509 1458 605 1499 Lux
626 1464 834 1513 vocatur3
858 1465 902 1500 et
922 1456 1004 1500 hoc
1021 1457 1110 1516 jam
1133 1456 1246 1500 dixi:
1269 1476 1287 1498 «
1309 1457 1431 1501 Fuis-

45 1543 66 1567 »
101 1525 154 1569 tis
178 1524 413 1585 aliquando
436 1525 651 1580 tenebrae,
678 1541 797 1569 nunc
828 1535 973 1569 autem
1004 1526 1081 1570 lux
1107 1527 1153 1569 in
1176 1527 1377 1572 Domino.
1406 1547 1426 1569 »

42 1598 140 1641 Non
163 1609 263 1653 ergo
290 1595 337 1638 in
368 1594 488 1639 vobis
515 1614 523 1638 :
550 1610 649 1638 nam
666 1596 858 1639 tenebrae
879 1596 924 1639 in
944 1596 1067 1640 vobis
1082 1632 1092 1652 ,
1116 1596 1190 1640 lux
1218 1607 1364 1642 autem
1386 1599 1430 1642 in

43 1667 243 1712 Domino.
270 1669 413 1725 Ergo,
443 1685 464 1707 ‹<
489 1666 848 1711 Circumamictus
868 1667 1027 1723 lucem,
1052 1667 1174 1713 velut
1196 1670 1432 1713 vestimen-

46 1755 66 1780 »
102 1747 211 1781 tum.
235 1736 444 1781 Extendit
472 1736 631 1780 coelum
656 1737 767 1781 sicut
788 1736 964 1797 pellem.
1000 1757 1019 1779 »
1055 1738 1286 1791 Quomodo
1318 1739 1434 1784 fece-

44 1810 99 1853 rit
119 1809 228 1863 hoc,
259 1818 307 1852 ut
329 1807 531 1851 indueret
560 1823 603 1851 se
636 1808 746 1852 sicut
773 1809 1079 1852 vestimentum
1106 1809 1249 1853 lucem
1276 1811 1431 1855 Eccle-

43 1880 172 1934 siam,
209 1881 464 1923 enumerare
493 1878 589 1921 vult
616 1879 809 1936 figuratis
834 1878 1092 1939 quibusdam
1120 1883 1394 1927 sacramentis
1419 1902 1428 1928 ;

44 1950 266 2011 quomodo
288 1949 362 1992 lux
396 1947 509 1993 facta
534 1949 588 1992 sit
608 1948 798 1993 Ecclesia
817 1984 827 2003 ‚
858 1949 1079 2010 quomodo
1112 1950 1224 1995 facta
1253 1952 1307 1996 sit
1338 1953 1429 1997 sine

44 2019 214 2064 macula
243 2029 286 2063 et
318 2035 424 2078 ruga
452 2055 462 2074 ,
500 2019 723 2079 quomodo
755 2019 868 2064 facta
901 2020 954 2064 sit
984 2021 1193 2077 candida,
1230 2022 1431 2068 dealbata

44 2089 216 2149 fulgens
248 2091 294 2133 in
329 2090 488 2134 vestitu
519 2091 663 2149 sponsi
701 2090 792 2144 sui,
832 2089 1048 2135 inhaerens
1080 2091 1143 2135 illi
1159 2127 1169 2146 ‚
1206 2095 1429 2152 quomodo

43 2160 155 2205 facta
191 2161 265 2215 sit,
302 2160 541 2204 audiamus.
577 2180 596 2203 «
628 2160 831 2204 Extendit
855 2161 1016 2205 coelum
1056 2163 1166 2206 sicut
1196 2163 1369 2221 pellem.
1403 2183 1424 2206 >›

42 2235 99 2277 Et
119 2233 202 2276 hoc
225 2232 403 2292 quidem
414 2232 556 2277 video.
578 2232 682 2285 Quis
693 2233 808 2276 enim
823 2232 1015 2277 extendit
1030 2233 1113 2278 hoc
1127 2233 1288 2278 coelum
1306 2235 1427 2295 quod

45 2301 204 2346 nostris
226 2300 469 2346 carnalibus
487 2302 621 2346 oculis
644 2304 888 2359 intuemur,
906 2304 985 2347 nisi
1004 2306 1145 2348 Deus?
1170 2307 1263 2348 «Et
1285 2315 1428 2350 exten-

49 2391 70 2415 »
106 2372 169 2416 dit
191 2372 302 2416 sicut
315 2372 498 2431 pellem,
521 2395 537 2415 »
562 2373 615 2417 ad
639 2372 890 2418 facilitatem
911 2375 1099 2434 redegit,
1115 2376 1148 2419 si
1165 2376 1218 2420 ad
1240 2375 1428 2421 litteram

49 2442 245 2502 accipias.
283 2443 460 2487 Etenim
497 2459 595 2487 cum
624 2443 780 2489 videris
813 2445 937 2490 istam
966 2444 1176 2490 fabricam
1199 2461 1400 2506 magnam
1417 2482 1430 2504 ⁷

99 2533 106 2548 ¹
128 2526 246 2569 Ephes.
266 2538 300 2568 v,
319 2536 372 2570 27.
394 2544 433 2551 —-
459 2535 472 2550 ²
488 2528 566 2560 Psal.
588 2539 658 2569 cm,
679 2537 710 2561 2.
