1848 3261
230 226 471 257 ENAnaAno
503 229 549 256 m
581 224 784 256 PsALMUM
814 228 972 265 exiam,
1006 224 1144 256 SERMO
1177 230 1237 256 1x.
1369 217 1453 257 417

75 294 295 353 diligendo
334 295 547 355 justitiam
576 295 622 338 in
655 294 774 339 omni
807 302 1026 352 tempore,
1061 294 1106 336 in
1139 294 1269 354 hujus
1300 296 1457 340 mundi

73 366 201 409 etiam
222 365 372 409 labore
385 365 574 424 recipere
587 364 708 425 quod
721 364 767 408 in
780 363 963 423 paradisi
977 363 1194 408 amisimus
1211 363 1453 424 voluptate.

131 439 190 481 ΙΙ.
221 437 305 481 Sed
322 438 530 496 quoniam
553 436 728 496 superbi
749 451 829 479 nec
860 436 906 478 in
927 443 1047 478 tanta
1065 434 1294 494 deponunt
1314 436 1457 481 incre-

72 508 249 567 patione
271 508 481 552 cervicem
497 542 507 561 ‚
531 516 574 551 et
591 523 692 551 cum
725 506 810 550 sint
836 506 991 566 dejecti
1027 505 1189 551 laboris
1221 506 1460 567 mortisque

74 577 288 637 supplicio
304 614 314 632 ‚
340 577 610 621 extolluntur
631 576 846 636 superbiae
878 577 1016 635 typho
1035 611 1045 630 ,
1069 577 1286 619 imitantes
1309 576 1462 621 elatio-

72 664 174 692 nem
196 648 446 693 cadentium
461 683 472 702 ,
497 647 724 692 irridentes
746 647 1039 691 humilitatem
1061 647 1331 706 surgentium
1354 669 1364 705 3
1382 664 1461 708 pro

73 719 132 763 eis
156 728 250 762 orat
277 734 433 778 corpus
455 718 642 773 Christi,
667 733 768 762 cum
789 717 894 762 dicit
925 737 934 763 ε
964 736 983 760 «
1003 716 1139 761 Auser
1162 734 1184 762 a
1207 733 1277 762 me
1300 734 1462 778 oppro-

75 806 96 830 »
131 788 276 832 brium
291 799 334 833 et
356 798 677 848 contemptum,
704 788 913 848 quoniam
937 789 1182 832 testimonia
1205 797 1280 832 tua
1309 791 1463 850 exqui-

75 877 96 900 »
131 860 244 904 sivi1.
268 878 289 913 η
317 860 581 903 Testimonia
604 874 742 917 graece
774 859 981 917 martyria
1004 869 1318 918 nuncupantur
1336 896 1347 916 ,
1373 877 1465 921 quo

71 931 205 974 verbo
222 931 312 990 jam
339 931 503 974 utimur
525 945 603 989 pro
628 930 765 974 latino
789 949 797 974 ;
818 929 943 974 Unde
960 930 1057 974 illos
1080 930 1156 990 qui
1179 940 1356 991 propter
1377 941 1464 976 tes-

72 999 305 1043 timonium
328 1000 488 1045 Christi
516 999 693 1044 diversis
722 1001 993 1060 passionibus
1023 1000 1240 1045 humiliati
1268 1012 1397 1055 sunt,
1422 1011 1466 1046 et

73 1084 211 1128 usque
234 1069 287 1112 ad
321 1078 504 1113 mortem
545 1085 625 1129 pro
662 1070 843 1115 veritate
877 1080 1127 1122 certarunt,
1168 1086 1259 1113 non
1289 1073 1462 1128 Testes,

72 1138 194 1198 quod
212 1138 345 1182 latine
373 1139 526 1199 utique
545 1155 765 1198 possemus
781 1175 791 1194 ,
811 1141 884 1182 sed
910 1153 1047 1195 graece
1075 1141 1288 1197 Martyres
1311 1142 1464 1200 appel-

69 1208 225 1253 lamus.
249 1210 464 1261 Quoniam
498 1211 581 1253 hoc
604 1224 707 1266 ergo
729 1207 984 1252 familiarius
1008 1209 1163 1254 auditis
1192 1220 1234 1254 et
1267 1213 1462 1270 dulcius,

71 1278 131 1322 sic
154 1277 416 1336 accipiamus
443 1280 538 1320 haec
556 1277 690 1321 verba
710 1286 920 1337 tanquam
943 1278 1111 1322 dictum
1135 1281 1209 1330 sit,
1237 1299 1254 1320 «
1282 1281 1419 1326 Aufer
1441 1299 1465 1327 a

77 1365 99 1390 »
131 1363 201 1392 me
219 1347 504 1407 opprobrium
519 1356 561 1390 et
578 1356 903 1407 contemptum,
924 1350 1133 1408 quoniam
1156 1353 1364 1409 martyria
1388 1362 1464 1398 tua

74 1436 95 1460 »
131 1417 356 1478 exquisivi.
386 1436 406 1458 »
433 1417 591 1462 Christi
607 1433 764 1476 corpus
786 1419 863 1463 ista
883 1435 983 1463 cum
1000 1419 1106 1463 dicit
1123 1456 1133 1475 ,
1168 1423 1387 1483 numquid
1409 1425 1465 1468 ab

71 1489 214 1549 impiis
237 1499 280 1533 et
301 1489 497 1548 superbis
518 1487 669 1532 audire
698 1491 984 1549 opprobrium
1008 1500 1140 1551 atque
1160 1502 1465 1553 contemptum

73 1559 208 1604 ullam
227 1560 411 1620 deputat
433 1574 607 1619 poenam
625 1594 636 1615 ‚
662 1576 762 1604 cum
784 1561 929 1620 potius
949 1561 1050 1605 inde
1078 1564 1302 1621 perveniat
1320 1565 1375 1609 ad
1391 1581 1466 1611 co-

74 1632 256 1674 ronam?
278 1633 369 1675 Cur
391 1645 492 1687 ergo
521 1629 644 1688 quasi
666 1645 793 1688 grave
821 1630 988 1691 aliquid
1016 1640 1060 1675 et
1083 1631 1358 1678 intolerabile
1375 1652 1399 1680 a
1421 1652 1466 1681 se

74 1702 215 1761 poscit
231 1700 413 1756 auferri,
439 1700 521 1744 nisi
539 1701 668 1761 quia,
692 1711 742 1745 ut
775 1700 864 1746 dixi
881 1737 892 1757 ‚
928 1711 1023 1746 orat
1043 1718 1123 1761 pro
1149 1704 1250 1762 ipsis
1280 1705 1465 1752 inimicis

74 1771 182 1825 suis,
206 1771 367 1831 quibus
389 1785 479 1814 esse
499 1770 704 1829 perspicit
723 1772 900 1817 noxium
915 1806 926 1826 ‚
952 1772 1138 1831 objicere
1159 1783 1359 1818 sanctum
1381 1793 1465 1822 no-

73 1856 176 1885 men
198 1840 358 1886 Christi
390 1849 595 1899 tanquam
624 1841 911 1899 opprobrium
931 1841 1183 1886 Christianis
1201 1878 1212 1898 ,
1244 1853 1287 1888 et
1323 1846 1414 1905 ejus
1437 1864 1463 1893 a

73 1911 237 1955 Judaeis
264 1911 431 1954 irrisam
459 1925 635 1954 crucem
665 1919 889 1970 totamque
919 1910 1177 1955 humilitatis
1216 1914 1462 1962 christiana:

71 1982 357 2036 medicinam,
377 1997 464 2041 qua
485 1980 574 2025 sola
597 1990 742 2025 tumor
763 1981 835 2025 ille
858 1992 1035 2026 sanatur
1053 2017 1063 2037 ‚
1089 1999 1178 2043 quo
1195 1984 1335 2029 inflati
1353 1989 1461 2032 ceci-

72 2050 215 2096 dimus
237 2060 280 2094 et
295 2052 487 2110 jacentes
509 2052 694 2112 amplius
726 2053 1035 2108 intumuimus,
1073 2054 1224 2099 eadem
1257 2060 1462 2117 superbia

72 2130 354 2182 permanante
375 2130 419 2164 et
434 2129 651 2165 crescente
673 2126 983 2168 contemnere?
1001 2124 1281 2185 Dicatitaque
1302 2143 1460 2188 corpus

71 2193 252 2249 Christi3
287 2193 376 2251 jam
399 2190 515 2234 enim..
548 2190 727 2249 diligere
758 2192 908 2236 didicit
933 2194 1128 2239 inimicos
1160 2199 1317 2255 suos²;
1342 2198 1460 2246 dicat

70 2263 257 2308 Domino
279 2266 369 2307 Deo
385 2278 485 2317 suo,
515 2282 534 2304 <z
555 2261 690 2306 Aufer
707 2278 730 2306 a
757 2278 825 2307 me
849 2265 1135 2323 opprobrium
1153 2276 1196 2310 et
1226 2279 1457 2332 contemp-

73 2351 94 2375 »
130 2343 222 2377 tum
239 2369 250 2387 ‚
269 2333 370 2393 quia
393 2333 593 2389 martyria
612 2341 684 2376 tua
704 2333 935 2393 exquisivi:
959 2335 1041 2379 »id
1060 2346 1146 2392 est,
1169 2341 1455 2398 opprobrium

70 2403 192 2464 quod
220 2403 318 2448 ideo
341 2403 470 2448 audio
485 2438 496 2459 ‚
535 2415 579 2447 et
599 2412 902 2463 contemptum
926 2421 1015 2465 quo
1050 2406 1150 2452 ideo
1171 2419 1449 2471 contemnor,

117 2501 128 2518 ¹
144 2500 225 2532 Psal.
247 2511 357 2541 cxvm,
376 2508 431 2533 22.
451 2516 493 2522 -
514 2506 526 2522 ²
541 2499 651 2533 Matth.
676 2510 707 2541 v,
725 2498 779 2542 44.

206 2576 362 2607 CXVIII.
1189 2572 1242 2613 27
