1848 3261
340 164 422 204 358
770 175 804 202 S·
839 169 1071 202 AUGUSTINI
1103 172 1285 200 EPISCOPI

337 250 388 284 ut
410 247 596 283 mortem
615 237 902 297 intelligamus
924 254 1015 283 non
1028 238 1299 283 credentium
1312 273 1323 294 ‚
1343 238 1398 283 de
1419 238 1620 299 qualibus
1640 239 1715 296 ait,

342 330 360 352 «
396 309 573 354 Dimitte
586 318 779 353 mortuos
796 309 974 369 sepelire
987 318 1180 353 mortuos
1196 324 1294 354 suos
1305 311 1319 336 ¹
1335 329 1344 355 ι
1362 318 1406 354 et
1416 308 1528 354 illud
1539 309 1584 353 in
1595 324 1720 369 supe-

337 381 449 425 riore
464 378 633 424 Psalmo
649 414 660 435 ‚
680 398 697 419 «
719 384 812 423 Non
833 380 993 423 mortui
1003 378 1249 424 laudabunt
1265 388 1309 424 te
1324 414 1335 435 ‚
1355 380 1555 436 Domine,
1576 394 1720 440 neque

343 471 360 493 »
397 465 545 495 omnes
567 450 643 510 qui
666 448 936 493 descendunt
956 450 1002 493 in
1022 449 1266 508 infernum3
1292 449 1368 494 sed
1395 465 1475 495 nos
1506 451 1583 511 qui
1608 450 1720 496 vivi-

342 540 360 562 »
395 535 490 564 mus
507 554 518 575 ‚
538 519 834 563 benedicimus
846 519 1082 564 Dominum
1094 524 1126 564 2.
1155 540 1172 561 »
1191 523 1255 564 Ex
1270 520 1351 564 hac
1372 535 1473 578 ergo
1491 529 1630 565 morte
1647 536 1721 580 po-

335 599 419 634 test
441 598 556 633 recte
576 587 818 646 intelligere
839 588 970 633 homo
992 590 1130 634 fidelis
1146 591 1237 650 jam
1259 599 1502 649 exemptam
1523 605 1613 635 esse
1634 591 1722 634 ani-

335 676 450 705 mam
479 674 623 713 suam,
655 673 706 702 eo
733 658 826 718 ipso
855 658 976 718 quod
1006 674 1057 703 ex
1083 660 1250 704 infideli
1290 660 1427 705 fidelis
1451 661 1606 705 effecta
1639 669 1718 705 est.

336 729 461 775 Unde
483 729 573 788 ipse
593 727 810 783 Salvator,
838 729 956 781 «Qui
977 728 1110 773 eredit
1125 730 1168 773 in
1191 745 1260 774 me
1274 765 1285 786 ,
1306 731 1472 791 inquit,
1493 731 1724 775 transitum

341 820 357 841 »
394 797 496 842 facit
517 814 540 841 a
568 810 708 842 morte
730 798 786 841 ad
811 799 988 842 vitam3.
1020 818 1037 840 »
1066 801 1233 844 Caetera
1265 815 1367 844 vero
1401 815 1476 859 spe
1506 800 1724 859 completa

336 869 504 914 suntin
535 868 616 922 eis,
644 868 720 928 qui
747 867 945 912 nondum
980 884 1031 912 ex
1060 869 1142 913 hac
1169 869 1257 914 vita
1289 871 1568 928 emigrarunt.
1598 873 1724 915 Nunc

337 940 453 984 enim
471 955 571 983 cum
594 938 739 998 lapsus
768 947 936 983 nostros
957 939 1341 999 periculosissimos
1364 941 1620 999 cogitamUS‚
1636 955 1725 984 non

337 1018 504 1055 cessant
519 1025 541 1052 a
562 1008 763 1066 lacrymis
782 1009 898 1053 oculi
920 1029 928 1053 :
947 1019 1051 1053 tunc
1065 1019 1209 1053 autem
1224 1010 1382 1054 eximet
1397 1009 1545 1054 oculos
1557 1019 1725 1054 nostros

336 1096 360 1124 a
382 1079 598 1137 lacrymis,
620 1079 797 1138 quando
816 1089 859 1123 et
873 1078 1003 1138 pedes
1022 1096 1044 1123 a
1062 1079 1203 1139 lapsu.
1225 1080 1337 1133 Quia
1354 1088 1460 1124 tunc
1482 1079 1629 1124 nullus
1644 1080 1726 1124 erit

336 1150 481 1210 lapsus
504 1148 826 1194 ambulantium
855 1150 1038 1209 pedum,
1065 1149 1242 1209 quando
1261 1150 1443 1194 infirmae
1466 1149 1606 1193 carnis
1623 1149 1726 1193 nul-

338 1220 431 1264 lum
452 1220 543 1280 erit,
554 1219 786 1262 lubricum.
800 1222 927 1265 Nunc
940 1235 1044 1264 vero
1056 1220 1252 1279 quamvis
1270 1220 1393 1263 firma
1412 1220 1466 1263 sit
1482 1220 1548 1263 via
1561 1228 1722 1275 nostra,

339 1306 438 1350 quae
457 1290 653 1334 Christus
672 1298 758 1345 est3
782 1299 929 1333 tamen
950 1291 1052 1350 quia
1073 1305 1248 1333 carnem
1269 1289 1393 1333 nobis
1407 1324 1417 1342 ,
1445 1304 1575 1349 quam
1591 1289 1726 1349 jube-

339 1376 438 1405 mur
460 1360 661 1403 edomare
678 1394 688 1413 ,
725 1359 1066 1416 substernimus3
1102 1359 1146 1403 in
1168 1360 1260 1418 ipso
1277 1375 1451 1419 prorsus
1480 1374 1610 1417 opere
1638 1374 1727 1419 quo

338 1446 433 1476 eam
448 1430 668 1474 subditam
685 1428 963 1488 castigamus,
992 1446 1080 1474 non
1098 1430 1142 1474 in
1165 1446 1213 1474 ea
1231 1429 1385 1475 cadere
1407 1445 1615 1488 magnum
1634 1438 1724 1474 est:

339 1517 429 1546 non
448 1510 592 1544 autem
609 1501 654 1544 in
674 1516 723 1544 ea
743 1499 856 1555 labi,
882 1501 977 1560 quis
999 1502 1170 1560 potest?

396 1575 520 1616 VIII.
547 1573 821 1630 Quapropter
849 1571 951 1630 quia
974 1580 1016 1614 et
1038 1572 1082 1614 in
1106 1586 1234 1615 carne
1256 1586 1403 1614 sumus
1418 1604 1429 1625 ,
1466 1578 1509 1614 et
1530 1569 1575 1613 in
1600 1584 1728 1614 carne

339 1659 430 1688 non
451 1657 621 1686 sumus:
639 1644 714 1700 (in
736 1656 863 1685 carne
887 1640 1001 1684 enim
1020 1656 1166 1684 sumus
1189 1656 1240 1684 eo
1257 1639 1446 1695 vinculo,
1471 1640 1592 1700 quod
1611 1655 1727 1684 nun-

340 1715 447 1758 dum
478 1712 669 1757 solutum
704 1721 790 1766 est,
820 1731 840 1753 «
866 1711 995 1764 Quod
1033 1710 1207 1756 dissolvi
1243 1720 1287 1754 et
1314 1726 1402 1754 esse
1425 1726 1525 1754 cum
1557 1710 1729 1756 Christo

345 1802 365 1825 »
400 1782 540 1827 multo
563 1782 697 1840 inagis
728 1781 943 1840 optimum
959 1782 975 1805 4
1003 1800 1011 1824 :
1035 1798 1055 1821 »
1081 1796 1170 1825 non
1193 1789 1338 1824 autem
1366 1795 1514 1824 sumus
1535 1781 1580 1824 in
1601 1796 1730 1825 carne

340 1870 390 1898 ex
412 1870 463 1898 eo
493 1852 614 1913 quod
635 1852 808 1911 spiritus
826 1852 1035 1910 primitias
1057 1850 1257 1895 dedimus
1275 1854 1387 1905 Deo,
1409 1851 1442 1894 si
1465 1860 1612 1894 tamen
1629 1867 1731 1911 pos-

339 1927 470 1970 simus
494 1925 660 1977 dicere,
690 1924 792 1982 quia
820 1942 839 1964 «
864 1923 1142 1967 Conversatio
1166 1931 1311 1967 nostra
1333 1922 1379 1965 in
1408 1921 1528 1966 coelis
1550 1931 1613 1966 est
1631 1924 1645 1948 ⁵
1667 1942 1679 1979 3
1705 1940 1725 1964 »

341 2006 383 2040 et
404 2005 615 2055 tanquam
637 1994 776 2052 capite
800 1993 1046 2052 placeamus
1076 1996 1165 2037 Deo
1185 2027 1194 2042 ‚
1233 1991 1418 2050 pedibus
1451 2001 1597 2036 autem
1630 2001 1730 2036 tan-

340 2082 472 2126 quam
497 2064 696 2108 extremis
726 2064 880 2107 animae
910 2064 1106 2123 partibus
1135 2062 1278 2107 adhuc
1313 2061 1533 2106 lubricum
1568 2063 1729 2107 sentia-

341 2151 436 2180 mus
460 2138 499 2193 2)
521 2133 623 2178 audi
646 2133 1017 2193 quemadmodum
1040 2132 1095 2177 ad
1127 2148 1247 2192 spem
1266 2132 1480 2192 pertineat
1495 2167 1506 2186 ‚
1529 2132 1650 2192 quod
1670 2133 1730 2177 ita

341 2208 509 2252 canitur
525 2205 645 2250 velut
662 2206 753 2265 jam
775 2205 828 2248 sit
851 2205 1084 2261 effectum3
1116 2223 1136 2245 «
1160 2203 1333 2247 Exemit
1349 2238 1359 2258 ‚
1382 2203 1528 2262 inquit
1545 2238 1556 2258 ,
1582 2203 1730 2248 oculos

346 2298 364 2320 n
400 2294 518 2323 meos
543 2294 565 2320 a
585 2276 788 2334 lacrymis
806 2311 816 2331 ‚
843 2277 972 2335 pedes
993 2291 1111 2320 meos
1134 2291 1157 2319 a
1186 2274 1311 2334 lapsu
1333 2294 1342 2319 ι
1370 2293 1390 2316 »
1412 2283 1455 2318 et
1476 2283 1620 2318 tamen
1641 2291 1731 2319 non

342 2349 399 2392 ait
426 2368 433 2393 ε
458 2347 634 2404 Place03
669 2348 741 2391 sed
759 2382 769 2401 ,
795 2366 814 2388 «
836 2346 1022 2390 Placebo
1039 2346 1084 2390 in
1107 2354 1343 2404 conspeetu
1366 2344 1568 2400 Domini,
1590 2344 1637 2388 in
1659 2360 1731 2388 re-

389 2449 396 2464 ¹
418 2442 530 2474 Matth.
558 2453 625 2481 vni,
652 2451 704 2473 22.
726 2459 766 2463 —
788 2448 799 2463 ²
819 2441 897 2472 I’sal.
928 2452 1017 2482 exin,
1042 2452 1092 2483 17,
1116 2440 1165 2472 18.
1190 2455 1228 2460 -
1247 2438 1259 2462 3
1282 2442 1373 2471 Joan.
1396 2451 1429 2480 v,
1452 2439 1506 2481 23!-
1524 2457 1565 2462 —-
1580 2438 1595 2469 4
1614 2439 1726 2481 Philip.

341 2510 366 2539 Ι,
391 2499 444 2530 23.
462 2516 499 2520 —-
521 2497 737 2538 51tl.11x,20*
