<?xml version="1.0" encoding="UTF-8"?>
<!DOCTYPE html PUBLIC "-//W3C//DTD XHTML 1.0 Transitional//EN"
    "http://www.w3.org/TR/xhtml1/DTD/xhtml1-transitional.dtd">
<html xmlns="http://www.w3.org/1999/xhtml" xml:lang="en" lang="en">
 <head>
  <title>
</title>
<meta http-equiv="Content-Type" content="text/html;charset=utf-8" />
  <meta name='ocr-system' content='tesseract 3.04.00' />
  <meta name='ocr-capabilities' content='ocr_page ocr_carea ocr_par ocr_line ocrx_word'/>
</head>
<body>
  <div class='ocr_page' id='page_1' title='image "./operaomniaaccura11auguuoft_0263.png"; bbox 0 0 1848 3261; ppageno 0'>
   <div class='ocr_carea' id='block_1_1' title="bbox 378 198 1415 237">
    <p class='ocr_par' dir='ltr' id='par_1_1' title="bbox 378 198 1415 237">
     <span class='ocr_line' id='line_1_1' title="bbox 378 198 1415 237; baseline 0.003 -3"><span class='ocrx_word' id='word_1_1' title='bbox 378 203 617 236; x_wconf 71' lang='lat' dir='ltr'>ENARRATIO</span> <span class='ocrx_word' id='word_1_2' title='bbox 648 209 692 235; x_wconf 77' lang='lat' dir='ltr'>IN</span> <span class='ocrx_word' id='word_1_3' title='bbox 725 203 926 236; x_wconf 76' lang='lat' dir='ltr'>PsALMUM</span> <span class='ocrx_word' id='word_1_4' title='bbox 956 208 1038 235; x_wconf 75' lang='lat' dir='ltr'>CVI.</span> <span class='ocrx_word' id='word_1_5' title='bbox 1332 198 1415 237; x_wconf 72' lang='lat'>253</span> 
     </span>
    </p>
   </div>
   <div class='ocr_carea' id='block_1_2' title="bbox 35 258 1433 2598">
    <p class='ocr_par' dir='ltr' id='par_1_2' title="bbox 35 258 1422 1394">
     <span class='ocr_line' id='line_1_2' title="bbox 39 258 1415 334; baseline 0.003 -18"><span class='ocrx_word' id='word_1_6' title='bbox 39 286 183 333; x_wconf 88' lang='lat' dir='ltr'>perem</span> <span class='ocrx_word' id='word_1_7' title='bbox 198 307 209 328; x_wconf 84' lang='lat'><strong>‚</strong></span> <span class='ocrx_word' id='word_1_8' title='bbox 232 272 349 317; x_wconf 93' lang='lat' dir='ltr'>hunc</span> <span class='ocrx_word' id='word_1_9' title='bbox 366 272 576 317; x_wconf 89' lang='lat' dir='ltr'>humilem</span> <span class='ocrx_word' id='word_1_10' title='bbox 587 308 598 328; x_wconf 81' lang='lat'>,</span> <span class='ocrx_word' id='word_1_11' title='bbox 618 272 784 334; x_wconf 86' lang='lat' dir='ltr'>adjuvit</span> <span class='ocrx_word' id='word_1_12' title='bbox 803 258 917 316; x_wconf 79' lang='lat' dir='ltr'>Deus</span> <span class='ocrx_word' id='word_1_13' title='bbox 928 272 1169 331; x_wconf 90' lang='lat' dir='ltr'>plurimum</span> <span class='ocrx_word' id='word_1_14' title='bbox 1185 307 1195 327; x_wconf 84' lang='lat'>‚</span> <span class='ocrx_word' id='word_1_15' title='bbox 1217 275 1345 319; x_wconf 87' lang='lat' dir='ltr'>etiam</span> <span class='ocrx_word' id='word_1_16' title='bbox 1359 275 1415 320; x_wconf 91' lang='lat' dir='ltr'>de</span> 
     </span>
     <span class='ocr_line' id='line_1_3' title="bbox 35 341 1416 403; baseline 0.002 -16"><span class='ocrx_word' id='word_1_17' title='bbox 35 343 126 402; x_wconf 89' lang='lat' dir='ltr'>ipsa</span> <span class='ocrx_word' id='word_1_18' title='bbox 143 343 410 403; x_wconf 83' lang='lat' dir='ltr'>separatione</span> <span class='ocrx_word' id='word_1_19' title='bbox 431 344 734 389; x_wconf 85' lang='lat' dir='ltr'>haereticorum</span> <span class='ocrx_word' id='word_1_20' title='bbox 757 361 766 387; x_wconf 74' lang='lat' dir='ltr'><em>z</em></span> <span class='ocrx_word' id='word_1_21' title='bbox 790 343 891 403; x_wconf 89' lang='lat' dir='ltr'>quia</span> <span class='ocrx_word' id='word_1_22' title='bbox 920 342 1048 401; x_wconf 89' lang='lat' dir='ltr'>pauci</span> <span class='ocrx_word' id='word_1_23' title='bbox 1077 341 1180 387; x_wconf 85' lang='lat' dir='ltr'>facti</span> <span class='ocrx_word' id='word_1_24' title='bbox 1205 354 1307 388; x_wconf 90' lang='lat' dir='ltr'>sunt</span> <span class='ocrx_word' id='word_1_25' title='bbox 1326 380 1336 400; x_wconf 83' lang='lat'>,</span> <span class='ocrx_word' id='word_1_26' title='bbox 1371 355 1416 390; x_wconf 88' lang='lat' dir='ltr'>et</span> 
     </span>
     <span class='ocr_line' id='line_1_4' title="bbox 35 414 1417 476; baseline 0.001 -18"><span class='ocrx_word' id='word_1_27' title='bbox 35 415 176 458; x_wconf 86' lang='lat' dir='ltr'>vexati</span> <span class='ocrx_word' id='word_1_28' title='bbox 203 424 332 471; x_wconf 80' lang='lat' dir='ltr'>sunt,</span> <span class='ocrx_word' id='word_1_29' title='bbox 368 423 411 459; x_wconf 92' lang='lat' dir='ltr'>et</span> <span class='ocrx_word' id='word_1_30' title='bbox 437 415 604 460; x_wconf 80' lang='lat' dir='ltr'>seducti</span> <span class='ocrx_word' id='word_1_31' title='bbox 633 416 679 459; x_wconf 94' lang='lat' dir='ltr'>in</span> <span class='ocrx_word' id='word_1_32' title='bbox 706 414 824 459; x_wconf 90' lang='lat' dir='ltr'>invio</span> <span class='ocrx_word' id='word_1_33' title='bbox 851 424 895 458; x_wconf 91' lang='lat' dir='ltr'>et</span> <span class='ocrx_word' id='word_1_34' title='bbox 922 430 1011 459; x_wconf 90' lang='lat' dir='ltr'>non</span> <span class='ocrx_word' id='word_1_35' title='bbox 1038 414 1085 458; x_wconf 85' lang='lat' dir='ltr'>in</span> <span class='ocrx_word' id='word_1_36' title='bbox 1114 414 1198 459; x_wconf 86' lang='lat' dir='ltr'>via.</span> <span class='ocrx_word' id='word_1_37' title='bbox 1223 416 1417 476; x_wconf 85' lang='lat' dir='ltr'>Denique</span> 
     </span>
     <span class='ocr_line' id='line_1_5' title="bbox 35 484 1413 545; baseline 0.001 -16"><span class='ocrx_word' id='word_1_38' title='bbox 35 484 144 545; x_wconf 87' lang='lat' dir='ltr'>quid</span> <span class='ocrx_word' id='word_1_39' title='bbox 177 495 325 545; x_wconf 89' lang='lat' dir='ltr'>postea</span> <span class='ocrx_word' id='word_1_40' title='bbox 357 502 408 530; x_wconf 82' lang='lat' dir='ltr'>ex</span> <span class='ocrx_word' id='word_1_41' title='bbox 434 485 516 530; x_wconf 80' lang='lat' dir='ltr'>illis</span> <span class='ocrx_word' id='word_1_42' title='bbox 549 485 807 540; x_wconf 84' lang='lat' dir='ltr'>deminutiS‚</span> <span class='ocrx_word' id='word_1_43' title='bbox 843 485 1051 540; x_wconf 88' lang='lat' dir='ltr'>seductis,</span> <span class='ocrx_word' id='word_1_44' title='bbox 1086 485 1233 544; x_wconf 84' lang='lat' dir='ltr'>paucis</span> <span class='ocrx_word' id='word_1_45' title='bbox 1264 485 1413 541; x_wconf 83' lang='lat' dir='ltr'>factis,</span> 
     </span>
     <span class='ocr_line' id='line_1_6' title="bbox 36 555 1416 617; baseline 0.002 -17"><span class='ocrx_word' id='word_1_46' title='bbox 36 556 218 612; x_wconf 83' lang='lat' dir='ltr'>vexatis,</span> <span class='ocrx_word' id='word_1_47' title='bbox 242 557 289 601; x_wconf 93' lang='lat' dir='ltr'>in</span> <span class='ocrx_word' id='word_1_48' title='bbox 308 556 457 617; x_wconf 88' lang='lat' dir='ltr'>adjuto</span> <span class='ocrx_word' id='word_1_49' title='bbox 475 571 663 616; x_wconf 84' lang='lat' dir='ltr'>paupere</span> <span class='ocrx_word' id='word_1_50' title='bbox 684 555 791 616; x_wconf 86' lang='lat' dir='ltr'>quid</span> <span class='ocrx_word' id='word_1_51' title='bbox 805 556 882 600; x_wconf 77' lang='lat' dir='ltr'>fit?</span> <span class='ocrx_word' id='word_1_52' title='bbox 909 574 929 597; x_wconf 89' lang='lat'>«</span> <span class='ocrx_word' id='word_1_53' title='bbox 946 558 1003 600; x_wconf 92' lang='lat' dir='ltr'>Et</span> <span class='ocrx_word' id='word_1_54' title='bbox 1023 556 1168 615; x_wconf 85' lang='lat' dir='ltr'>posuit</span> <span class='ocrx_word' id='word_1_55' title='bbox 1189 557 1299 601; x_wconf 87' lang='lat' dir='ltr'>sicut</span> <span class='ocrx_word' id='word_1_56' title='bbox 1316 574 1416 603; x_wconf 84' lang='lat' dir='ltr'>oves</span> 
     </span>
     <span class='ocr_line' id='line_1_7' title="bbox 40 627 1416 687; baseline 0.004 -18"><span class='ocrx_word' id='word_1_57' title='bbox 40 647 59 669; x_wconf 85' lang='lat'>»</span> <span class='ocrx_word' id='word_1_58' title='bbox 95 627 292 672; x_wconf 85' lang='lat' dir='ltr'>familias.</span> <span class='ocrx_word' id='word_1_59' title='bbox 320 628 485 682; x_wconf 85' lang='lat' dir='ltr'>»Quasi</span> <span class='ocrx_word' id='word_1_60' title='bbox 505 643 644 672; x_wconf 90' lang='lat' dir='ltr'>unum</span> <span class='ocrx_word' id='word_1_61' title='bbox 676 642 912 687; x_wconf 82' lang='lat' dir='ltr'>pauperem</span> <span class='ocrx_word' id='word_1_62' title='bbox 939 637 983 671; x_wconf 88' lang='lat' dir='ltr'>et</span> <span class='ocrx_word' id='word_1_63' title='bbox 1003 644 1142 672; x_wconf 89' lang='lat' dir='ltr'>unum</span> <span class='ocrx_word' id='word_1_64' title='bbox 1164 629 1416 674; x_wconf 86' lang='lat' dir='ltr'>mendicum</span> 
     </span>
     <span class='ocr_line' id='line_1_8' title="bbox 36 697 1417 759; baseline 0.003 -18"><span class='ocrx_word' id='word_1_65' title='bbox 36 697 308 757; x_wconf 84' lang='lat' dir='ltr'>intelligebas</span> <span class='ocrx_word' id='word_1_66' title='bbox 323 734 333 754; x_wconf 84' lang='lat'><strong><em>‚</em></strong></span> <span class='ocrx_word' id='word_1_67' title='bbox 359 699 414 742; x_wconf 90' lang='lat' dir='ltr'>de</span> <span class='ocrx_word' id='word_1_68' title='bbox 436 714 524 759; x_wconf 84' lang='lat' dir='ltr'>quo</span> <span class='ocrx_word' id='word_1_69' title='bbox 548 698 683 754; x_wconf 81' lang='lat' dir='ltr'>dixit,</span> <span class='ocrx_word' id='word_1_70' title='bbox 705 701 796 742; x_wconf 88' lang='lat' dir='ltr'>«Et</span> <span class='ocrx_word' id='word_1_71' title='bbox 815 697 982 758; x_wconf 85' lang='lat' dir='ltr'>adjuvit</span> <span class='ocrx_word' id='word_1_72' title='bbox 993 713 1230 759; x_wconf 86' lang='lat' dir='ltr'>pauperem</span> <span class='ocrx_word' id='word_1_73' title='bbox 1246 716 1270 744; x_wconf 91' lang='lat' dir='ltr'>a</span> <span class='ocrx_word' id='word_1_74' title='bbox 1292 716 1417 744; x_wconf 89' lang='lat' dir='ltr'>men-</span> 
     </span>
     <span class='ocr_line' id='line_1_9' title="bbox 40 767 1418 831; baseline 0.004 -21"><span class='ocrx_word' id='word_1_75' title='bbox 40 787 59 810; x_wconf 84' lang='lat'>»</span> <span class='ocrx_word' id='word_1_76' title='bbox 95 767 285 813; x_wconf 72' lang='lat' dir='ltr'>(licitate.</span> <span class='ocrx_word' id='word_1_77' title='bbox 311 786 332 809; x_wconf 88' lang='lat'>»</span> <span class='ocrx_word' id='word_1_78' title='bbox 358 772 528 829; x_wconf 83' lang='lat' dir='ltr'>Pauper</span> <span class='ocrx_word' id='word_1_79' title='bbox 544 770 622 813; x_wconf 88' lang='lat' dir='ltr'>iste</span> <span class='ocrx_word' id='word_1_80' title='bbox 645 768 797 813; x_wconf 84' lang='lat' dir='ltr'>multae</span> <span class='ocrx_word' id='word_1_81' title='bbox 818 767 992 812; x_wconf 83' lang='lat' dir='ltr'>familiae</span> <span class='ocrx_word' id='word_1_82' title='bbox 1009 779 1131 823; x_wconf 89' lang='lat' dir='ltr'>sunt,</span> <span class='ocrx_word' id='word_1_83' title='bbox 1153 786 1318 831; x_wconf 88' lang='lat' dir='ltr'>pauper</span> <span class='ocrx_word' id='word_1_84' title='bbox 1340 773 1418 816; x_wconf 89' lang='lat' dir='ltr'>istc</span> 
     </span>
     <span class='ocr_line' id='line_1_10' title="bbox 36 838 1418 899; baseline 0.004 -17"><span class='ocrx_word' id='word_1_85' title='bbox 36 838 188 882; x_wconf 83' lang='lat' dir='ltr'>multae</span> <span class='ocrx_word' id='word_1_86' title='bbox 209 838 357 899; x_wconf 86' lang='lat' dir='ltr'>plebes</span> <span class='ocrx_word' id='word_1_87' title='bbox 390 848 491 884; x_wconf 86' lang='lat' dir='ltr'>sunt</span> <span class='ocrx_word' id='word_1_88' title='bbox 517 859 525 884; x_wconf 90' lang='lat'>:</span> <span class='ocrx_word' id='word_1_89' title='bbox 551 840 701 884; x_wconf 82' lang='lat' dir='ltr'>multae</span> <span class='ocrx_word' id='word_1_90' title='bbox 722 839 927 884; x_wconf 79' lang='lat' dir='ltr'>Ecclesiae</span> <span class='ocrx_word' id='word_1_91' title='bbox 957 856 1044 885; x_wconf 90' lang='lat' dir='ltr'>una</span> <span class='ocrx_word' id='word_1_92' title='bbox 1073 841 1264 886; x_wconf 84' lang='lat' dir='ltr'>Ecclesia</span> <span class='ocrx_word' id='word_1_93' title='bbox 1280 878 1290 898; x_wconf 86' lang='lat'>‚</span> <span class='ocrx_word' id='word_1_94' title='bbox 1329 859 1418 888; x_wconf 92' lang='lat' dir='ltr'>una</span> 
     </span>
     <span class='ocr_line' id='line_1_11' title="bbox 35 908 1418 971; baseline 0.004 -18"><span class='ocrx_word' id='word_1_95' title='bbox 35 909 185 969; x_wconf 79' lang='lat' dir='ltr'>plebs,</span> <span class='ocrx_word' id='word_1_96' title='bbox 213 925 300 954; x_wconf 88' lang='lat' dir='ltr'>una</span> <span class='ocrx_word' id='word_1_97' title='bbox 327 908 512 966; x_wconf 81' lang='lat' dir='ltr'>familia,</span> <span class='ocrx_word' id='word_1_98' title='bbox 539 926 626 956; x_wconf 90' lang='lat' dir='ltr'>una</span> <span class='ocrx_word' id='word_1_99' title='bbox 656 911 747 955; x_wconf 87' lang='lat' dir='ltr'>ovis</span> <span class='ocrx_word' id='word_1_100' title='bbox 776 920 853 955; x_wconf 83' lang='lat' dir='ltr'>est.</span> <span class='ocrx_word' id='word_1_101' title='bbox 885 930 905 952; x_wconf 90' lang='lat'>«</span> <span class='ocrx_word' id='word_1_102' title='bbox 930 914 987 955; x_wconf 90' lang='lat' dir='ltr'>Et</span> <span class='ocrx_word' id='word_1_103' title='bbox 1015 912 1159 971; x_wconf 85' lang='lat' dir='ltr'>posuit</span> <span class='ocrx_word' id='word_1_104' title='bbox 1182 913 1292 958; x_wconf 84' lang='lat' dir='ltr'>sicut</span> <span class='ocrx_word' id='word_1_105' title='bbox 1318 929 1418 958; x_wconf 88' lang='lat' dir='ltr'>oves</span> 
     </span>
     <span class='ocr_line' id='line_1_12' title="bbox 39 980 1415 1040; baseline 0.004 -18"><span class='ocrx_word' id='word_1_106' title='bbox 39 999 60 1023; x_wconf 90' lang='lat'>»</span> <span class='ocrx_word' id='word_1_107' title='bbox 95 980 294 1025; x_wconf 81' lang='lat' dir='ltr'>familias.</span> <span class='ocrx_word' id='word_1_108' title='bbox 330 1000 351 1022; x_wconf 75' lang='lat'>)›</span> <span class='ocrx_word' id='word_1_109' title='bbox 385 984 544 1040; x_wconf 81' lang='lat' dir='ltr'>Magna</span> <span class='ocrx_word' id='word_1_110' title='bbox 575 982 778 1039; x_wconf 73' lang='lat' dir='ltr'>mysteria</span> <span class='ocrx_word' id='word_1_111' title='bbox 812 982 911 1036; x_wconf 85' lang='lat' dir='ltr'>ista,</span> <span class='ocrx_word' id='word_1_112' title='bbox 943 997 1101 1040; x_wconf 82' lang='lat' dir='ltr'>magna</span> <span class='ocrx_word' id='word_1_113' title='bbox 1128 993 1415 1040; x_wconf 87' lang='lat' dir='ltr'>sacramenta,</span> 
     </span>
     <span class='ocr_line' id='line_1_13' title="bbox 36 1051 1420 1113; baseline 0.002 -18"><span class='ocrx_word' id='word_1_114' title='bbox 36 1068 169 1113; x_wconf 90' lang='lat' dir='ltr'>quam</span> <span class='ocrx_word' id='word_1_115' title='bbox 186 1051 405 1112; x_wconf 88' lang='lat' dir='ltr'>profunda</span> <span class='ocrx_word' id='word_1_116' title='bbox 420 1087 431 1107; x_wconf 84' lang='lat'>,</span> <span class='ocrx_word' id='word_1_117' title='bbox 454 1051 585 1111; x_wconf 82' lang='lat' dir='ltr'>plena</span> <span class='ocrx_word' id='word_1_118' title='bbox 617 1052 920 1110; x_wconf 77' lang='lat' dir='ltr'>mysteriorum</span> <span class='ocrx_word' id='word_1_119' title='bbox 940 1073 950 1109; x_wconf 78' lang='lat'>3</span> <span class='ocrx_word' id='word_1_120' title='bbox 981 1069 1112 1112; x_wconf 86' lang='lat' dir='ltr'>quam</span> <span class='ocrx_word' id='word_1_121' title='bbox 1143 1052 1329 1098; x_wconf 88' lang='lat' dir='ltr'>dulciter</span> <span class='ocrx_word' id='word_1_122' title='bbox 1350 1055 1420 1098; x_wconf 80' lang='lat' dir='ltr'>in·-</span> 
     </span>
     <span class='ocr_line' id='line_1_14' title="bbox 36 1122 1422 1186; baseline 0.002 -19"><span class='ocrx_word' id='word_1_123' title='bbox 36 1132 164 1168; x_wconf 78' lang='lat' dir='ltr'>venta</span> <span class='ocrx_word' id='word_1_124' title='bbox 182 1158 192 1178; x_wconf 61' lang='lat' dir='ltr'>a</span> <span class='ocrx_word' id='word_1_125' title='bbox 218 1123 319 1182; x_wconf 85' lang='lat' dir='ltr'>quia</span> <span class='ocrx_word' id='word_1_126' title='bbox 342 1122 419 1166; x_wconf 89' lang='lat' dir='ltr'>diu</span> <span class='ocrx_word' id='word_1_127' title='bbox 450 1122 643 1166; x_wconf 85' lang='lat' dir='ltr'>latentia.</span> <span class='ocrx_word' id='word_1_128' title='bbox 672 1126 808 1180; x_wconf 79' lang='lat' dir='ltr'>Ergo,</span> <span class='ocrx_word' id='word_1_129' title='bbox 837 1141 858 1164; x_wconf 89' lang='lat'>«</span> <span class='ocrx_word' id='word_1_130' title='bbox 883 1123 1109 1167; x_wconf 83' lang='lat' dir='ltr'>Videbunt</span> <span class='ocrx_word' id='word_1_131' title='bbox 1130 1125 1261 1179; x_wconf 83' lang='lat' dir='ltr'>recti,</span> <span class='ocrx_word' id='word_1_132' title='bbox 1289 1134 1332 1169; x_wconf 88' lang='lat' dir='ltr'>et</span> <span class='ocrx_word' id='word_1_133' title='bbox 1347 1126 1422 1186; x_wconf 84' lang='lat' dir='ltr'>ju-</span> 
     </span>
     <span class='ocr_line' id='line_1_15' title="bbox 39 1192 1416 1254; baseline 0.001 -19"><span class='ocrx_word' id='word_1_134' title='bbox 39 1212 60 1235; x_wconf 86' lang='lat'>»</span> <span class='ocrx_word' id='word_1_135' title='bbox 95 1194 432 1247; x_wconf 88' lang='lat' dir='ltr'>cundabuntur‚</span> <span class='ocrx_word' id='word_1_136' title='bbox 454 1201 497 1236; x_wconf 90' lang='lat' dir='ltr'>et</span> <span class='ocrx_word' id='word_1_137' title='bbox 513 1192 651 1236; x_wconf 87' lang='lat' dir='ltr'>omnis</span> <span class='ocrx_word' id='word_1_138' title='bbox 672 1192 874 1253; x_wconf 78' lang='lat' dir='ltr'>iniquitas</span> <span class='ocrx_word' id='word_1_139' title='bbox 898 1194 1112 1254; x_wconf 82' lang='lat' dir='ltr'>oppilabit</span> <span class='ocrx_word' id='word_1_140' title='bbox 1130 1210 1175 1239; x_wconf 91' lang='lat' dir='ltr'>os</span> <span class='ocrx_word' id='word_1_141' title='bbox 1192 1211 1319 1239; x_wconf 90' lang='lat' dir='ltr'>suum</span> <span class='ocrx_word' id='word_1_142' title='bbox 1336 1198 1366 1239; x_wconf 81' lang='lat'>1.</span> <span class='ocrx_word' id='word_1_143' title='bbox 1395 1215 1416 1237; x_wconf 91' lang='lat'>»</span> 
     </span>
     <span class='ocr_line' id='line_1_16' title="bbox 39 1262 1421 1325; baseline 0.001 -17"><span class='ocrx_word' id='word_1_144' title='bbox 39 1265 249 1325; x_wconf 86' lang='lat' dir='ltr'>Iniquitas</span> <span class='ocrx_word' id='word_1_145' title='bbox 265 1262 337 1308; x_wconf 86' lang='lat' dir='ltr'>illa</span> <span class='ocrx_word' id='word_1_146' title='bbox 354 1263 542 1322; x_wconf 79' lang='lat' dir='ltr'>garriens</span> <span class='ocrx_word' id='word_1_147' title='bbox 564 1272 713 1308; x_wconf 87' lang='lat' dir='ltr'>contra</span> <span class='ocrx_word' id='word_1_148' title='bbox 734 1264 943 1308; x_wconf 87' lang='lat' dir='ltr'>unitatem</span> <span class='ocrx_word' id='word_1_149' title='bbox 959 1299 970 1319; x_wconf 84' lang='lat'>‚</span> <span class='ocrx_word' id='word_1_150' title='bbox 993 1274 1035 1308; x_wconf 87' lang='lat' dir='ltr'>et</span> <span class='ocrx_word' id='word_1_151' title='bbox 1051 1280 1206 1323; x_wconf 83' lang='lat' dir='ltr'>cogens</span> <span class='ocrx_word' id='word_1_152' title='bbox 1223 1265 1421 1311; x_wconf 85' lang='lat' dir='ltr'>manifes-</span> 
     </span>
     <span class='ocr_line' id='line_1_17' title="bbox 37 1334 1172 1394; baseline -0.002 -15"><span class='ocrx_word' id='word_1_153' title='bbox 37 1336 119 1380; x_wconf 87' lang='lat' dir='ltr'>tari</span> <span class='ocrx_word' id='word_1_154' title='bbox 137 1335 361 1379; x_wconf 87' lang='lat' dir='ltr'>veritatem</span> <span class='ocrx_word' id='word_1_155' title='bbox 376 1369 386 1389; x_wconf 84' lang='lat'>‚</span> <span class='ocrx_word' id='word_1_156' title='bbox 412 1334 608 1378; x_wconf 87' lang='lat' dir='ltr'>convicta</span> <span class='ocrx_word' id='word_1_157' title='bbox 629 1353 649 1376; x_wconf 88' lang='lat'>«</span> <span class='ocrx_word' id='word_1_158' title='bbox 672 1334 896 1394; x_wconf 85' lang='lat' dir='ltr'>Oppilabit</span> <span class='ocrx_word' id='word_1_159' title='bbox 918 1351 964 1380; x_wconf 89' lang='lat' dir='ltr'>os</span> <span class='ocrx_word' id='word_1_160' title='bbox 982 1351 1123 1380; x_wconf 91' lang='lat' dir='ltr'>suum.</span> <span class='ocrx_word' id='word_1_161' title='bbox 1155 1357 1172 1377; x_wconf 88' lang='lat'>»</span> 
     </span>
    </p>

    <p class='ocr_par' dir='ltr' id='par_1_3' title="bbox 39 1405 1433 2530">
     <span class='ocr_line' id='line_1_18' title="bbox 96 1405 1425 1466; baseline 0.002 -17"><span class='ocrx_word' id='word_1_162' title='bbox 96 1408 193 1449; x_wconf 84' lang='lat' dir='ltr'>XV.</span> <span class='ocrx_word' id='word_1_163' title='bbox 222 1424 243 1447; x_wconf 93' lang='lat'>«</span> <span class='ocrx_word' id='word_1_164' title='bbox 263 1405 367 1458; x_wconf 87' lang='lat' dir='ltr'>Quis</span> <span class='ocrx_word' id='word_1_165' title='bbox 384 1405 580 1464; x_wconf 79' lang='lat' dir='ltr'>sapiens?</span> <span class='ocrx_word' id='word_1_166' title='bbox 602 1414 645 1449; x_wconf 90' lang='lat' dir='ltr'>et</span> <span class='ocrx_word' id='word_1_167' title='bbox 666 1405 881 1450; x_wconf 83' lang='lat' dir='ltr'>custodiet</span> <span class='ocrx_word' id='word_1_168' title='bbox 901 1406 1019 1462; x_wconf 83' lang='lat' dir='ltr'>haec,</span> <span class='ocrx_word' id='word_1_169' title='bbox 1049 1417 1092 1452; x_wconf 88' lang='lat' dir='ltr'>et</span> <span class='ocrx_word' id='word_1_170' title='bbox 1110 1405 1323 1466; x_wconf 79' lang='lat' dir='ltr'>intelliget</span> <span class='ocrx_word' id='word_1_171' title='bbox 1343 1409 1425 1452; x_wconf 89' lang='lat' dir='ltr'>mi-</span> 
     </span>
     <span class='ocr_line' id='line_1_19' title="bbox 41 1476 1424 1536; baseline 0.003 -17"><span class='ocrx_word' id='word_1_172' title='bbox 41 1496 62 1519; x_wconf 84' lang='lat'>»</span> <span class='ocrx_word' id='word_1_173' title='bbox 97 1477 328 1521; x_wconf 86' lang='lat' dir='ltr'>serationes</span> <span class='ocrx_word' id='word_1_174' title='bbox 358 1476 530 1520; x_wconf 91' lang='lat' dir='ltr'>Domini</span> <span class='ocrx_word' id='word_1_175' title='bbox 548 1478 580 1520; x_wconf 81' lang='lat'>².</span> <span class='ocrx_word' id='word_1_176' title='bbox 613 1494 634 1517; x_wconf 68' lang='lat'>³)</span> <span class='ocrx_word' id='word_1_177' title='bbox 660 1476 815 1521; x_wconf 88' lang='lat' dir='ltr'>Videte</span> <span class='ocrx_word' id='word_1_178' title='bbox 837 1493 925 1536; x_wconf 84' lang='lat' dir='ltr'>quo</span> <span class='ocrx_word' id='word_1_179' title='bbox 948 1478 1034 1521; x_wconf 85' lang='lat' dir='ltr'>fine</span> <span class='ocrx_word' id='word_1_180' title='bbox 1056 1478 1210 1522; x_wconf 87' lang='lat' dir='ltr'>clausit</span> <span class='ocrx_word' id='word_1_181' title='bbox 1236 1497 1244 1523; x_wconf 90' lang='lat'>:</span> <span class='ocrx_word' id='word_1_182' title='bbox 1274 1498 1294 1521; x_wconf 93' lang='lat'>«</span> <span class='ocrx_word' id='word_1_183' title='bbox 1319 1480 1424 1533; x_wconf 85' lang='lat' dir='ltr'>Quis</span> 
     </span>
     <span class='ocr_line' id='line_1_20' title="bbox 40 1545 1425 1608; baseline 0.003 -18"><span class='ocrx_word' id='word_1_184' title='bbox 40 1567 62 1590; x_wconf 79' lang='lat'>&gt;›</span> <span class='ocrx_word' id='word_1_185' title='bbox 98 1548 296 1608; x_wconf 78' lang='lat' dir='ltr'>sapiens?</span> <span class='ocrx_word' id='word_1_186' title='bbox 319 1555 362 1591; x_wconf 89' lang='lat' dir='ltr'>et</span> <span class='ocrx_word' id='word_1_187' title='bbox 391 1545 605 1591; x_wconf 84' lang='lat' dir='ltr'>custodiet</span> <span class='ocrx_word' id='word_1_188' title='bbox 623 1547 732 1591; x_wconf 83' lang='lat' dir='ltr'>haec.</span> <span class='ocrx_word' id='word_1_189' title='bbox 762 1565 782 1588; x_wconf 89' lang='lat'>»</span> <span class='ocrx_word' id='word_1_190' title='bbox 808 1550 864 1591; x_wconf 90' lang='lat' dir='ltr'>Et</span> <span class='ocrx_word' id='word_1_191' title='bbox 891 1547 998 1607; x_wconf 89' lang='lat' dir='ltr'>quid</span> <span class='ocrx_word' id='word_1_192' title='bbox 1031 1547 1327 1594; x_wconf 85' lang='lat' dir='ltr'>custoditurus</span> <span class='ocrx_word' id='word_1_193' title='bbox 1361 1559 1425 1594; x_wconf 86' lang='lat' dir='ltr'>est</span> 
     </span>
     <span class='ocr_line' id='line_1_21' title="bbox 39 1617 1421 1679; baseline 0.001 -16"><span class='ocrx_word' id='word_1_194' title='bbox 39 1619 238 1679; x_wconf 75' lang='lat' dir='ltr'>sapiens?</span> <span class='ocrx_word' id='word_1_195' title='bbox 261 1617 312 1662; x_wconf 92' lang='lat' dir='ltr'>Id</span> <span class='ocrx_word' id='word_1_196' title='bbox 332 1627 419 1673; x_wconf 81' lang='lat' dir='ltr'>est,</span> <span class='ocrx_word' id='word_1_197' title='bbox 453 1617 487 1662; x_wconf 89' lang='lat' dir='ltr'>si</span> <span class='ocrx_word' id='word_1_198' title='bbox 508 1633 672 1677; x_wconf 90' lang='lat' dir='ltr'>pauper</span> <span class='ocrx_word' id='word_1_199' title='bbox 698 1618 776 1673; x_wconf 83' lang='lat' dir='ltr'>sit,</span> <span class='ocrx_word' id='word_1_200' title='bbox 802 1618 1016 1676; x_wconf 81' lang='lat' dir='ltr'>custodit3</span> <span class='ocrx_word' id='word_1_201' title='bbox 1043 1620 1077 1663; x_wconf 83' lang='lat' dir='ltr'>si</span> <span class='ocrx_word' id='word_1_202' title='bbox 1097 1635 1188 1664; x_wconf 91' lang='lat' dir='ltr'>non</span> <span class='ocrx_word' id='word_1_203' title='bbox 1205 1620 1258 1664; x_wconf 89' lang='lat' dir='ltr'>sit</span> <span class='ocrx_word' id='word_1_204' title='bbox 1279 1620 1421 1677; x_wconf 69' lang='lat' dir='ltr'>dives‚</span> 
     </span>
     <span class='ocr_line' id='line_1_22' title="bbox 40 1689 1420 1756; baseline 0.001 -22"><span class='ocrx_word' id='word_1_205' title='bbox 40 1690 86 1734; x_wconf 94' lang='lat' dir='ltr'>id</span> <span class='ocrx_word' id='word_1_206' title='bbox 116 1699 204 1745; x_wconf 83' lang='lat' dir='ltr'>est,</span> <span class='ocrx_word' id='word_1_207' title='bbox 233 1705 324 1733; x_wconf 88' lang='lat' dir='ltr'>non</span> <span class='ocrx_word' id='word_1_208' title='bbox 346 1689 401 1733; x_wconf 89' lang='lat' dir='ltr'>sit</span> <span class='ocrx_word' id='word_1_209' title='bbox 429 1689 640 1749; x_wconf 87' lang='lat' dir='ltr'>superbus</span> <span class='ocrx_word' id='word_1_210' title='bbox 658 1724 668 1744; x_wconf 73' lang='lat'>‚</span> <span class='ocrx_word' id='word_1_211' title='bbox 694 1704 783 1733; x_wconf 92' lang='lat' dir='ltr'>non</span> <span class='ocrx_word' id='word_1_212' title='bbox 802 1689 856 1733; x_wconf 86' lang='lat' dir='ltr'>sit</span> <span class='ocrx_word' id='word_1_213' title='bbox 877 1689 1052 1734; x_wconf 82' lang='lat' dir='ltr'>inflatus</span> <span class='ocrx_word' id='word_1_214' title='bbox 1069 1725 1079 1745; x_wconf 86' lang='lat'>,</span> <span class='ocrx_word' id='word_1_215' title='bbox 1105 1690 1293 1756; x_wconf 68' lang='lat' dir='ltr'>custodit</span> <span class='ocrx_word' id='word_1_216' title='bbox 1310 1692 1420 1736; x_wconf 84' lang='lat' dir='ltr'>haec.</span> 
     </span>
     <span class='ocr_line' id='line_1_23' title="bbox 39 1758 1426 1818; baseline 0.001 -14"><span class='ocrx_word' id='word_1_217' title='bbox 39 1761 184 1812; x_wconf 88' lang='lat' dir='ltr'>Quare</span> <span class='ocrx_word' id='word_1_218' title='bbox 206 1760 322 1803; x_wconf 91' lang='lat' dir='ltr'>enim</span> <span class='ocrx_word' id='word_1_219' title='bbox 343 1758 532 1804; x_wconf 88' lang='lat' dir='ltr'>custodit</span> <span class='ocrx_word' id='word_1_220' title='bbox 552 1760 675 1803; x_wconf 80' lang='lat' dir='ltr'>haec?</span> <span class='ocrx_word' id='word_1_221' title='bbox 696 1759 807 1813; x_wconf 84' lang='lat' dir='ltr'>Quia</span> <span class='ocrx_word' id='word_1_222' title='bbox 848 1778 868 1800; x_wconf 89' lang='lat'>«</span> <span class='ocrx_word' id='word_1_223' title='bbox 893 1759 1113 1818; x_wconf 83' lang='lat' dir='ltr'>Intelliget</span> <span class='ocrx_word' id='word_1_224' title='bbox 1133 1761 1426 1806; x_wconf 80' lang='lat' dir='ltr'>miserationes</span> 
     </span>
     <span class='ocr_line' id='line_1_24' title="bbox 43 1829 1427 1891; baseline 0.001 -16"><span class='ocrx_word' id='word_1_225' title='bbox 43 1850 65 1875; x_wconf 72' lang='lat' dir='ltr'>n</span> <span class='ocrx_word' id='word_1_226' title='bbox 100 1831 274 1876; x_wconf 86' lang='lat' dir='ltr'>Domini</span> <span class='ocrx_word' id='word_1_227' title='bbox 297 1850 306 1875; x_wconf 74' lang='grc' dir='ltr'>ε</span> <span class='ocrx_word' id='word_1_228' title='bbox 330 1849 350 1872; x_wconf 87' lang='lat'>»</span> <span class='ocrx_word' id='word_1_229' title='bbox 375 1846 465 1875; x_wconf 88' lang='lat' dir='ltr'>non</span> <span class='ocrx_word' id='word_1_230' title='bbox 487 1830 639 1874; x_wconf 90' lang='lat' dir='ltr'>merita</span> <span class='ocrx_word' id='word_1_231' title='bbox 656 1845 752 1884; x_wconf 74' lang='lat' dir='ltr'>sua,</span> <span class='ocrx_word' id='word_1_232' title='bbox 778 1845 868 1874; x_wconf 88' lang='lat' dir='ltr'>non</span> <span class='ocrx_word' id='word_1_233' title='bbox 884 1829 993 1874; x_wconf 87' lang='lat' dir='ltr'>vires</span> <span class='ocrx_word' id='word_1_234' title='bbox 1016 1845 1133 1886; x_wconf 79' lang='lat' dir='ltr'>suas,</span> <span class='ocrx_word' id='word_1_235' title='bbox 1159 1847 1249 1876; x_wconf 90' lang='lat' dir='ltr'>non</span> <span class='ocrx_word' id='word_1_236' title='bbox 1271 1841 1427 1891; x_wconf 88' lang='lat' dir='ltr'>poten-</span> 
     </span>
     <span class='ocr_line' id='line_1_25' title="bbox 42 1900 1426 1963; baseline 0 -15"><span class='ocrx_word' id='word_1_237' title='bbox 42 1904 148 1948; x_wconf 90' lang='lat' dir='ltr'>tiam</span> <span class='ocrx_word' id='word_1_238' title='bbox 179 1918 328 1961; x_wconf 80' lang='lat' dir='ltr'>suam3</span> <span class='ocrx_word' id='word_1_239' title='bbox 362 1900 438 1946; x_wconf 91' lang='lat' dir='ltr'>sed</span> <span class='ocrx_word' id='word_1_240' title='bbox 462 1919 481 1943; x_wconf 75' lang='grc' dir='ltr'>(ι</span> <span class='ocrx_word' id='word_1_241' title='bbox 506 1901 802 1946; x_wconf 87' lang='lat' dir='ltr'>Miserationes</span> <span class='ocrx_word' id='word_1_242' title='bbox 834 1902 1007 1946; x_wconf 90' lang='lat' dir='ltr'>Domini</span> <span class='ocrx_word' id='word_1_243' title='bbox 1018 1937 1035 1958; x_wconf 71' lang='lat'><em>,</em></span> <span class='ocrx_word' id='word_1_244' title='bbox 1059 1920 1079 1944; x_wconf 77' lang='lat'>)›</span> <span class='ocrx_word' id='word_1_245' title='bbox 1105 1903 1182 1963; x_wconf 86' lang='lat' dir='ltr'>qui</span> <span class='ocrx_word' id='word_1_246' title='bbox 1211 1913 1426 1948; x_wconf 88' lang='lat' dir='ltr'>errantem</span> 
     </span>
     <span class='ocr_line' id='line_1_26' title="bbox 44 1972 1427 2034; baseline 0.001 -15"><span class='ocrx_word' id='word_1_247' title='bbox 44 1985 87 2019; x_wconf 88' lang='lat' dir='ltr'>et</span> <span class='ocrx_word' id='word_1_248' title='bbox 108 1983 309 2034; x_wconf 79' lang='lat' dir='ltr'>egentem</span> <span class='ocrx_word' id='word_1_249' title='bbox 329 1974 374 2017; x_wconf 90' lang='lat' dir='ltr'>in</span> <span class='ocrx_word' id='word_1_250' title='bbox 393 1973 509 2018; x_wconf 86' lang='lat' dir='ltr'>viam</span> <span class='ocrx_word' id='word_1_251' title='bbox 531 1972 710 2017; x_wconf 78' lang='lat' dir='ltr'>deduxit</span> <span class='ocrx_word' id='word_1_252' title='bbox 728 1982 771 2017; x_wconf 90' lang='lat' dir='ltr'>et</span> <span class='ocrx_word' id='word_1_253' title='bbox 786 1973 903 2033; x_wconf 89' lang='lat' dir='ltr'>pavit</span> <span class='ocrx_word' id='word_1_254' title='bbox 923 1994 934 2031; x_wconf 78' lang='lat'><em>3</em></span> <span class='ocrx_word' id='word_1_255' title='bbox 959 1974 1034 2034; x_wconf 87' lang='lat' dir='ltr'>qui</span> <span class='ocrx_word' id='word_1_256' title='bbox 1056 1984 1325 2034; x_wconf 83' lang='lat' dir='ltr'>pugnantem</span> <span class='ocrx_word' id='word_1_257' title='bbox 1347 1975 1427 2020; x_wconf 88' lang='lat' dir='ltr'>ad-</span> 
     </span>
     <span class='ocr_line' id='line_1_27' title="bbox 44 2043 1428 2104; baseline 0.001 -14"><span class='ocrx_word' id='word_1_258' title='bbox 44 2061 191 2091; x_wconf 87' lang='lat' dir='ltr'>versus</span> <span class='ocrx_word' id='word_1_259' title='bbox 221 2044 524 2089; x_wconf 84' lang='lat' dir='ltr'>difficultatem</span> <span class='ocrx_word' id='word_1_260' title='bbox 554 2052 853 2104; x_wconf 89' lang='lat' dir='ltr'>peccatorum,</span> <span class='ocrx_word' id='word_1_261' title='bbox 884 2053 928 2088; x_wconf 88' lang='lat' dir='ltr'>et</span> <span class='ocrx_word' id='word_1_262' title='bbox 959 2043 1211 2103; x_wconf 82' lang='lat' dir='ltr'>colligatum</span> <span class='ocrx_word' id='word_1_263' title='bbox 1244 2045 1428 2091; x_wconf 83' lang='lat' dir='ltr'>vinculis</span> 
     </span>
     <span class='ocr_line' id='line_1_28' title="bbox 46 2114 1429 2175; baseline 0 -14"><span class='ocrx_word' id='word_1_264' title='bbox 46 2114 371 2161; x_wconf 85' lang='lat' dir='ltr'>consuetudinis</span> <span class='ocrx_word' id='word_1_265' title='bbox 392 2114 518 2159; x_wconf 89' lang='lat' dir='ltr'>solvit</span> <span class='ocrx_word' id='word_1_266' title='bbox 535 2124 578 2159; x_wconf 90' lang='lat' dir='ltr'>et</span> <span class='ocrx_word' id='word_1_267' title='bbox 594 2114 792 2159; x_wconf 86' lang='lat' dir='ltr'>liberavit</span> <span class='ocrx_word' id='word_1_268' title='bbox 807 2135 817 2172; x_wconf 80' lang='lat'><em>3</em></span> <span class='ocrx_word' id='word_1_269' title='bbox 835 2115 910 2175; x_wconf 79' lang='lat' dir='ltr'>qui</span> <span class='ocrx_word' id='word_1_270' title='bbox 929 2114 1223 2160; x_wconf 84' lang='lat' dir='ltr'>fastidientem</span> <span class='ocrx_word' id='word_1_271' title='bbox 1245 2117 1429 2161; x_wconf 91' lang='lat' dir='ltr'>verbum</span> 
     </span>
     <span class='ocr_line' id='line_1_29' title="bbox 48 2185 1431 2247; baseline 0 -15"><span class='ocrx_word' id='word_1_272' title='bbox 48 2188 153 2243; x_wconf 84' lang='lat' dir='ltr'>Dei,</span> <span class='ocrx_word' id='word_1_273' title='bbox 178 2196 221 2231; x_wconf 85' lang='lat' dir='ltr'>et</span> <span class='ocrx_word' id='word_1_274' title='bbox 243 2185 374 2231; x_wconf 83' lang='lat' dir='ltr'>taedio</span> <span class='ocrx_word' id='word_1_275' title='bbox 403 2186 592 2247; x_wconf 85' lang='lat' dir='ltr'>quodam</span> <span class='ocrx_word' id='word_1_276' title='bbox 620 2201 732 2246; x_wconf 90' lang='lat' dir='ltr'>pene</span> <span class='ocrx_word' id='word_1_277' title='bbox 753 2186 1010 2231; x_wconf 86' lang='lat' dir='ltr'>morientem</span> <span class='ocrx_word' id='word_1_278' title='bbox 1025 2222 1035 2242; x_wconf 80' lang='grc'>,</span> <span class='ocrx_word' id='word_1_279' title='bbox 1070 2187 1197 2231; x_wconf 88' lang='lat' dir='ltr'>missa</span> <span class='ocrx_word' id='word_1_280' title='bbox 1218 2187 1431 2232; x_wconf 82' lang='lat' dir='ltr'>medicina</span> 
     </span>
     <span class='ocr_line' id='line_1_30' title="bbox 48 2256 1433 2318; baseline -0.001 -15"><span class='ocrx_word' id='word_1_281' title='bbox 48 2258 171 2303; x_wconf 86' lang='lat' dir='ltr'>verbi</span> <span class='ocrx_word' id='word_1_282' title='bbox 195 2257 261 2302; x_wconf 90' lang='lat' dir='ltr'>sui</span> <span class='ocrx_word' id='word_1_283' title='bbox 284 2257 521 2313; x_wconf 75' lang='lat' dir='ltr'>recreavit3</span> <span class='ocrx_word' id='word_1_284' title='bbox 560 2257 637 2317; x_wconf 82' lang='lat' dir='ltr'>qui</span> <span class='ocrx_word' id='word_1_285' title='bbox 668 2256 982 2316; x_wconf 88' lang='lat' dir='ltr'>periclitantem</span> <span class='ocrx_word' id='word_1_286' title='bbox 1010 2257 1122 2302; x_wconf 89' lang='lat' dir='ltr'>inter</span> <span class='ocrx_word' id='word_1_287' title='bbox 1157 2258 1367 2318; x_wconf 81' lang='lat' dir='ltr'>naufraga</span> <span class='ocrx_word' id='word_1_288' title='bbox 1389 2267 1433 2302; x_wconf 87' lang='lat' dir='ltr'>et</span> 
     </span>
     <span class='ocr_line' id='line_1_31' title="bbox 49 2327 1429 2390; baseline 0 -16"><span class='ocrx_word' id='word_1_289' title='bbox 49 2328 288 2389; x_wconf 90' lang='lat' dir='ltr'>procellosa</span> <span class='ocrx_word' id='word_1_290' title='bbox 303 2328 564 2383; x_wconf 79' lang='lat' dir='ltr'>discrimina,</span> <span class='ocrx_word' id='word_1_291' title='bbox 580 2328 688 2372; x_wconf 87' lang='lat' dir='ltr'>mari</span> <span class='ocrx_word' id='word_1_292' title='bbox 705 2328 898 2388; x_wconf 85' lang='lat' dir='ltr'>placato,</span> <span class='ocrx_word' id='word_1_293' title='bbox 925 2327 979 2372; x_wconf 88' lang='lat' dir='ltr'>ad</span> <span class='ocrx_word' id='word_1_294' title='bbox 996 2338 1172 2389; x_wconf 85' lang='lat' dir='ltr'>portum</span> <span class='ocrx_word' id='word_1_295' title='bbox 1193 2329 1395 2390; x_wconf 86' lang='lat' dir='ltr'>perduxit</span> <span class='ocrx_word' id='word_1_296' title='bbox 1421 2349 1429 2375; x_wconf 91' lang='lat'>:</span> 
     </span>
     <span class='ocr_line' id='line_1_32' title="bbox 52 2399 1432 2461; baseline 0 -16"><span class='ocrx_word' id='word_1_297' title='bbox 52 2402 127 2461; x_wconf 87' lang='lat' dir='ltr'>qui</span> <span class='ocrx_word' id='word_1_298' title='bbox 148 2416 248 2445; x_wconf 81' lang='lat' dir='ltr'>eum</span> <span class='ocrx_word' id='word_1_299' title='bbox 271 2399 460 2460; x_wconf 90' lang='lat' dir='ltr'>denique</span> <span class='ocrx_word' id='word_1_300' title='bbox 481 2399 706 2444; x_wconf 88' lang='lat' dir='ltr'>constituit</span> <span class='ocrx_word' id='word_1_301' title='bbox 736 2400 782 2443; x_wconf 90' lang='lat' dir='ltr'>in</span> <span class='ocrx_word' id='word_1_302' title='bbox 813 2415 863 2444; x_wconf 94' lang='lat' dir='ltr'>eo</span> <span class='ocrx_word' id='word_1_303' title='bbox 884 2399 1047 2460; x_wconf 92' lang='lat' dir='ltr'>populo</span> <span class='ocrx_word' id='word_1_304' title='bbox 1061 2436 1072 2457; x_wconf 85' lang='lat'>‚</span> <span class='ocrx_word' id='word_1_305' title='bbox 1097 2401 1175 2444; x_wconf 90' lang='lat' dir='ltr'>ubi</span> <span class='ocrx_word' id='word_1_306' title='bbox 1196 2401 1432 2446; x_wconf 88' lang='lat' dir='ltr'>humilibus</span> 
     </span>
     <span class='ocr_line' id='line_1_33' title="bbox 54 2469 1433 2530; baseline -0.001 -14"><span class='ocrx_word' id='word_1_307' title='bbox 54 2471 127 2516; x_wconf 88' lang='lat' dir='ltr'>dat</span> <span class='ocrx_word' id='word_1_308' title='bbox 149 2471 344 2529; x_wconf 80' lang='lat' dir='ltr'>gratiam,</span> <span class='ocrx_word' id='word_1_309' title='bbox 362 2485 452 2515; x_wconf 91' lang='lat' dir='ltr'>non</span> <span class='ocrx_word' id='word_1_310' title='bbox 473 2470 519 2514; x_wconf 92' lang='lat' dir='ltr'>in</span> <span class='ocrx_word' id='word_1_311' title='bbox 541 2469 617 2515; x_wconf 92' lang='lat' dir='ltr'>illo</span> <span class='ocrx_word' id='word_1_312' title='bbox 633 2469 710 2515; x_wconf 88' lang='lat' dir='ltr'>ubi</span> <span class='ocrx_word' id='word_1_313' title='bbox 727 2471 923 2530; x_wconf 87' lang='lat' dir='ltr'>superbis</span> <span class='ocrx_word' id='word_1_314' title='bbox 946 2471 1100 2517; x_wconf 86' lang='lat' dir='ltr'>resistit</span> <span class='ocrx_word' id='word_1_315' title='bbox 1115 2492 1126 2530; x_wconf 77' lang='lat'>3</span> <span class='ocrx_word' id='word_1_316' title='bbox 1141 2480 1184 2516; x_wconf 90' lang='lat' dir='ltr'>et</span> <span class='ocrx_word' id='word_1_317' title='bbox 1204 2470 1306 2517; x_wconf 82' lang='lat' dir='ltr'>fecit</span> <span class='ocrx_word' id='word_1_318' title='bbox 1332 2487 1433 2516; x_wconf 89' lang='lat' dir='ltr'>eum</span> 
     </span>
    </p>

    <p class='ocr_par' dir='ltr' id='par_1_4' title="bbox 103 2554 629 2598">
     <span class='ocr_line' id='line_1_34' title="bbox 103 2554 629 2598; baseline 0.002 -12"><span class='ocrx_word' id='word_1_319' title='bbox 103 2563 111 2576; x_wconf 74' lang='lat'><em>&#39;</em></span> <span class='ocrx_word' id='word_1_320' title='bbox 133 2555 212 2589; x_wconf 69' lang='lat' dir='ltr'>Psal,</span> <span class='ocrx_word' id='word_1_321' title='bbox 228 2565 294 2598; x_wconf 76' lang='lat' dir='ltr'>cvr,</span> <span class='ocrx_word' id='word_1_322' title='bbox 313 2554 366 2597; x_wconf 68' lang='lat'>41.</span> <span class='ocrx_word' id='word_1_323' title='bbox 383 2572 425 2579; x_wconf 88' lang='lat'><strong>—</strong></span> <span class='ocrx_word' id='word_1_324' title='bbox 440 2562 452 2578; x_wconf 86' lang='lat'>²</span> <span class='ocrx_word' id='word_1_325' title='bbox 471 2555 553 2587; x_wconf 88' lang='lat' dir='ltr'>Ibid.</span> <span class='ocrx_word' id='word_1_326' title='bbox 574 2555 629 2597; x_wconf 75' lang='lat'>42.</span> 
     </span>
    </p>
   </div>
  </div>
 </body>
</html>
