1848 3261
380 216 463 256 136
818 225 852 256 s.
888 223 1118 256 Aucusnm
1149 227 1330 256 Emscon

373 293 571 353 dialogus
593 294 683 354 ejus
708 302 798 350 est,
821 282 910 339 sive
932 294 1090 354 ipsius,
1130 294 1217 339 sive
1244 294 1460 351 Platonis,
1496 309 1572 340 seu
1604 296 1751 356 cujus-

370 380 561 425 cumque
580 365 731 409 talium
757 380 765 406 :
787 363 969 409 audiunt
990 364 1198 424 imperiti,
1220 365 1380 409 infirmi
1395 365 1572 411 minoris
1590 366 1746 423 cordis,

371 434 469 495 quis
491 434 622 480 audet
643 434 747 479 illuc
776 435 992 495 aspirare?
1024 435 1234 494 Strepitus
1257 450 1407 495 aquae,
1440 445 1484 480 et
1510 435 1628 481 vforte
1650 445 1747 480 tur-

369 506 483 551 batae
494 527 506 564 3
516 515 631 551 certe
642 515 785 550 tamen
798 514 887 550 tam
902 506 1112 565 rapaciter
1120 506 1365 560 ssuentis‚tu
1374 505 1532 550 animal
1543 507 1749 552 timidum

368 593 459 622 non
481 576 638 638 audeat
655 575 852 620 accedere
875 585 918 620 et
936 576 1101 620 bibere.
1123 576 1206 621 Cui
1227 576 1394 631 sonuit,
1417 595 1437 618 «
1461 579 1514 620 In
1535 577 1748 637 principio

370 665 392 690 »
423 648 527 692 fecit
548 650 660 691 Deus
678 645 840 690 coelum
860 655 903 689 et
918 655 1077 690 terram
1090 648 1104 672 ¹
1120 681 1131 701 ‚
1151 665 1172 687 ³)
1189 655 1232 690 et
1248 662 1338 691 non
1358 662 1485 691 ausus
1496 647 1749 691 estbibere‘?

369 718 451 763 Cui
463 726 586 762 sonat
598 717 807 771 Psalmus,
824 725 866 760 et
879 715 994 761 dicat
1010 715 1224 761 :Multum
1238 725 1301 761 est
1318 716 1372 761 ad
1384 718 1479 761 me?
1494 719 1606 762 Ecce
1617 716 1749 762 modo

367 787 490 849 quod
511 796 636 832 sonat
648 787 843 831 Psalmus
863 821 874 842 ,
900 796 1016 831 certe
1035 786 1205 832 occulta
1225 797 1326 831 sunt
1345 787 1550 846 mysteria
1575 807 1583 833 :
1602 796 1749 832 tamen

367 860 427 903 ita
449 868 574 903 sonat
592 894 602 913 ‚
629 867 679 903 ut
700 867 744 902 et
759 873 915 918 pueros
937 856 1088 903 audire
1111 857 1297 903 delectet
1318 893 1328 914 ‚
1352 868 1394 903 et
1415 859 1603 918 imperiti
1625 874 1749 904 acce-

365 929 473 974 dant
494 928 547 987 ad
569 928 812 972 bibendum
829 964 839 984 ,
865 938 908 973 et
926 929 1064 973 satiati
1079 938 1252 973 ructent
1265 929 1310 974 in
1322 929 1563 989 psallendo.
1584 930 1750 974 Bibunt

365 1017 468 1060 ergo
489 1000 678 1045 minores
701 1001 849 1045 bestiae
885 1010 928 1045 et
959 1003 1169 1061 majores3
1199 1000 1276 1045 sed
1307 1001 1503 1061 capacius
1534 1003 1747 1062 majores,

367 1073 469 1133 quia
496 1091 516 1114 «
539 1071 782 1130 Suscipient
804 1070 954 1128 onagri
980 1071 1025 1115 in
1047 1071 1161 1114 sitim
1185 1086 1320 1115 suam.
1343 1089 1364 1112 »
1384 1072 1543 1117 Bibant
1563 1072 1750 1116 minores

366 1142 488 1205 quod
510 1142 676 1187 dictum
700 1151 765 1186 est
797 1161 805 1186 :
826 1161 846 1184 α
872 1142 979 1195 Viri,
1007 1140 1171 1200 diligite
1183 1158 1335 1186 uxores
1362 1152 1546 1198 vestram,
1576 1143 1687 1187 sicut
1708 1152 1752 1187 et

369 1232 391 1256 »
427 1214 623 1259 Christus
645 1212 796 1257 dilexit
829 1212 1082 1256 Ecclesiam.
1109 1212 1311 1256 Mulieres
1337 1213 1439 1257 viris
1457 1214 1543 1256 suis
1565 1212 1752 1257 subditae

366 1303 387 1327 n
407 1282 1116 1328 sint.2»Bibantminores.Dic1u1n
1128 1291 1191 1326 est
1202 1292 1347 1327 autem
1360 1283 1563 1338 Domino,
1574 1302 1590 1322 «
1602 1283 1643 1328 Si
1651 1282 1753 1328 licet

367 1374 388 1397 »
424 1354 642 1398 dimittere
657 1368 834 1397 uxorem
856 1368 906 1396 ex
926 1353 1044 1397 omni
1057 1355 1230 1397 causass?
1247 1372 1266 1393 n
1283 1353 1511 1397 Prohibuit
1524 1354 1748 1409 Dominus,

368 1435 411 1470 et
447 1425 555 1468 dixit
586 1439 677 1468 non
704 1423 848 1467 licere.
878 1442 897 1464 «
924 1428 1017 1467 Non
1045 1423 1186 1477 scitis,
1222 1424 1387 1484 inquit,
1426 1423 1528 1483 quia
1560 1427 1674 1468 Deus
1697 1425 1752 1468 ab

367 1515 389 1538 »
425 1496 548 1540 initio
565 1493 806 1538 masculum
828 1502 869 1538 et
886 1493 1113 1537 foeminam
1136 1492 1263 1537 fecit?
1285 1493 1414 1546 Quod
1435 1497 1548 1538 Deus
1567 1495 1753 1554 conjun-

369 1586 390 1610 »
425 1567 511 1623 xit,
541 1568 673 1611 homo
694 1581 783 1610 non
805 1575 988 1625 separet.
1017 1583 1037 1605 »
1062 1563 1227 1609 Deinde
1250 1564 1444 1620 addidit,
1477 1585 1495 1608 <c
1523 1567 1604 1619 Qui
1622 1565 1753 1610 dimi-

371 1658 392 1681 »
417 1638 518 1683 serit
532 1652 710 1682 uxorem
722 1652 860 1690 suam,
878 1644 1056 1694 excepta
1074 1650 1200 1679 causa
1212 1634 1521 1691 fornicationis,
1537 1635 1640 1681 facit
1658 1652 1755 1680 eam

371 1728 392 1751 ³>
428 1708 662 1759 moechari3
686 1716 729 1751 et
752 1707 786 1750 si
809 1705 937 1750 aliam
959 1705 1156 1760 duxerit,
1184 1706 1444 1750 moechatur.
1469 1724 1489 1747 »
1516 1707 1754 1751 Confirma-

369 1780 432 1824 vit
454 1779 709 1839 compedem
736 1797 745 1822 :
771 1778 856 1821 hoc
879 1775 1051 1836 expedit
1074 1775 1301 1834 colligato3
1328 1777 1446 1835 prius
1469 1785 1613 1834 ageret
1629 1793 1683 1820 ne
1700 1776 1755 1820 li-

373 1859 561 1910 garetur.
595 1868 617 1892 «
641 1848 854 1907 Alligatus
887 1862 930 1891 es
963 1846 1111 1891 uxori?
1139 1861 1194 1889 ne
1225 1847 1443 1906 quaesieris
1473 1846 1749 1891 solutionem.

372 1940 392 1963 n
431 1919 607 1966 Solutus
630 1934 674 1963 es
692 1918 746 1962 ab
769 1933 901 1962 uxore
917 1919 935 1961 Ρ
953 1932 1007 1961 ne
1029 1917 1247 1977 quaesieris
1276 1918 1497 1961 uxorem4.
1525 1936 1546 1958 »
1575 1918 1617 1962 Si
1638 1934 1753 1962 non-

372 1993 478 2037 dum
500 2006 544 2035 es
567 2005 754 2048 onager,
781 1999 823 2034 et
852 1988 1017 2033 solutus
1039 1988 1094 2032 ab
1128 2003 1260 2032 uxore
1278 2023 1288 2043 ,
1315 1988 1448 2031 habes
1470 1988 1532 2031 ibi
1561 1988 1681 2049 quod
1711 1998 1754 2033 et

371 2063 495 2123 lepus
512 2061 634 2105 bibas
661 2079 669 2104 :
696 2069 739 2103 et
756 2060 789 2103 si
811 2059 1022 2119 acceperis
1047 2073 1222 2103 uxorem
1239 2092 1250 2113 ‚
1275 2073 1364 2102 non
1391 2058 1592 2117 peccasti.
1618 2059 1754 2103 Disci-

370 2133 463 2194 puli
499 2141 643 2176 autem
673 2146 774 2175 cum
802 2129 1002 2174 audirent
1025 2129 1192 2173 dictum
1218 2145 1240 2173 a
1271 2129 1478 2183 Domino,
1506 2144 1596 2172 non
1625 2128 1755 2174 licere

374 2202 466 2249 ullo
484 2202 616 2247 modo
638 2210 796 2261 praeter
817 2216 989 2244 causam
1002 2199 1298 2244 fornicationis
1320 2198 1505 2258 disjungi
1523 2200 1723 2258 conjugia
1742 2219 1750 2244 :

381 2294 401 2315 «
425 2274 467 2318 Si
498 2272 593 2327 talis
617 2281 699 2326 est,
731 2271 956 2331 inquiunt,
992 2286 1119 2315 causa
1154 2285 1254 2314 cum
1276 2285 1434 2323 uxore,
1471 2285 1561 2313 non
1583 2270 1756 2329 expedit

378 2364 398 2385 >›
434 2345 607 2388 ducere.
636 2361 657 2383 >›
683 2344 740 2386 Et
762 2341 968 2385 Dominus
986 2376 996 2396 ‚
1025 2361 1045 2383 «
1076 2343 1174 2386 Non
1196 2356 1343 2384 omnes
1365 2339 1543 2399 capiunt
1570 2340 1755 2383 verbum

376 2432 399 2455 >›
432 2415 557 2458 hoc?
587 2432 607 2454 »
632 2415 741 2458 Nam
763 2427 913 2455 verum
936 2411 1097 2466 dicitis,
1124 2411 1226 2472 quia
1247 2410 1281 2455 si
1303 2409 1397 2454 talis
1419 2418 1483 2454 est
1502 2425 1627 2454 causa
1653 2425 1754 2454 cum

429 2516 437 2531 ¹
460 2511 539 2542 Gen.
572 2521 583 2541 1
599 2534 607 2549 ,
643 2520 670 2540 ι.
693 2525 733 2530 -
754 2514 767 2530 ²
792 2507 907 2549 Ephes.
938 2507 1120 2550 v‚2.‘1,25.
1148 2525 1183 2531 ν-
1206 2505 1348 2539 3Matth.
1374 2508 1426 2547 19,
1446 2506 1510 2546 3-9,
1545 2522 1584 2528 -—
1603 2503 1619 2533 4
1648 2517 1659 2537 1
1681 2506 1750 2537 Cor.

376 2575 478 2607 11‚27.
501 2582 541 2588 --
561 2563 699 2598 ⁵Matth.
724 2575 793 2606 111,
819 2573 931 2596 10-12.
