1848 3261
409 210 465 248 52
831 217 866 245 s.
901 216 1132 246 AUGUSTIM
1164 218 1344 245 Enscom

406 293 615 345 perpetua
638 284 692 327 sit
713 298 797 328 vox
818 283 1089 328 interiorum.
1115 284 1228 327 Cum
1250 281 1454 327 convenis
1477 279 1532 324 ad
1553 278 1789 323 Ecclesiam

405 356 623 413 hymnum
647 353 812 409 dicere,
837 363 960 398 sonat
983 369 1065 398 vox
1085 363 1157 397 tua
1179 352 1330 396 laudes
1352 351 1429 396 Dei
1448 371 1459 408 3
1484 346 1624 394 dixisti
1646 365 1789 409 quan-

408 434 504 469 tum
523 424 726 484 potuisti,
752 422 980 468 discessisti
999 443 1008 468 :
1033 431 1157 468 sonet
1173 423 1314 466 anima
1336 431 1410 465 tua
1427 420 1576 464 laudes
1599 421 1690 464 Dei.
1704 422 1791 464 Ne-

409 496 574 554 gotium
597 494 685 553 agis
707 513 716 538 :
740 493 889 537 laudet
908 497 1046 538 Deum
1070 493 1212 537 anima
1234 501 1323 536 tua.
1343 491 1500 536 Cibum
1526 491 1667 549 capis:
1691 488 1790 533 vide

407 565 516 626 quid
536 565 596 609 ait
616 563 847 623 Apostolus
869 583 878 607 z
903 582 921 605 «
950 565 1046 608 Sive
1068 562 1337 607 manducatis
1359 597 1370 612 ,
1395 561 1482 606 sive
1504 561 1652 604 bibitis
1669 595 1680 613 ‚
1703 575 1790 604 om-

409 654 430 677 »
467 636 538 679 nia
563 635 607 678 in
631 633 811 692 gloriam
834 634 911 676 Dei
939 633 1108 678 facite1.
1133 653 1152 674 n
1179 633 1332 677 Audeo
1355 631 1498 676 dicere
1517 666 1527 685 ‚
1560 646 1661 675 cum
1686 629 1790 675 dor-

408 705 487 748 mis
504 739 514 759 ,
535 704 763 747 benedicat
780 705 921 747 anima
944 713 1016 747 tua
1036 704 1283 747 Dominum.
1310 705 1407 747 Non
1429 711 1471 745 te
1494 702 1651 746 excitet
1672 700 1792 759 cogi-

411 776 514 819 tatio
535 772 687 833 flagitii
702 808 713 828 ,
732 789 821 818 non
838 783 878 817 te
901 774 1056 818 excitet
1078 774 1302 832 dispositio
1326 772 1447 827 furti,
1465 787 1554 816 non
1575 781 1618 815 te
1635 771 1792 815 excitet

407 844 609 888 condicta
641 843 752 888 forte
779 844 1015 903 corruptio.
1056 843 1309 888 Innocentia
1344 853 1419 887 tua
1456 842 1586 885 etiam
1619 841 1665 884 in
1687 840 1791 884 dor-

406 915 568 959 miente
583 929 666 959 vox
680 924 743 958 est
765 915 920 958 animae
942 923 1043 957 tuae.
1060 933 1081 955 «
1105 913 1315 967 Benedic‚
1342 913 1484 956 anima
1507 927 1618 965 mea,
1641 910 1791 955 Domi-

412 1005 431 1027 »
468 1001 574 1030 num
591 1021 601 1040 ,
628 995 672 1029 et
693 985 838 1029 omnia
857 985 1060 1028 interiora
1081 999 1176 1028 mea
1192 1020 1202 1039 ‚
1229 1000 1390 1028 nomen
1413 992 1611 1027 sanctum
1634 983 1739 1041 ejus.
1768 999 1789 1022 »

468 1059 550 1100 III.
578 1075 598 1097 «
623 1056 832 1109 Benedic‚
856 1055 998 1098 anima
1014 1070 1126 1103 mea,
1150 1055 1397 1107 Dominum,
1422 1063 1465 1097 et
1486 1053 1577 1097 noli
1598 1051 1793 1097 oblivisci

412 1145 431 1168 »
467 1142 616 1170 omnes
631 1126 936 1170 retributiones
955 1127 1044 1185 ejus
1058 1127 1091 1169 2.
1112 1125 1316 1178 Benedic,
1340 1124 1498 1184 iuquit,
1517 1125 1660 1167 anima
1677 1137 1788 1177 mea,

412 1215 432 1238 »
468 1197 717 1241 Dominum.
748 1215 767 1237 »
791 1196 904 1249 Quid
926 1205 989 1239 est
1009 1196 1149 1239 anima
1167 1197 1275 1239 tua?
1297 1195 1452 1239 Omnia
1473 1194 1677 1238 interiora
1699 1202 1790 1237 tua.

412 1287 432 1309 «
467 1267 671 1322 Remedio,
689 1267 831 1311 anima
848 1283 959 1321 mea,
985 1267 1233 1311 Dominum.
1248 1266 1497 1325 »Repetitio
1517 1264 1573 1309 ad
1591 1266 1794 1309 exhorta-

408 1338 569 1382 tionem
587 1337 715 1382 valet.
734 1340 790 1381 Ut
807 1347 952 1381 autem
971 1337 1200 1380 benedicas
1218 1352 1387 1396 semper
1404 1335 1649 1389 Dominum,
1666 1334 1793 1381 «Noli

412 1425 432 1448 »
468 1406 663 1451 oblivisci
686 1422 835 1451 omnes
856 1407 1161 1450 retributiones
1183 1408 1323 1466 ejus.»
1355 1408 1398 1451 Si
1420 1405 1708 1460 oblivisceris,
1725 1414 1794 1449 ta-

409 1477 542 1522 cebis.
567 1480 665 1523 Non
687 1486 832 1520 autem
855 1486 1063 1536 poterunt
1081 1486 1180 1521 ante
1203 1477 1352 1521 000105
1370 1487 1467 1521 tuos
1489 1491 1578 1519 esse
1600 1475 1793 1520 retribu-

410 1547 549 1591 tiones
577 1547 776 1601 Domini,
801 1547 883 1590 nisi
905 1557 1005 1590 ante
1028 1547 1176 1591 oculos
1198 1556 1296 1591 tuos
1317 1546 1481 1607 fuerint
1501 1555 1679 1605 peccata
1701 1555 1791 1590 tua.

410 1620 508 1662 Non
536 1617 590 1661 sit
611 1627 710 1661 ante
732 1616 881 1661 oculos
906 1627 1003 1660 tuos
1022 1617 1252 1661 delectatio
1275 1617 1481 1676 praeteriti
1504 1616 1670 1676 peccati
1684 1651 1696 1671 ‚
1719 1614 1797 1660 sed

411 1687 464 1731 sit
481 1696 580 1730 ante
603 1686 750 1730 oculos
768 1695 866 1731 tuos
888 1687 1111 1731 damnatio
1134 1687 1299 1746 peccati
1322 1706 1330 1731 ;
1353 1686 1574 1730 damnatio
1595 1702 1619 1730 a
1638 1696 1681 1730 te
1696 1721 1707 1741 ,
1728 1701 1797 1730 re-

411 1757 555 1801 missio
573 1773 596 1800 a
619 1760 722 1801 Deo.
758 1759 862 1800 Haec
885 1757 1001 1800 enim
1024 1757 1224 1801 retribuit
1245 1757 1455 1801 Dominus
1470 1792 1480 1811 ‚
1506 1766 1556 1800 ut
1574 1757 1706 1816 possis
1729 1756 1796 1800 di-

411 1844 507 1872 cere
526 1847 535 1873 :
565 1847 584 1869 «
605 1827 717 1880 Quid
743 1827 980 1871 retribuam
998 1828 1183 1872 Domino
1200 1864 1211 1882 ,
1237 1844 1316 1887 pro
1339 1828 1541 1872 omnibus
1561 1844 1660 1887 quae
1678 1828 1796 1872 retri-

414 1916 435 1939 »
470 1899 568 1942 buit
583 1898 688 1941 mihi
702 1899 745 1940 3?
761 1917 779 1939 »
795 1901 887 1942 Hoc
903 1898 1019 1941 enim
1034 1898 1352 1943 considerantes
1364 1901 1592 1956 Martyres⁷
1607 1912 1796 1958 quorum

412 1968 540 2011 etiam
574 1967 827 2010 memoriam
865 1967 994 2010 hodie
1031 1967 1300 2011 celebramus
1315 2003 1326 2022 ,
1359 1977 1402 2011 et
1434 1982 1583 2011 omnes
1615 1968 1796 2012 omnino

412 2038 548 2082 sancti
565 2037 642 2097 qui
663 2037 796 2081 vitam
816 2037 940 2080 istam
963 2046 1336 2096 contempserunt,
1357 2046 1400 2080 et
1422 2037 1534 2081 sicut
1553 2036 1730 2082 audistis
1752 2038 1797 2082 in

412 2107 605 2167 Epistola
626 2107 824 2161 Joannis,
850 2106 1013 2150 animas
1033 2122 1130 2150 suas
1155 2122 1232 2165 pro
1263 2107 1468 2150 tratribus
1499 2108 1792 2166 posuerunt⁴‚

413 2195 511 2239 quae
534 2187 597 2222 est
618 2176 824 2237 perfectio
846 2177 1064 2221 charitatis
1080 2212 1091 2232 ,
1117 2177 1289 2221 dicente
1311 2177 1496 2221 Domino
1519 2195 1527 2220 ε
1553 2179 1796 2237 «Majorem

415 2267 436 2292 »
472 2251 723 2294 charitatem
747 2264 874 2292 nemo
898 2249 1054 2302 habet,
1079 2264 1210 2309 quam
1235 2258 1284 2292 ut
1305 2248 1492 2292 animam
1516 2264 1639 2292 suam
1661 2258 1796 2308 ponat

414 2338 436 2362 »
470 2336 549 2381 pro
566 2319 711 2363 amicis
735 2319 820 2363 suis
839 2320 869 2362 ⁵.
898 2338 917 2359 »
942 2322 1035 2363 Hoc
1056 2334 1155 2377 ergo
1177 2319 1497 2363 considerantes
1515 2319 1651 2362 sancti
1675 2322 1795 2363 Mar-

414 2401 530 2448 tyres
545 2426 556 2446 ‚
580 2399 935 2448 contempserunt
957 2391 1118 2434 animas
1140 2405 1236 2433 suas
1254 2389 1325 2433 hic
1343 2423 1353 2444 ‚
1377 2398 1426 2433 ut
1447 2389 1507 2432 ibi
1529 2405 1599 2433 eas
1621 2389 1795 2434 inveni-

462 2494 471 2511 ¹
497 2498 509 2518 ι
531 2490 602 2520 Cor.
623 2497 656 2527 x,
677 2487 730 2519 31.
757 2502 798 2509 —
820 2493 832 2509 ²
852 2486 933 2518 Psal.
957 2496 1011 2526 cn,
1031 2495 1062 2518 2.
1083 2503 1125 2509 —
1140 2484 1153 2509 3
1180 2485 1228 2518 ld.
1253 2496 1326 2526 cxv,
1355 2494 1405 2518 12.
1432 2502 1474 2508 -—
1495 2484 1512 2514 4
1535 2496 1547 2516 1
1565 2487 1655 2517 Joan.
1672 2497 1719 2527 111,
1739 2486 1788 2517 16.

417 2560 457 2568 —
475 2541 490 2567 5
514 2544 604 2575 Joan.
625 2552 680 2583 xit,
704 2542 754 2574 13.
