1848 3261
435 188 677 220 ENARRAno
708 192 754 220 m
785 191 986 221 PsALMUM
1017 194 1132 222 cxlx.
1393 187 1477 226 557

156 258 276 300 VIlI.
306 274 327 298 «
350 256 542 301 Multum
563 258 833 317 peregrinata
854 268 918 302 est
940 259 1082 303 anima
1102 273 1198 303 mea
1215 261 1245 304 ¹.
1274 279 1292 301 »
1319 261 1380 307 Ne
1401 277 1480 322 pe-

96 327 429 384 regrinationem
451 328 720 388 corporalem
740 328 1004 387 intelligeres
1021 364 1031 384 ,
1058 330 1246 374 animam
1271 331 1376 376 dixit
1401 347 1478 392 pe-

95 398 317 455 regrinari.
343 400 510 458 Corpus
537 399 838 459 peregrinatur
856 399 960 445 locis
979 435 990 456 ‚
1015 401 1158 444 anima
1179 403 1478 460 peregrinatur

94 469 338 513 aflectibus.
378 469 421 513 Si
454 470 661 514 amaveris
690 478 850 513 terram
872 506 882 525 ,
919 471 1201 530 peregrinaris
1233 488 1255 515 a
1284 476 1372 517 Deo
1402 493 1413 520 ;
1443 475 1478 518 si

94 541 299 585 amaveris
321 543 489 597 Deum,
515 541 708 585 ascendis
729 541 785 585 ad
818 545 971 586 Deum.
1007 546 1058 586 In
1086 542 1295 586 charitate
1329 545 1405 587 Dei
1435 555 1478 590 et

91 612 275 672 proximi
303 627 577 656 exerceamur
593 648 604 668 ‚
638 623 688 657 ut
710 612 933 657 redeamus
967 613 1022 657 ad
1043 614 1312 658 charitatem.
1341 615 1385 668 Si
1407 631 1479 659 ca-

92 682 246 727 damus
262 683 308 726 in
331 692 503 738 terram,
520 684 825 728 marcescimus
842 693 883 728 et
899 685 1200 743 putrescimus.
1228 688 1313 729 Iste
1331 694 1477 730 autem

91 753 168 814 qui
190 751 428 809 ceciderat,
449 752 704 798 descensum
728 764 790 798 est
812 753 866 798 ad
888 769 988 798 eum
1002 790 1012 810 ,
1040 763 1090 798 ut
1110 755 1375 799 ascenderet.
1400 759 1477 800 In-

90 823 274 868 tendens
296 833 467 883 tempus
488 825 844 884 peregrinationis
864 841 953 868 suae
971 860 982 881 ,
1007 823 1115 869 dixit
1139 840 1183 869 se
1211 827 1476 885 peregrinari

90 894 137 938 in
154 893 445 939 tabernaculis
466 894 622 940 Cedar.
644 897 787 949 Quare
804 897 821 939 Ρ
839 896 947 948 Quia
961 895 1182 940 «Multum
1203 897 1477 956 peregrinata

94 984 115 1008 »
150 975 214 1011 est
243 966 387 1010 anima
413 982 524 1011 mea.
562 985 583 1008 »
610 967 679 1011 Ibi
700 967 1022 1027 peregrinatur,
1047 967 1124 1011 ubi
1147 967 1354 1013 ascendit.
1379 970 1478 1013 Non

90 1052 271 1096 corpore
309 1037 610 1096 peregrinatur
637 1073 649 1093 ,
687 1054 777 1083 non
817 1053 998 1097 corpore
1031 1037 1239 1082 ascendit.
1278 1037 1364 1083 Sed
1399 1038 1479 1082 ubi

91 1107 315 1153 ascendit?
351 1127 371 1150 «
409 1108 719 1164 Ascensiones‚
760 1109 931 1169 inquit,
962 1109 1007 1151 in
1038 1107 1169 1152 corde
1181 1111 1214 1151 ².
1248 1127 1266 1149 »
1299 1109 1343 1152 Si
1375 1121 1478 1168 ergo

92 1177 284 1223 ascendit
312 1180 358 1223 in
395 1180 525 1223 corde
541 1214 551 1234 ,
582 1195 672 1223 non
695 1177 888 1223 ascendit
917 1193 994 1237 per
1017 1178 1283 1222 ascensiones
1303 1179 1445 1223 cordis
1463 1214 1475 1234 ‚

91 1249 174 1293 nisi
190 1249 333 1293 anima
354 1265 454 1310 quae
476 1249 791 1310 peregrinatur.
806 1248 891 1293 Sed
913 1248 1051 1293 donec
1072 1249 1310 1308 perveniat.
1327 1268 1347 1291 «
1367 1248 1479 1294 Mul-

94 1337 116 1361 »
151 1329 245 1364 tum
263 1322 535 1380 peregrinata
559 1329 624 1365 est
649 1321 792 1365 anima
808 1334 919 1364 mea.
938 1337 958 1361 >›
977 1320 1095 1364 Ubi?
1120 1323 1174 1364 In
1188 1318 1480 1365 tabernaculis

92 1390 247 1436 Cedar.

152 1464 230 1506 IX.
260 1463 409 1507 «Cum
424 1461 490 1505 his
509 1460 585 1521 qui
610 1460 799 1505 oderunt
814 1475 967 1520 pacem
982 1495 993 1515 ‚
1026 1474 1145 1504 eram
1169 1459 1425 1519 pacificus&
1456 1479 1476 1501 »

92 1533 256 1576 Verum
283 1541 332 1576 ut
351 1530 558 1586 audiatis,
577 1531 730 1575 fratres
757 1530 994 1575 charissimi
1010 1565 1021 1584 ,
1037 1545 1126 1574 non
1154 1531 1348 1589 poteritis
1377 1544 1480 1590 pro-

93 1602 197 1646 bare
214 1618 344 1662 quam
361 1617 461 1647 vera
482 1602 662 1647 cantetis
682 1602 763 1645 nisi
781 1601 999 1660 coeperitis
1023 1599 1165 1643 facere
1184 1600 1304 1660 quod
1328 1610 1480 1645 canta-

94 1672 162 1717 tis.
191 1672 523 1726 Quantumlibet
549 1670 659 1715 illud
683 1670 851 1725 dicam,
881 1668 1215 1730 quomodolibet
1241 1685 1477 1730 exponam,

93 1743 488 1805 qualibuscumque
522 1742 665 1785 verbis
694 1756 888 1796 versem,
915 1756 1005 1785 non
1024 1740 1158 1784 intrat
1179 1741 1226 1784 in
1252 1756 1326 1785 cor
1357 1743 1476 1802 ejus,

94 1816 140 1859 in
167 1831 255 1874 quo
281 1829 368 1858 non
387 1822 451 1857 est
483 1827 592 1872 opus
620 1812 725 1870 ejus.
755 1811 940 1870 Incipite
965 1824 1091 1869 agere
1111 1845 1122 1864 ‚
1146 1819 1189 1854 et
1211 1811 1354 1876 ridete
1373 1810 1482 1871 quid

94 1884 344 1945 loquamur.
381 1887 501 1927 Tunc
535 1882 589 1926 ad
623 1880 793 1940 singula
826 1881 960 1924 verba
985 1880 1189 1937 lacrymae
1219 1882 1477 1939 profluunt,

96 1966 202 2001 tunc
228 1953 422 1999 Psalmus
443 1962 667 2006 cantatur,
695 1960 738 1995 et
762 1950 868 1995 facit
895 1966 970 1994 cor
988 1950 1108 2010 quod
1127 1950 1173 1993 in
1188 1951 1358 1996 Psalmo
1377 1968 1483 1996 can-

98 2035 228 2071 tatur.
245 2028 386 2078 Quam
403 2023 530 2067 multi
547 2022 663 2066 enim
686 2030 843 2065 sonant
862 2036 996 2075 voce,
1017 2029 1060 2064 et
1077 2019 1207 2068 corde
1224 2022 1333 2065 muti
1350 2024 1481 2067 sunt?

96 2100 154 2141 Et
171 2112 301 2156 quam
318 2095 447 2139 multi
472 2103 617 2138 tacent
643 2090 768 2136 labiis
783 2127 794 2146 ,
816 2100 858 2135 et
880 2091 1067 2135 clamant
1093 2091 1405 2145 affectu?Quia
1426 2093 1482 2137 ad

99 2183 173 2212 cor
190 2166 378 2211 hominis
399 2180 521 2209 aures
536 2164 634 2208 Dei:
651 2164 762 2206 sicut
785 2178 907 2206 aures
923 2161 1114 2220 corporis
1132 2161 1186 2204 ad
1212 2177 1258 2204 os
1274 2162 1477 2219 hominis,

99 2241 157 2284 sic
169 2254 243 2284 cor
255 2238 443 2283 hominis
457 2236 511 2281 ad
530 2251 652 2280 aures
666 2234 757 2278 Dei.
774 2233 904 2279 Multi
920 2233 1064 2277 clauso
1080 2248 1152 2275 ore
1171 2232 1478 2289 exaudiuntur,

99 2320 142 2354 et
159 2309 286 2353 multi
311 2310 357 2352 in
381 2308 545 2365 magnis
571 2305 830 2350 clamoribus
857 2319 946 2348 non
970 2303 1275 2347 exaudiuntur.
1298 2304 1483 2348 Affecti-

100 2380 182 2424 bus
204 2394 325 2423 orare
347 2378 557 2422 dehemus
578 2411 588 2431 ‚
611 2385 654 2419 et
677 2375 818 2419 dicere
841 2394 849 2418 :
879 2394 899 2417 «
920 2373 1106 2419 Multum
1132 2374 1403 2432 peregrinata
1421 2384 1484 2419 est

104 2470 123 2493 ))
160 2450 301 2494 anima
326 2464 420 2493 mea
451 2467 459 2492 z
489 2463 589 2491 cum
612 2447 676 2490 his
701 2446 776 2506 qui
804 2444 992 2490 oderunt
1009 2459 1175 2504 pacem,
1196 2459 1311 2488 cram
1332 2444 1482 2504 pacifi-

153 2542 159 2558 ¹
185 2535 266 2566 Psal.
287 2534 418 2575 cm‚o.
441 2548 481 2555 -—
499 2539 511 2555 ²
532 2531 614 2564 lbid.
635 2542 665 2574 7.
