1848 3261
772 104 812 114 ,κ

389 212 472 250 250
571 226 575 229 ·
808 220 841 249 s.
877 220 1106 250 Anousnm
1139 222 1319 249 Erlscom

388 286 543 347 pulum
563 286 678 330 enim
701 286 777 330 Dei
796 287 1040 346 pertinent,
1072 286 1150 330 etsi
1172 301 1260 330 non
1290 303 1366 346 per
1395 288 1602 332 virtutem
1617 321 1628 342 ,
1648 295 1764 331 certe

387 373 465 418 per
477 357 660 417 speciem
676 357 843 416 pietatis
866 378 874 402 ε
896 357 949 402 de
968 358 1051 401 illis
1073 358 1186 401 enim
1209 359 1452 403 audivimus
1474 357 1732 418 Apostolum
1751 377 1761 402 :

388 448 409 472 «
444 432 496 473 In
513 428 750 473 novissimis
764 429 1030 487 temporibus
1047 429 1271 473 instabunt
1282 439 1476 488 tempora
1491 445 1601 474 saeva
1614 449 1625 485 3
1637 437 1766 472 erunt

387 518 407 542 »
444 500 557 543 enim
581 500 776 543 homines
811 514 854 542 56
886 500 998 558 ipsos
1030 502 1261 543 amantes1.
1291 518 1310 540 »
1343 500 1537 543 Primum
1569 499 1762 553 malum,

387 590 409 614 «
444 573 497 616 Se
514 571 627 629 ipsos
650 579 842 613 amantes
865 589 873 614 :
902 589 922 611 »
951 571 1103 630 utique
1125 571 1205 615 sibi
1227 564 1460 630 placentes.
1482 570 1656 615 Utinam
1685 570 1767 613 sibi

383 641 661 700 displicerent
676 675 686 694 ‚
712 650 755 684 et
778 643 867 684 Deo
894 640 1114 700 placerent
1136 661 1144 686 :
1171 643 1338 685 utinam
1359 643 1404 685 in
1436 641 1767 685 difficultatibus

384 711 696 764 exclamarent,
715 719 795 754 eta
811 711 1136 754 necessitatibus
1161 712 1459 755 liberarentur.
1481 711 1564 756 Sed
1581 710 1768 754 multum

385 781 440 825 de
462 795 506 824 56
529 789 862 839 praesumentes,
885 799 904 821 «
929 782 1059 825 Pauci
1077 781 1180 825 facti
1202 791 1317 843 sunt.
1343 801 1360 823 »
1388 781 1669 826 Manifestum
1686 790 1766 836 est,

384 850 534 895 fratres
561 870 570 895 ι
598 865 745 894 omnes
767 852 842 911 qni
864 866 907 895 se
933 850 1136 896 dividunt
1170 852 1224 895 ab
1257 852 1446 907 unitate,
1482 852 1610 911 pauci
1637 852 1765 895 fiunt.

386 920 515 966 Multi
539 921 652 965 enim
672 931 774 965 sunt
797 943 808 979 3
828 922 902 966 sed
918 922 964 965 in
986 923 1174 977 unitate,
1198 922 1306 966 dum
1326 938 1416 966 non
1438 931 1691 981 separantur
1714 921 1769 965 ab

386 991 568 1035 unitate.
596 993 709 1036 Cum
738 991 853 1035 enim
882 993 1064 1051 coeperit
1081 991 1136 1036 ad
1168 1008 1239 1036 eos
1266 1008 1356 1036 non
1378 992 1594 1052 pertinere
1618 991 1769 1035 multi-

386 1061 496 1108 tudo
518 1063 693 1106 unitatis
709 1098 720 1117 ,
745 1063 788 1106 in
812 1064 965 1106 haeresi
983 1073 1026 1107 et
1046 1064 1091 1107 in
1115 1063 1342 1107 schismate
1370 1063 1498 1121 pauci
1524 1072 1640 1106 sunt.
1670 1081 1690 1104 (ι
1714 1064 1773 1106 Et

392 1152 412 1175 »
448 1135 573 1193 pauci
599 1133 841 1188 factisunt‚
868 1144 910 1178 et
926 1135 1066 1178 vexati
1085 1144 1186 1178 sunt
1213 1151 1235 1178 a
1255 1134 1538 1178 tribulatione
1558 1133 1771 1178 malorum

391 1224 411 1246 »
446 1214 491 1249 et
519 1203 684 1248 dolore.
713 1205 890 1249 Effusus
906 1214 969 1249 est
989 1214 1265 1264 contemptus
1299 1221 1427 1264 super
1449 1205 1705 1264 principes&
1747 1222 1769 1245 »

390 1275 627 1335 Reprobati
658 1275 772 1318 enim
822 1284 924 1320 sunt
953 1276 1007 1319 ab
1034 1275 1223 1320 Ecclesia
1248 1277 1326 1320 Dei
1353 1296 1361 1320 :
1398 1286 1440 1320 et
1475 1276 1637 1334 magis,
1671 1275 1771 1335 quia

387 1346 604 1405 principes
621 1360 709 1388 esse
728 1344 976 1400 voluerunt,
995 1345 1093 1390 ideo
1108 1347 1347 1405 contempti
1365 1356 1482 1400 sunt,
1500 1355 1543 1389 et
1558 1345 1659 1389 facti
1672 1353 1773 1389 sunt

387 1416 445 1461 sal
471 1415 734 1460 infatuatum
758 1417 997 1476 projectum
1018 1415 1181 1473 foras33
1204 1417 1303 1460 ideo
1325 1416 1608 1461 conculcatur
1625 1416 1679 1459 ab
1699 1416 1773 1460 ho-

387 1487 593 1530 minibus.
619 1505 638 1527 «
656 1487 832 1530 Effusus
855 1495 919 1530 est
939 1496 1215 1546 contemptus
1239 1503 1367 1546 super
1388 1487 1618 1546 principes.
1637 1489 1694 1530 Et
1707 1502 1774 1530 56-

390 1575 410 1598 »
446 1557 571 1600 duxit
591 1572 662 1600 eos
683 1557 729 1599 in
750 1557 888 1611 invio,
910 1566 953 1600 et
974 1573 1064 1601 non
1087 1558 1132 1601 in
1153 1558 1236 1601 via.
1265 1575 1285 1598 »
1314 1557 1381 1600 Illi
1403 1557 1597 1616 superius
1618 1557 1663 1600 in
1684 1557 1769 1610 via,

387 1626 450 1670 illi
473 1627 529 1670 ad
550 1626 769 1671 civitatem
802 1626 956 1671 directi
976 1648 988 1685 3
1012 1628 1201 1687 denique
1224 1627 1424 1682 deducti,
1456 1642 1545 1670 non
1567 1627 1735 1671 seducti
1759 1646 1768 1671 ε

386 1699 456 1743 isti
479 1707 625 1742 autem
646 1698 692 1742 in
718 1697 836 1743 invio
852 1697 1033 1743 seducti.
1053 1698 1170 1752 Quid
1195 1708 1278 1752 est,
1309 1718 1327 1740 «
1352 1699 1530 1742 Seduxit
1549 1700 1652 1742 eos?
1669 1701 1773 1742 Tra-

390 1788 410 1811 »
446 1768 558 1813 didit
589 1768 686 1813 illos
716 1772 830 1813 Deus
872 1769 918 1812 in
951 1769 1317 1827 concupiscentias
1351 1768 1492 1812 cordis
1528 1784 1678 1819 eorum
1693 1770 1723 1811 4.
1751 1789 1768 1810 »

392 1841 485 1883 Hoc
501 1848 565 1882 est
582 1839 720 1893 enim,
750 1859 769 1880 «
789 1838 990 1894 Seduxit,
1017 1860 1033 1880 »
1067 1838 1245 1883 donavit
1268 1839 1364 1883 illos
1385 1839 1482 1883 sibi.
1503 1842 1611 1884 Nam
1627 1840 1661 1883 si
1678 1854 1773 1898 pro-

388 1910 480 1970 prie
502 1925 690 1969 quaeras,
718 1910 800 1968 ipsi
823 1926 866 1954 se
894 1910 1124 1954 seducunt.
1151 1929 1167 1949 «
1195 1910 1281 1962 Qui
1310 1911 1426 1953 enim
1466 1919 1592 1969 putat
1614 1925 1657 1953 se
1683 1925 1773 1953 6556

394 1999 415 2022 »
451 1979 637 2040 aliquid,
658 1996 757 2024 cum
790 1979 900 2023 nihil
927 1981 1002 2033 sit,
1035 1996 1079 2024 se
1102 1980 1244 2039 ipsum
1274 1979 1487 2023 seducit-⁴³.
1517 1999 1536 2020 »
1563 1980 1680 2033 Quid
1711 1988 1774 2023 est

389 2066 493 2109 ergo
509 2085 520 2105 ‚
545 2070 565 2092 «
593 2048 771 2094 Seduxit
790 2052 896 2094 eos?
924 2070 940 2090 »
958 2050 1127 2094 Dimisit
1150 2066 1236 2094 eos.
1259 2069 1278 2091 (ι
1304 2053 1355 2093 In
1384 2050 1501 2095 invio
1519 2086 1530 2104 ,
1552 2059 1596 2094 et
1623 2065 1712 2094 non
1730 2050 1774 2092 in

392 2139 412 2162 »
448 2121 530 2164 via.
556 2139 576 2161 »
603 2120 834 2173 Quomodo
857 2120 971 2163 enim
995 2121 1039 2164 in
1062 2121 1125 2164 via
1148 2120 1343 2164 homines
1365 2156 1375 2174 ‚
1413 2121 1488 2180 qui
1511 2129 1680 2179 partem
1707 2129 1773 2164 te-

389 2202 519 2247 nent,
534 2201 576 2236 et
588 2201 730 2236 totum
748 2192 1004 2251 relinquunt
1016 2194 1033 2235 Ρ
1045 2190 1275 2245 Quomodo
1289 2191 1333 2234 in
1347 2192 1439 2235 via?
1457 2196 1561 2244 Quae
1586 2200 1649 2234 est
1670 2205 1772 2248 ergo

389 2264 473 2318 via,
492 2272 566 2307 aut
587 2263 663 2307 ubi
677 2263 923 2320 agnoscitur
941 2263 1006 2305 via
1019 2264 1036 2306 Ρ
1050 2281 1068 2303 (ι
1087 2264 1214 2316 Deus,
1231 2262 1388 2321 inquit,
1408 2261 1662 2305 misereatur
1677 2276 1773 2305 nos-

393 2353 412 2376 »
447 2334 518 2388 tri,
537 2343 580 2377 et
596 2332 825 2377 benedicat
838 2349 931 2387 nos,
953 2332 1172 2376 illuminet
1190 2331 1361 2376 vultum
1382 2347 1509 2375 suum
1529 2347 1658 2390 super
1673 2346 1768 2385 nos,

395 2424 412 2445 »
448 2413 498 2448 ut
510 2418 790 2461 agnoscamus
804 2403 847 2446 in
862 2412 974 2446 terra
989 2403 1103 2447 viam
1116 2412 1250 2446 tuam.
1270 2421 1288 2442 »
1306 2405 1400 2455 Qua
1414 2403 1554 2446 terra?
1574 2421 1593 2443 «
1611 2404 1662 2445 In
1680 2417 1770 2445 om-

440 2507 447 2522 ¹
470 2499 582 2531 2Tim.
598 2510 647 2540 111,
664 2509 694 2531 2.
712 2517 752 2521 -
773 2506 785 2521 ²
805 2498 1092 2540 Psal.CV1,4o.—
1114 2497 1126 2521 3
1143 2498 1257 2530 Matth.
1278 2509 1309 2537 v,
1339 2497 1388 2529 15.
1409 2515 1450 2520 -—-
1473 2498 1488 2526 4
1508 2500 1599 2529 Rom.
1618 2508 1642 2537 ι,
1656 2496 1709 2538 24.
1730 2513 1770 2520 -·

391 2552 406 2576 5
424 2554 490 2587 Gal.
510 2566 555 2595 vi,
575 2554 605 2586 3.
