<?xml version="1.0" encoding="UTF-8"?>
<!DOCTYPE html PUBLIC "-//W3C//DTD XHTML 1.0 Transitional//EN"
    "http://www.w3.org/TR/xhtml1/DTD/xhtml1-transitional.dtd">
<html xmlns="http://www.w3.org/1999/xhtml" xml:lang="en" lang="en">
 <head>
  <title>
</title>
<meta http-equiv="Content-Type" content="text/html;charset=utf-8" />
  <meta name='ocr-system' content='tesseract 3.04.00' />
  <meta name='ocr-capabilities' content='ocr_page ocr_carea ocr_par ocr_line ocrx_word'/>
</head>
<body>
  <div class='ocr_page' id='page_1' title='image "./operaomniaaccura11auguuoft_0388.png"; bbox 0 0 1848 3261; ppageno 0'>
   <div class='ocr_carea' id='block_1_1' title="bbox 369 169 1315 213">
    <p class='ocr_par' dir='ltr' id='par_1_1' title="bbox 369 169 1315 213">
     <span class='ocr_line' id='line_1_1' title="bbox 369 169 1315 213; baseline 0.002 -3"><span class='ocrx_word' id='word_1_1' title='bbox 369 169 454 210; x_wconf 88' lang='grc'>376</span> <span class='ocrx_word' id='word_1_2' title='bbox 801 185 834 213; x_wconf 92' lang='lat' dir='ltr'>s.</span> <span class='ocrx_word' id='word_1_3' title='bbox 871 181 1101 213; x_wconf 73' lang='lat' dir='ltr'>Anssus&#39;mm</span> <span class='ocrx_word' id='word_1_4' title='bbox 1132 184 1315 212; x_wconf 75' lang='lat' dir='ltr'>Enscom</span> 
     </span>
    </p>
   </div>
   <div class='ocr_carea' id='block_1_2' title="bbox 360 248 1798 2564">
    <p class='ocr_par' dir='ltr' id='par_1_2' title="bbox 363 248 1751 718">
     <span class='ocr_line' id='line_1_2' title="bbox 364 248 1746 310; baseline 0.003 -19"><span class='ocrx_word' id='word_1_5' title='bbox 364 262 513 308; x_wconf 85' lang='lat' dir='ltr'>passus</span> <span class='ocrx_word' id='word_1_6' title='bbox 537 256 623 305; x_wconf 85' lang='lat' dir='ltr'>est,</span> <span class='ocrx_word' id='word_1_7' title='bbox 647 248 786 294; x_wconf 87' lang='lat' dir='ltr'>factus</span> <span class='ocrx_word' id='word_1_8' title='bbox 809 259 885 296; x_wconf 90' lang='lat' dir='ltr'>est.</span> <span class='ocrx_word' id='word_1_9' title='bbox 910 253 1020 296; x_wconf 87' lang='lat' dir='ltr'>Nam</span> <span class='ocrx_word' id='word_1_10' title='bbox 1042 249 1196 310; x_wconf 81' lang='lat' dir='ltr'>iniqui</span> <span class='ocrx_word' id='word_1_11' title='bbox 1215 249 1513 305; x_wconf 82' lang='lat' dir='ltr'>aedificabant,</span> <span class='ocrx_word' id='word_1_12' title='bbox 1537 249 1746 310; x_wconf 88' lang='lat' dir='ltr'>reproba-</span> 
     </span>
     <span class='ocr_line' id='line_1_3' title="bbox 364 319 1750 381; baseline 0.002 -19"><span class='ocrx_word' id='word_1_13' title='bbox 364 327 523 363; x_wconf 85' lang='lat' dir='ltr'>verunt</span> <span class='ocrx_word' id='word_1_14' title='bbox 546 338 555 364; x_wconf 91' lang='lat'>:</span> <span class='ocrx_word' id='word_1_15' title='bbox 579 320 715 366; x_wconf 90' lang='lat' dir='ltr'>sedin</span> <span class='ocrx_word' id='word_1_16' title='bbox 737 336 787 365; x_wconf 91' lang='lat' dir='ltr'>eo</span> <span class='ocrx_word' id='word_1_17' title='bbox 804 322 924 381; x_wconf 88' lang='lat' dir='ltr'>quod</span> <span class='ocrx_word' id='word_1_18' title='bbox 946 321 1152 366; x_wconf 80' lang='lat' dir='ltr'>Dominus</span> <span class='ocrx_word' id='word_1_19' title='bbox 1166 321 1334 366; x_wconf 84' lang='lat' dir='ltr'>occulte</span> <span class='ocrx_word' id='word_1_20' title='bbox 1355 320 1623 375; x_wconf 81' lang='lat' dir='ltr'>aedificabat,</span> <span class='ocrx_word' id='word_1_21' title='bbox 1646 319 1750 365; x_wconf 84' lang='lat' dir='ltr'>fecit</span> 
     </span>
     <span class='ocr_line' id='line_1_4' title="bbox 363 390 1749 453; baseline 0.001 -17"><span class='ocrx_word' id='word_1_22' title='bbox 363 390 413 437; x_wconf 88' lang='lat' dir='ltr'>in</span> <span class='ocrx_word' id='word_1_23' title='bbox 430 401 562 451; x_wconf 87' lang='lat' dir='ltr'>caput</span> <span class='ocrx_word' id='word_1_24' title='bbox 583 391 730 450; x_wconf 84' lang='lat' dir='ltr'>anguli</span> <span class='ocrx_word' id='word_1_25' title='bbox 751 392 870 453; x_wconf 90' lang='lat' dir='ltr'>quod</span> <span class='ocrx_word' id='word_1_26' title='bbox 890 392 954 436; x_wconf 90' lang='lat' dir='ltr'>illi</span> <span class='ocrx_word' id='word_1_27' title='bbox 980 393 1336 453; x_wconf 85' lang='lat' dir='ltr'>reprobaverunt.</span> <span class='ocrx_word' id='word_1_28' title='bbox 1349 396 1435 437; x_wconf 83' lang='lat' dir='ltr'>«Et</span> <span class='ocrx_word' id='word_1_29' title='bbox 1455 402 1519 438; x_wconf 89' lang='lat' dir='ltr'>est</span> <span class='ocrx_word' id='word_1_30' title='bbox 1538 392 1749 437; x_wconf 89' lang='lat' dir='ltr'>mirabilis</span> 
     </span>
     <span class='ocr_line' id='line_1_5' title="bbox 367 461 1750 518; baseline 0.002 -16"><span class='ocrx_word' id='word_1_31' title='bbox 367 479 389 503; x_wconf 85' lang='lat'>»</span> <span class='ocrx_word' id='word_1_32' title='bbox 425 461 470 506; x_wconf 90' lang='lat' dir='ltr'>in</span> <span class='ocrx_word' id='word_1_33' title='bbox 492 461 628 507; x_wconf 84' lang='lat' dir='ltr'>oculis</span> <span class='ocrx_word' id='word_1_34' title='bbox 645 463 801 507; x_wconf 89' lang='lat' dir='ltr'>nostris</span> <span class='ocrx_word' id='word_1_35' title='bbox 820 481 828 506; x_wconf 75' lang='grc' dir='ltr'>ε</span> <span class='ocrx_word' id='word_1_36' title='bbox 855 483 872 503; x_wconf 88' lang='lat'>»</span> <span class='ocrx_word' id='word_1_37' title='bbox 890 462 936 506; x_wconf 93' lang='lat' dir='ltr'>in</span> <span class='ocrx_word' id='word_1_38' title='bbox 952 463 1087 508; x_wconf 90' lang='lat' dir='ltr'>oculis</span> <span class='ocrx_word' id='word_1_39' title='bbox 1108 462 1322 507; x_wconf 86' lang='lat' dir='ltr'>interioris</span> <span class='ocrx_word' id='word_1_40' title='bbox 1333 463 1537 518; x_wconf 83' lang='lat' dir='ltr'>hominis,</span> <span class='ocrx_word' id='word_1_41' title='bbox 1552 463 1595 507; x_wconf 90' lang='lat' dir='ltr'>in</span> <span class='ocrx_word' id='word_1_42' title='bbox 1615 461 1750 507; x_wconf 90' lang='lat' dir='ltr'>oculis</span> 
     </span>
     <span class='ocr_line' id='line_1_6' title="bbox 365 531 1751 592; baseline -0.001 -16"><span class='ocrx_word' id='word_1_43' title='bbox 365 531 637 576; x_wconf 86' lang='lat' dir='ltr'>credentium</span> <span class='ocrx_word' id='word_1_44' title='bbox 656 567 667 587; x_wconf 83' lang='lat'>‚</span> <span class='ocrx_word' id='word_1_45' title='bbox 693 532 973 591; x_wconf 82' lang='lat' dir='ltr'>sperantium,</span> <span class='ocrx_word' id='word_1_46' title='bbox 999 532 1275 592; x_wconf 82' lang='lat' dir='ltr'>diligentium</span> <span class='ocrx_word' id='word_1_47' title='bbox 1293 553 1303 590; x_wconf 78' lang='lat'>3</span> <span class='ocrx_word' id='word_1_48' title='bbox 1327 548 1417 577; x_wconf 90' lang='lat' dir='ltr'>non</span> <span class='ocrx_word' id='word_1_49' title='bbox 1438 533 1482 576; x_wconf 90' lang='lat' dir='ltr'>in</span> <span class='ocrx_word' id='word_1_50' title='bbox 1501 531 1637 577; x_wconf 86' lang='lat' dir='ltr'>oculis</span> <span class='ocrx_word' id='word_1_51' title='bbox 1653 547 1751 577; x_wconf 87' lang='lat' dir='ltr'>car-</span> 
     </span>
     <span class='ocr_line' id='line_1_7' title="bbox 365 602 1751 664; baseline -0.001 -16"><span class='ocrx_word' id='word_1_52' title='bbox 365 602 538 648; x_wconf 86' lang='lat' dir='ltr'>nalibus</span> <span class='ocrx_word' id='word_1_53' title='bbox 560 617 733 658; x_wconf 80' lang='lat' dir='ltr'>eorum,</span> <span class='ocrx_word' id='word_1_54' title='bbox 765 603 840 663; x_wconf 88' lang='lat' dir='ltr'>qui</span> <span class='ocrx_word' id='word_1_55' title='bbox 867 603 990 664; x_wconf 84' lang='lat' dir='ltr'>quasi</span> <span class='ocrx_word' id='word_1_56' title='bbox 1008 604 1232 649; x_wconf 89' lang='lat' dir='ltr'>hominem</span> <span class='ocrx_word' id='word_1_57' title='bbox 1253 603 1576 649; x_wconf 88' lang='lat' dir='ltr'>contemnendo</span> <span class='ocrx_word' id='word_1_58' title='bbox 1598 618 1751 664; x_wconf 81' lang='lat' dir='ltr'>repro-</span> 
     </span>
     <span class='ocr_line' id='line_1_8' title="bbox 365 673 597 718; baseline 0 -1"><span class='ocrx_word' id='word_1_59' title='bbox 365 673 597 718; x_wconf 82' lang='lat' dir='ltr'>baverunt.</span> 
     </span>
    </p>

    <p class='ocr_par' dir='ltr' id='par_1_3' title="bbox 364 743 1756 1371">
     <span class='ocr_line' id='line_1_9' title="bbox 423 743 1754 806; baseline 0.001 -18"><span class='ocrx_word' id='word_1_60' title='bbox 423 746 547 788; x_wconf 85' lang='lat' dir='ltr'>XIX.</span> <span class='ocrx_word' id='word_1_61' title='bbox 571 763 590 786; x_wconf 87' lang='lat'>«</span> <span class='ocrx_word' id='word_1_62' title='bbox 616 745 697 789; x_wconf 89' lang='lat' dir='ltr'>Hic</span> <span class='ocrx_word' id='word_1_63' title='bbox 719 754 781 790; x_wconf 91' lang='lat' dir='ltr'>est</span> <span class='ocrx_word' id='word_1_64' title='bbox 803 744 893 789; x_wconf 92' lang='lat' dir='ltr'>dies</span> <span class='ocrx_word' id='word_1_65' title='bbox 913 780 924 801; x_wconf 85' lang='lat'>,</span> <span class='ocrx_word' id='word_1_66' title='bbox 949 760 1081 806; x_wconf 87' lang='lat' dir='ltr'>quem</span> <span class='ocrx_word' id='word_1_67' title='bbox 1103 745 1206 791; x_wconf 88' lang='lat' dir='ltr'>fecit</span> <span class='ocrx_word' id='word_1_68' title='bbox 1226 745 1482 791; x_wconf 84' lang='lat' dir='ltr'>Dominus1.</span> <span class='ocrx_word' id='word_1_69' title='bbox 1511 762 1532 787; x_wconf 89' lang='lat'>»</span> <span class='ocrx_word' id='word_1_70' title='bbox 1552 743 1754 790; x_wconf 83' lang='lat' dir='ltr'>Meminit</span> 
     </span>
     <span class='ocr_line' id='line_1_10' title="bbox 364 814 1754 876; baseline 0.001 -18"><span class='ocrx_word' id='word_1_71' title='bbox 364 814 445 859; x_wconf 87' lang='lat' dir='ltr'>iste</span> <span class='ocrx_word' id='word_1_72' title='bbox 467 815 600 859; x_wconf 90' lang='lat' dir='ltr'>homo</span> <span class='ocrx_word' id='word_1_73' title='bbox 622 830 666 859; x_wconf 85' lang='lat' dir='ltr'>se</span> <span class='ocrx_word' id='word_1_74' title='bbox 688 814 842 860; x_wconf 79' lang='lat' dir='ltr'><strong>dixisse</strong></span> <span class='ocrx_word' id='word_1_75' title='bbox 864 816 909 860; x_wconf 88' lang='lat' dir='ltr'>in</span> <span class='ocrx_word' id='word_1_76' title='bbox 933 817 1225 876; x_wconf 84' lang='lat' dir='ltr'>superioribus</span> <span class='ocrx_word' id='word_1_77' title='bbox 1248 816 1428 861; x_wconf 88' lang='lat' dir='ltr'>Psalmis</span> <span class='ocrx_word' id='word_1_78' title='bbox 1450 835 1458 860; x_wconf 93' lang='lat'>:</span> <span class='ocrx_word' id='word_1_79' title='bbox 1487 835 1508 859; x_wconf 91' lang='lat'>«</span> <span class='ocrx_word' id='word_1_80' title='bbox 1538 816 1754 869; x_wconf 80' lang='lat' dir='ltr'>Quoniam</span> 
     </span>
     <span class='ocr_line' id='line_1_11' title="bbox 368 885 1755 942; baseline 0.002 -15"><span class='ocrx_word' id='word_1_81' title='bbox 368 902 389 926; x_wconf 85' lang='lat'>»</span> <span class='ocrx_word' id='word_1_82' title='bbox 424 885 651 931; x_wconf 88' lang='lat' dir='ltr'>inclinavit</span> <span class='ocrx_word' id='word_1_83' title='bbox 678 902 826 931; x_wconf 86' lang='lat' dir='ltr'>aurem</span> <span class='ocrx_word' id='word_1_84' title='bbox 855 903 978 932; x_wconf 86' lang='lat' dir='ltr'>suam</span> <span class='ocrx_word' id='word_1_85' title='bbox 1008 887 1140 942; x_wconf 84' lang='lat' dir='ltr'>mihi,</span> <span class='ocrx_word' id='word_1_86' title='bbox 1177 896 1220 932; x_wconf 92' lang='lat' dir='ltr'>et</span> <span class='ocrx_word' id='word_1_87' title='bbox 1251 887 1298 931; x_wconf 88' lang='lat' dir='ltr'>in</span> <span class='ocrx_word' id='word_1_88' title='bbox 1319 886 1471 931; x_wconf 88' lang='lat' dir='ltr'>diebus</span> <span class='ocrx_word' id='word_1_89' title='bbox 1499 887 1604 930; x_wconf 90' lang='lat' dir='ltr'>meis</span> <span class='ocrx_word' id='word_1_90' title='bbox 1630 887 1755 930; x_wconf 84' lang='lat' dir='ltr'>invo-</span> 
     </span>
     <span class='ocr_line' id='line_1_12' title="bbox 367 955 1755 1003; baseline 0.001 -5"><span class='ocrx_word' id='word_1_91' title='bbox 367 974 390 998; x_wconf 89' lang='lat'>»</span> <span class='ocrx_word' id='word_1_92' title='bbox 425 958 573 1002; x_wconf 76' lang='lat' dir='ltr'>cavi2:</span> <span class='ocrx_word' id='word_1_93' title='bbox 603 976 622 999; x_wconf 89' lang='lat'>»</span> <span class='ocrx_word' id='word_1_94' title='bbox 652 958 741 1003; x_wconf 89' lang='lat' dir='ltr'>dies</span> <span class='ocrx_word' id='word_1_95' title='bbox 762 974 860 1003; x_wconf 90' lang='lat' dir='ltr'>suos</span> <span class='ocrx_word' id='word_1_96' title='bbox 888 974 1232 1003; x_wconf 85' lang='lat' dir='ltr'>commemorans</span> <span class='ocrx_word' id='word_1_97' title='bbox 1258 967 1438 1002; x_wconf 89' lang='lat' dir='ltr'>veteres.</span> <span class='ocrx_word' id='word_1_98' title='bbox 1475 955 1601 1002; x_wconf 82' lang='lat' dir='ltr'>Unde</span> <span class='ocrx_word' id='word_1_99' title='bbox 1623 957 1755 1001; x_wconf 91' lang='lat' dir='ltr'>modo</span> 
     </span>
     <span class='ocr_line' id='line_1_13' title="bbox 367 1026 1754 1089; baseline 0 -17"><span class='ocrx_word' id='word_1_100' title='bbox 367 1028 472 1072; x_wconf 88' lang='lat' dir='ltr'>dicit</span> <span class='ocrx_word' id='word_1_101' title='bbox 494 1047 502 1073; x_wconf 94' lang='lat'><strong>:</strong></span> <span class='ocrx_word' id='word_1_102' title='bbox 533 1047 554 1070; x_wconf 84' lang='lat'>«</span> <span class='ocrx_word' id='word_1_103' title='bbox 579 1028 658 1073; x_wconf 90' lang='lat' dir='ltr'>Hic</span> <span class='ocrx_word' id='word_1_104' title='bbox 681 1037 743 1072; x_wconf 91' lang='lat' dir='ltr'>est</span> <span class='ocrx_word' id='word_1_105' title='bbox 764 1028 876 1084; x_wconf 80' lang='lat' dir='ltr'>dies,</span> <span class='ocrx_word' id='word_1_106' title='bbox 903 1044 1034 1089; x_wconf 87' lang='lat' dir='ltr'>quem</span> <span class='ocrx_word' id='word_1_107' title='bbox 1054 1027 1157 1073; x_wconf 89' lang='lat' dir='ltr'>fecit</span> <span class='ocrx_word' id='word_1_108' title='bbox 1177 1028 1387 1073; x_wconf 88' lang='lat' dir='ltr'>Dominus</span> <span class='ocrx_word' id='word_1_109' title='bbox 1409 1046 1419 1072; x_wconf 84' lang='grc'>;</span> <span class='ocrx_word' id='word_1_110' title='bbox 1444 1045 1465 1068; x_wconf 89' lang='lat'>»</span> <span class='ocrx_word' id='word_1_111' title='bbox 1490 1026 1534 1070; x_wconf 89' lang='lat' dir='ltr'>id</span> <span class='ocrx_word' id='word_1_112' title='bbox 1555 1035 1644 1082; x_wconf 82' lang='lat' dir='ltr'>est,</span> <span class='ocrx_word' id='word_1_113' title='bbox 1665 1042 1754 1087; x_wconf 92' lang='lat' dir='ltr'>quo</span> 
     </span>
     <span class='ocr_line' id='line_1_14' title="bbox 365 1098 1756 1160; baseline -0.002 -16"><span class='ocrx_word' id='word_1_114' title='bbox 365 1099 475 1145; x_wconf 88' lang='lat' dir='ltr'>mihi</span> <span class='ocrx_word' id='word_1_115' title='bbox 492 1098 675 1143; x_wconf 86' lang='lat' dir='ltr'>salutem</span> <span class='ocrx_word' id='word_1_116' title='bbox 693 1099 828 1144; x_wconf 82' lang='lat' dir='ltr'>dedit.</span> <span class='ocrx_word' id='word_1_117' title='bbox 853 1101 934 1145; x_wconf 89' lang='lat' dir='ltr'>Hic</span> <span class='ocrx_word' id='word_1_118' title='bbox 955 1109 1018 1145; x_wconf 92' lang='lat' dir='ltr'>est</span> <span class='ocrx_word' id='word_1_119' title='bbox 1038 1100 1142 1154; x_wconf 89' lang='lat' dir='ltr'>dies,</span> <span class='ocrx_word' id='word_1_120' title='bbox 1168 1099 1222 1144; x_wconf 91' lang='lat' dir='ltr'>de</span> <span class='ocrx_word' id='word_1_121' title='bbox 1244 1115 1332 1160; x_wconf 89' lang='lat' dir='ltr'>quo</span> <span class='ocrx_word' id='word_1_122' title='bbox 1349 1098 1457 1143; x_wconf 83' lang='lat' dir='ltr'>dixit</span> <span class='ocrx_word' id='word_1_123' title='bbox 1477 1117 1486 1143; x_wconf 79' lang='lat' dir='ltr'>z</span> <span class='ocrx_word' id='word_1_124' title='bbox 1506 1101 1756 1157; x_wconf 89' lang='lat' dir='ltr'>«Tempore</span> 
     </span>
     <span class='ocr_line' id='line_1_15' title="bbox 371 1167 1751 1229; baseline -0.002 -16"><span class='ocrx_word' id='word_1_125' title='bbox 371 1188 392 1213; x_wconf 87' lang='lat'>»</span> <span class='ocrx_word' id='word_1_126' title='bbox 428 1170 685 1229; x_wconf 79' lang='lat' dir='ltr'>acceptabili</span> <span class='ocrx_word' id='word_1_127' title='bbox 707 1170 907 1215; x_wconf 80' lang='lat' dir='ltr'>exaudivi</span> <span class='ocrx_word' id='word_1_128' title='bbox 929 1180 973 1215; x_wconf 91' lang='lat' dir='ltr'>te</span> <span class='ocrx_word' id='word_1_129' title='bbox 988 1206 999 1226; x_wconf 83' lang='lat'>‚</span> <span class='ocrx_word' id='word_1_130' title='bbox 1031 1180 1075 1215; x_wconf 92' lang='lat' dir='ltr'>et</span> <span class='ocrx_word' id='word_1_131' title='bbox 1094 1171 1139 1214; x_wconf 91' lang='lat' dir='ltr'>in</span> <span class='ocrx_word' id='word_1_132' title='bbox 1162 1169 1232 1214; x_wconf 86' lang='lat' dir='ltr'>die</span> <span class='ocrx_word' id='word_1_133' title='bbox 1253 1169 1402 1213; x_wconf 84' lang='lat' dir='ltr'>salutis</span> <span class='ocrx_word' id='word_1_134' title='bbox 1432 1167 1577 1229; x_wconf 83' lang='lat' dir='ltr'>adjuvi</span> <span class='ocrx_word' id='word_1_135' title='bbox 1605 1177 1648 1212; x_wconf 90' lang='lat' dir='ltr'>te</span> <span class='ocrx_word' id='word_1_136' title='bbox 1663 1170 1677 1194; x_wconf 72' lang='grc'>3</span> <span class='ocrx_word' id='word_1_137' title='bbox 1698 1187 1707 1213; x_wconf 88' lang='lat'>:</span> <span class='ocrx_word' id='word_1_138' title='bbox 1731 1186 1751 1210; x_wconf 86' lang='lat'>»</span> 
     </span>
     <span class='ocr_line' id='line_1_16' title="bbox 368 1239 1751 1300; baseline 0 -16"><span class='ocrx_word' id='word_1_139' title='bbox 368 1239 414 1284; x_wconf 89' lang='lat' dir='ltr'>id</span> <span class='ocrx_word' id='word_1_140' title='bbox 436 1249 500 1284; x_wconf 90' lang='lat' dir='ltr'>est</span> <span class='ocrx_word' id='word_1_141' title='bbox 518 1266 536 1295; x_wconf 84' lang='lat'>‚—</span> <span class='ocrx_word' id='word_1_142' title='bbox 565 1241 654 1284; x_wconf 91' lang='lat' dir='ltr'>dies</span> <span class='ocrx_word' id='word_1_143' title='bbox 676 1256 764 1300; x_wconf 88' lang='lat' dir='ltr'>quo</span> <span class='ocrx_word' id='word_1_144' title='bbox 791 1240 864 1284; x_wconf 91' lang='lat' dir='ltr'>ille</span> <span class='ocrx_word' id='word_1_145' title='bbox 892 1240 1104 1286; x_wconf 81' lang='lat' dir='ltr'>mediator</span> <span class='ocrx_word' id='word_1_146' title='bbox 1131 1239 1269 1284; x_wconf 79' lang='lat' dir='ltr'>factus</span> <span class='ocrx_word' id='word_1_147' title='bbox 1287 1249 1350 1284; x_wconf 90' lang='lat' dir='ltr'>est</span> <span class='ocrx_word' id='word_1_148' title='bbox 1371 1240 1416 1283; x_wconf 89' lang='lat' dir='ltr'>in</span> <span class='ocrx_word' id='word_1_149' title='bbox 1437 1248 1569 1299; x_wconf 87' lang='lat' dir='ltr'>caput</span> <span class='ocrx_word' id='word_1_150' title='bbox 1586 1239 1751 1299; x_wconf 83' lang='lat' dir='ltr'>anguli.</span> 
     </span>
     <span class='ocr_line' id='line_1_17' title="bbox 373 1309 1387 1371; baseline -0.001 -19"><span class='ocrx_word' id='word_1_151' title='bbox 373 1329 394 1353; x_wconf 93' lang='lat'>«</span> <span class='ocrx_word' id='word_1_152' title='bbox 428 1309 687 1356; x_wconf 81' lang='lat' dir='ltr'>Exultemus</span> <span class='ocrx_word' id='word_1_153' title='bbox 710 1325 810 1368; x_wconf 83' lang='lat' dir='ltr'>ergo</span> <span class='ocrx_word' id='word_1_154' title='bbox 833 1320 876 1355; x_wconf 92' lang='lat' dir='ltr'>et</span> <span class='ocrx_word' id='word_1_155' title='bbox 891 1311 1187 1371; x_wconf 82' lang='lat' dir='ltr'>jucundemur</span> <span class='ocrx_word' id='word_1_156' title='bbox 1209 1310 1255 1354; x_wconf 91' lang='lat' dir='ltr'>in</span> <span class='ocrx_word' id='word_1_157' title='bbox 1273 1325 1340 1355; x_wconf 92' lang='lat' dir='ltr'>eo.</span> <span class='ocrx_word' id='word_1_158' title='bbox 1366 1328 1387 1351; x_wconf 85' lang='lat'>»</span> 
     </span>
    </p>

    <p class='ocr_par' dir='ltr' id='par_1_4' title="bbox 368 1379 1798 1795">
     <span class='ocr_line' id='line_1_18' title="bbox 427 1379 1755 1439; baseline -0.002 -14"><span class='ocrx_word' id='word_1_159' title='bbox 427 1383 526 1425; x_wconf 90' lang='lat' dir='ltr'>XX.</span> <span class='ocrx_word' id='word_1_160' title='bbox 538 1382 599 1424; x_wconf 82' lang='lat' dir='ltr'>«O</span> <span class='ocrx_word' id='word_1_161' title='bbox 610 1380 803 1435; x_wconf 88' lang='lat' dir='ltr'>Domine,</span> <span class='ocrx_word' id='word_1_162' title='bbox 819 1381 985 1425; x_wconf 89' lang='lat' dir='ltr'>salvum</span> <span class='ocrx_word' id='word_1_163' title='bbox 998 1396 1068 1424; x_wconf 89' lang='lat' dir='ltr'>me</span> <span class='ocrx_word' id='word_1_164' title='bbox 1084 1380 1166 1438; x_wconf 75' lang='lat' dir='ltr'>fac3</span> <span class='ocrx_word' id='word_1_165' title='bbox 1177 1396 1202 1425; x_wconf 96' lang='lat' dir='ltr'>o</span> <span class='ocrx_word' id='word_1_166' title='bbox 1216 1380 1414 1434; x_wconf 81' lang='lat' dir='ltr'>Domine,</span> <span class='ocrx_word' id='word_1_167' title='bbox 1427 1379 1540 1423; x_wconf 87' lang='lat' dir='ltr'>bene</span> <span class='ocrx_word' id='word_1_168' title='bbox 1550 1394 1755 1439; x_wconf 82' lang='lat' dir='ltr'>prospera</span> 
     </span>
     <span class='ocr_line' id='line_1_19' title="bbox 370 1450 1751 1507; baseline 0 -14"><span class='ocrx_word' id='word_1_169' title='bbox 370 1469 391 1494; x_wconf 83' lang='lat'>&gt;›</span> <span class='ocrx_word' id='word_1_170' title='bbox 427 1452 509 1496; x_wconf 87' lang='lat' dir='ltr'>iter</span> <span class='ocrx_word' id='word_1_171' title='bbox 530 1453 678 1496; x_wconf 72' lang='lat' dir='ltr'>ver04.</span> <span class='ocrx_word' id='word_1_172' title='bbox 703 1470 723 1493; x_wconf 90' lang='lat'>»</span> <span class='ocrx_word' id='word_1_173' title='bbox 750 1452 858 1504; x_wconf 84' lang='lat' dir='ltr'>Quia</span> <span class='ocrx_word' id='word_1_174' title='bbox 878 1451 968 1496; x_wconf 85' lang='lat' dir='ltr'>dies</span> <span class='ocrx_word' id='word_1_175' title='bbox 990 1452 1137 1496; x_wconf 89' lang='lat' dir='ltr'>salutis</span> <span class='ocrx_word' id='word_1_176' title='bbox 1160 1461 1224 1496; x_wconf 91' lang='lat' dir='ltr'>est</span> <span class='ocrx_word' id='word_1_177' title='bbox 1239 1487 1250 1507; x_wconf 89' lang='lat'>,</span> <span class='ocrx_word' id='word_1_178' title='bbox 1275 1471 1294 1493; x_wconf 75' lang='grc' dir='ltr'>α</span> <span class='ocrx_word' id='word_1_179' title='bbox 1328 1450 1504 1496; x_wconf 87' lang='lat' dir='ltr'>Salvum</span> <span class='ocrx_word' id='word_1_180' title='bbox 1526 1466 1596 1494; x_wconf 92' lang='lat' dir='ltr'>me</span> <span class='ocrx_word' id='word_1_181' title='bbox 1617 1450 1700 1495; x_wconf 80' lang='lat' dir='ltr'>fac.</span> <span class='ocrx_word' id='word_1_182' title='bbox 1729 1469 1751 1493; x_wconf 84' lang='lat'>»</span> 
     </span>
     <span class='ocr_line' id='line_1_20' title="bbox 368 1522 1798 1582; baseline -0.001 -15"><span class='ocrx_word' id='word_1_183' title='bbox 368 1523 480 1577; x_wconf 82' lang='lat' dir='ltr'>Quia</span> <span class='ocrx_word' id='word_1_184' title='bbox 502 1522 556 1567; x_wconf 91' lang='lat' dir='ltr'>de</span> <span class='ocrx_word' id='word_1_185' title='bbox 577 1522 818 1582; x_wconf 80' lang='lat' dir='ltr'>longinqua</span> <span class='ocrx_word' id='word_1_186' title='bbox 836 1523 1181 1582; x_wconf 77' lang='lat' dir='ltr'>peregrinatione</span> <span class='ocrx_word' id='word_1_187' title='bbox 1203 1530 1465 1567; x_wconf 88' lang='lat' dir='ltr'>revertentes</span> <span class='ocrx_word' id='word_1_188' title='bbox 1486 1522 1756 1582; x_wconf 82' lang='lat' dir='ltr'>sejungimur</span> <span class='ocrx_word' id='word_1_189' title='bbox 1794 1558 1798 1559; x_wconf 15' lang='grc' dir='ltr'><em>γ</em></span> 
     </span>
     <span class='ocr_line' id='line_1_21' title="bbox 369 1593 1751 1653; baseline -0.002 -14"><span class='ocrx_word' id='word_1_190' title='bbox 369 1593 425 1640; x_wconf 83' lang='lat' dir='ltr'>ab</span> <span class='ocrx_word' id='word_1_191' title='bbox 460 1593 518 1637; x_wconf 92' lang='lat' dir='ltr'>eis</span> <span class='ocrx_word' id='word_1_192' title='bbox 547 1593 624 1653; x_wconf 88' lang='lat' dir='ltr'>qui</span> <span class='ocrx_word' id='word_1_193' title='bbox 646 1593 828 1636; x_wconf 84' lang='lat' dir='ltr'>oderant</span> <span class='ocrx_word' id='word_1_194' title='bbox 850 1608 997 1652; x_wconf 78' lang='lat' dir='ltr'>paceni</span> <span class='ocrx_word' id='word_1_195' title='bbox 1013 1628 1023 1648; x_wconf 84' lang='lat'>‚</span> <span class='ocrx_word' id='word_1_196' title='bbox 1061 1609 1162 1638; x_wconf 89' lang='lat' dir='ltr'>cum</span> <span class='ocrx_word' id='word_1_197' title='bbox 1184 1593 1344 1653; x_wconf 87' lang='lat' dir='ltr'>quibus</span> <span class='ocrx_word' id='word_1_198' title='bbox 1366 1607 1534 1636; x_wconf 88' lang='lat' dir='ltr'>eramus</span> <span class='ocrx_word' id='word_1_199' title='bbox 1556 1593 1724 1652; x_wconf 82' lang='lat' dir='ltr'>pacifici</span> <span class='ocrx_word' id='word_1_200' title='bbox 1739 1628 1751 1649; x_wconf 86' lang='lat'>‚</span> 
     </span>
     <span class='ocr_line' id='line_1_22' title="bbox 369 1663 1755 1723; baseline -0.001 -14"><span class='ocrx_word' id='word_1_201' title='bbox 369 1673 529 1709; x_wconf 85' lang='lat' dir='ltr'>etcum</span> <span class='ocrx_word' id='word_1_202' title='bbox 551 1663 831 1723; x_wconf 84' lang='lat' dir='ltr'>loqueremur</span> <span class='ocrx_word' id='word_1_203' title='bbox 863 1663 922 1707; x_wconf 89' lang='lat' dir='ltr'>cis</span> <span class='ocrx_word' id='word_1_204' title='bbox 940 1698 950 1718; x_wconf 86' lang='lat'>‚</span> <span class='ocrx_word' id='word_1_205' title='bbox 986 1663 1267 1707; x_wconf 80' lang='lat' dir='ltr'>debellabant</span> <span class='ocrx_word' id='word_1_206' title='bbox 1288 1679 1365 1707; x_wconf 91' lang='lat' dir='ltr'>nos</span> <span class='ocrx_word' id='word_1_207' title='bbox 1385 1663 1538 1721; x_wconf 82' lang='lat' dir='ltr'>gratis⁵</span> <span class='ocrx_word' id='word_1_208' title='bbox 1556 1684 1567 1721; x_wconf 78' lang='lat'>3</span> <span class='ocrx_word' id='word_1_209' title='bbox 1594 1682 1611 1704; x_wconf 83' lang='lat'>«</span> <span class='ocrx_word' id='word_1_210' title='bbox 1637 1665 1755 1707; x_wconf 89' lang='lat' dir='ltr'>Bene</span> 
     </span>
     <span class='ocr_line' id='line_1_23' title="bbox 370 1733 1749 1795; baseline 0 -18"><span class='ocrx_word' id='word_1_211' title='bbox 370 1753 390 1777; x_wconf 85' lang='lat'>&gt;›</span> <span class='ocrx_word' id='word_1_212' title='bbox 427 1749 626 1795; x_wconf 84' lang='lat' dir='ltr'>prospera</span> <span class='ocrx_word' id='word_1_213' title='bbox 649 1734 730 1777; x_wconf 86' lang='lat' dir='ltr'>iter</span> <span class='ocrx_word' id='word_1_214' title='bbox 750 1752 769 1775; x_wconf 64' lang='lat'>³&gt;</span> <span class='ocrx_word' id='word_1_215' title='bbox 793 1733 1092 1787; x_wconf 84' lang='lat' dir='ltr'>redeuntibus,</span> <span class='ocrx_word' id='word_1_216' title='bbox 1110 1734 1211 1794; x_wconf 86' lang='lat' dir='ltr'>quia</span> <span class='ocrx_word' id='word_1_217' title='bbox 1229 1742 1277 1777; x_wconf 83' lang='lat' dir='ltr'>tu</span> <span class='ocrx_word' id='word_1_218' title='bbox 1293 1734 1419 1777; x_wconf 90' lang='lat' dir='ltr'>nobis</span> <span class='ocrx_word' id='word_1_219' title='bbox 1441 1733 1580 1777; x_wconf 83' lang='lat' dir='ltr'>sactus</span> <span class='ocrx_word' id='word_1_220' title='bbox 1599 1749 1642 1777; x_wconf 89' lang='lat' dir='ltr'>es</span> <span class='ocrx_word' id='word_1_221' title='bbox 1665 1734 1749 1779; x_wconf 91' lang='lat' dir='ltr'>via.</span> 
     </span>
    </p>

    <p class='ocr_par' dir='ltr' id='par_1_5' title="bbox 360 1803 1754 2429">
     <span class='ocr_line' id='line_1_24' title="bbox 425 1803 1749 1864; baseline -0.002 -15"><span class='ocrx_word' id='word_1_222' title='bbox 425 1807 549 1849; x_wconf 84' lang='lat' dir='ltr'>XXI.</span> <span class='ocrx_word' id='word_1_223' title='bbox 575 1803 871 1848; x_wconf 87' lang='lat' dir='ltr'>«Benedictus</span> <span class='ocrx_word' id='word_1_224' title='bbox 886 1804 1001 1847; x_wconf 85' lang='lat' dir='ltr'>enim</span> <span class='ocrx_word' id='word_1_225' title='bbox 1015 1805 1091 1864; x_wconf 90' lang='lat' dir='ltr'>qui</span> <span class='ocrx_word' id='word_1_226' title='bbox 1108 1804 1284 1848; x_wconf 82' lang='lat' dir='ltr'>venitin</span> <span class='ocrx_word' id='word_1_227' title='bbox 1300 1804 1475 1848; x_wconf 87' lang='lat' dir='ltr'>nomine</span> <span class='ocrx_word' id='word_1_228' title='bbox 1498 1804 1704 1848; x_wconf 62' lang='lat' dir='ltr'>Dominiss.</span> <span class='ocrx_word' id='word_1_229' title='bbox 1728 1822 1749 1847; x_wconf 88' lang='lat'>»</span> 
     </span>
     <span class='ocr_line' id='line_1_25' title="bbox 368 1874 1754 1934; baseline -0.001 -13"><span class='ocrx_word' id='word_1_230' title='bbox 368 1875 625 1921; x_wconf 83' lang='lat' dir='ltr'>Maledictus</span> <span class='ocrx_word' id='word_1_231' title='bbox 656 1890 758 1933; x_wconf 80' lang='lat' dir='ltr'>ergo</span> <span class='ocrx_word' id='word_1_232' title='bbox 791 1874 862 1918; x_wconf 88' lang='lat' dir='ltr'>ille</span> <span class='ocrx_word' id='word_1_233' title='bbox 886 1875 960 1934; x_wconf 86' lang='lat' dir='ltr'>qui</span> <span class='ocrx_word' id='word_1_234' title='bbox 997 1875 1116 1919; x_wconf 82' lang='lat' dir='ltr'>venit</span> <span class='ocrx_word' id='word_1_235' title='bbox 1148 1875 1192 1918; x_wconf 91' lang='lat' dir='ltr'>in</span> <span class='ocrx_word' id='word_1_236' title='bbox 1219 1874 1396 1919; x_wconf 85' lang='lat' dir='ltr'>nomine</span> <span class='ocrx_word' id='word_1_237' title='bbox 1427 1890 1504 1919; x_wconf 90' lang='lat' dir='ltr'>suo</span> <span class='ocrx_word' id='word_1_238' title='bbox 1537 1894 1546 1919; x_wconf 72' lang='grc' dir='ltr'>ε</span> <span class='ocrx_word' id='word_1_239' title='bbox 1577 1875 1687 1919; x_wconf 89' lang='lat' dir='ltr'>sicut</span> <span class='ocrx_word' id='word_1_240' title='bbox 1707 1875 1754 1920; x_wconf 88' lang='lat' dir='ltr'>in</span> 
     </span>
     <span class='ocr_line' id='line_1_26' title="bbox 366 1944 1754 2003; baseline -0.001 -12"><span class='ocrx_word' id='word_1_241' title='bbox 366 1945 604 2003; x_wconf 79' lang='lat' dir='ltr'>Evangelio</span> <span class='ocrx_word' id='word_1_242' title='bbox 626 1944 756 1999; x_wconf 79' lang='lat' dir='ltr'>dicit,</span> <span class='ocrx_word' id='word_1_243' title='bbox 787 1964 803 1985; x_wconf 93' lang='lat'>«</span> <span class='ocrx_word' id='word_1_244' title='bbox 832 1948 924 2003; x_wconf 85' lang='lat' dir='ltr'>Ego</span> <span class='ocrx_word' id='word_1_245' title='bbox 945 1945 1046 1989; x_wconf 87' lang='lat' dir='ltr'>veni</span> <span class='ocrx_word' id='word_1_246' title='bbox 1068 1946 1112 1988; x_wconf 90' lang='lat' dir='ltr'>in</span> <span class='ocrx_word' id='word_1_247' title='bbox 1126 1945 1301 1989; x_wconf 86' lang='lat' dir='ltr'>nomine</span> <span class='ocrx_word' id='word_1_248' title='bbox 1318 1947 1454 1989; x_wconf 81' lang='lat' dir='ltr'>Patris</span> <span class='ocrx_word' id='word_1_249' title='bbox 1476 1946 1586 2000; x_wconf 82' lang='lat' dir='ltr'>mei,</span> <span class='ocrx_word' id='word_1_250' title='bbox 1604 1954 1646 1989; x_wconf 90' lang='lat' dir='ltr'>ct</span> <span class='ocrx_word' id='word_1_251' title='bbox 1663 1962 1754 1991; x_wconf 90' lang='lat' dir='ltr'>non</span> 
     </span>
     <span class='ocr_line' id='line_1_27' title="bbox 367 2014 1754 2075; baseline 0 -15"><span class='ocrx_word' id='word_1_252' title='bbox 367 2015 590 2075; x_wconf 83' lang='lat' dir='ltr'>accepistis</span> <span class='ocrx_word' id='word_1_253' title='bbox 612 2030 679 2058; x_wconf 87' lang='lat' dir='ltr'>me</span> <span class='ocrx_word' id='word_1_254' title='bbox 706 2015 765 2058; x_wconf 92' lang='lat' dir='ltr'>:si</span> <span class='ocrx_word' id='word_1_255' title='bbox 787 2014 894 2058; x_wconf 87' lang='lat' dir='ltr'>alius</span> <span class='ocrx_word' id='word_1_256' title='bbox 917 2016 1084 2059; x_wconf 73' lang='lat' dir='ltr'>venerit</span> <span class='ocrx_word' id='word_1_257' title='bbox 1099 2015 1145 2058; x_wconf 89' lang='lat' dir='ltr'>in</span> <span class='ocrx_word' id='word_1_258' title='bbox 1167 2016 1344 2059; x_wconf 87' lang='lat' dir='ltr'>nomine</span> <span class='ocrx_word' id='word_1_259' title='bbox 1366 2031 1468 2070; x_wconf 81' lang='lat' dir='ltr'>suo,</span> <span class='ocrx_word' id='word_1_260' title='bbox 1496 2015 1621 2059; x_wconf 82' lang='lat' dir='ltr'>illum</span> <span class='ocrx_word' id='word_1_261' title='bbox 1645 2016 1754 2060; x_wconf 88' lang='lat' dir='ltr'>acci-</span> 
     </span>
     <span class='ocr_line' id='line_1_28' title="bbox 368 2084 1752 2146; baseline 0.004 -19"><span class='ocrx_word' id='word_1_262' title='bbox 368 2103 390 2127; x_wconf 84' lang='lat'>»</span> <span class='ocrx_word' id='word_1_263' title='bbox 425 2085 549 2145; x_wconf 86' lang='lat' dir='ltr'>pietis</span> <span class='ocrx_word' id='word_1_264' title='bbox 565 2087 596 2128; x_wconf 91' lang='lat'>⁷.</span> <span class='ocrx_word' id='word_1_265' title='bbox 610 2084 915 2128; x_wconf 73' lang='lat' dir='ltr'>Benediximus</span> <span class='ocrx_word' id='word_1_266' title='bbox 928 2101 1002 2129; x_wconf 85' lang='lat' dir='ltr'>vos</span> <span class='ocrx_word' id='word_1_267' title='bbox 1018 2085 1215 2130; x_wconf 76' lang='lat' dir='ltr'>dedomo</span> <span class='ocrx_word' id='word_1_268' title='bbox 1229 2086 1416 2129; x_wconf 87' lang='lat' dir='ltr'>Domini.</span> <span class='ocrx_word' id='word_1_269' title='bbox 1442 2104 1460 2126; x_wconf 88' lang='lat'>»</span> <span class='ocrx_word' id='word_1_270' title='bbox 1476 2085 1618 2130; x_wconf 88' lang='lat' dir='ltr'>Credo</span> <span class='ocrx_word' id='word_1_271' title='bbox 1632 2086 1752 2146; x_wconf 86' lang='lat' dir='ltr'>quod</span> 
     </span>
     <span class='ocr_line' id='line_1_29' title="bbox 364 2155 1751 2215; baseline 0.001 -15"><span class='ocrx_word' id='word_1_272' title='bbox 364 2155 444 2200; x_wconf 88' lang='lat' dir='ltr'>ista</span> <span class='ocrx_word' id='word_1_273' title='bbox 461 2171 546 2200; x_wconf 72' lang='lat' dir='ltr'>vox</span> <span class='ocrx_word' id='word_1_274' title='bbox 564 2171 823 2214; x_wconf 80' lang='lat' dir='ltr'>magnorum</span> <span class='ocrx_word' id='word_1_275' title='bbox 846 2165 908 2199; x_wconf 87' lang='lat' dir='ltr'>cst</span> <span class='ocrx_word' id='word_1_276' title='bbox 926 2155 981 2199; x_wconf 91' lang='lat' dir='ltr'>ad</span> <span class='ocrx_word' id='word_1_277' title='bbox 997 2155 1195 2215; x_wconf 81' lang='lat' dir='ltr'>pusillos,</span> <span class='ocrx_word' id='word_1_278' title='bbox 1221 2171 1371 2200; x_wconf 81' lang='lat' dir='ltr'>eorum</span> <span class='ocrx_word' id='word_1_279' title='bbox 1385 2156 1546 2200; x_wconf 88' lang='lat' dir='ltr'>scilicet</span> <span class='ocrx_word' id='word_1_280' title='bbox 1568 2172 1751 2215; x_wconf 80' lang='lat' dir='ltr'>magno-</span> 
     </span>
     <span class='ocr_line' id='line_1_30' title="bbox 364 2225 1750 2286; baseline 0.002 -17"><span class='ocrx_word' id='word_1_281' title='bbox 364 2241 490 2281; x_wconf 84' lang='lat' dir='ltr'>rum,</span> <span class='ocrx_word' id='word_1_282' title='bbox 523 2225 599 2286; x_wconf 78' lang='lat' dir='ltr'>qni</span> <span class='ocrx_word' id='word_1_283' title='bbox 625 2226 808 2269; x_wconf 76' lang='lat' dir='ltr'>verbum</span> <span class='ocrx_word' id='word_1_284' title='bbox 839 2229 977 2269; x_wconf 88' lang='lat' dir='ltr'>Deum</span> <span class='ocrx_word' id='word_1_285' title='bbox 1011 2225 1128 2286; x_wconf 87' lang='lat' dir='ltr'>apud</span> <span class='ocrx_word' id='word_1_286' title='bbox 1152 2229 1311 2280; x_wconf 81' lang='lat' dir='ltr'>Deum,</span> <span class='ocrx_word' id='word_1_287' title='bbox 1338 2226 1449 2270; x_wconf 87' lang='lat' dir='ltr'>sicut</span> <span class='ocrx_word' id='word_1_288' title='bbox 1482 2227 1528 2270; x_wconf 90' lang='lat' dir='ltr'>in</span> <span class='ocrx_word' id='word_1_289' title='bbox 1562 2227 1644 2271; x_wconf 88' lang='lat' dir='ltr'>hac</span> <span class='ocrx_word' id='word_1_290' title='bbox 1663 2227 1750 2273; x_wconf 89' lang='lat' dir='ltr'>vita</span> 
     </span>
     <span class='ocr_line' id='line_1_31' title="bbox 364 2297 1748 2357; baseline 0 -17"><span class='ocrx_word' id='word_1_291' title='bbox 364 2306 548 2357; x_wconf 84' lang='lat' dir='ltr'>possunt</span> <span class='ocrx_word' id='word_1_292' title='bbox 567 2332 577 2351; x_wconf 84' lang='lat'>‚</span> <span class='ocrx_word' id='word_1_293' title='bbox 603 2306 748 2340; x_wconf 90' lang='lat' dir='ltr'>mente</span> <span class='ocrx_word' id='word_1_294' title='bbox 778 2297 1066 2354; x_wconf 78' lang='lat' dir='ltr'>contingunt·⁷</span> <span class='ocrx_word' id='word_1_295' title='bbox 1099 2306 1142 2340; x_wconf 86' lang='lat' dir='ltr'>ct</span> <span class='ocrx_word' id='word_1_296' title='bbox 1169 2305 1314 2341; x_wconf 86' lang='lat' dir='ltr'>tamen</span> <span class='ocrx_word' id='word_1_297' title='bbox 1348 2312 1591 2341; x_wconf 87' lang='lat' dir='ltr'>sermonem</span> <span class='ocrx_word' id='word_1_298' title='bbox 1620 2313 1748 2341; x_wconf 85' lang='lat' dir='ltr'>suum</span> 
     </span>
     <span class='ocr_line' id='line_1_32' title="bbox 360 2367 1748 2429; baseline 0.001 -18"><span class='ocrx_word' id='word_1_299' title='bbox 360 2378 538 2429; x_wconf 84' lang='lat' dir='ltr'>propter</span> <span class='ocrx_word' id='word_1_300' title='bbox 559 2367 760 2428; x_wconf 84' lang='lat' dir='ltr'>parvulos</span> <span class='ocrx_word' id='word_1_301' title='bbox 787 2377 1057 2427; x_wconf 79' lang='lat' dir='ltr'>temperant,</span> <span class='ocrx_word' id='word_1_302' title='bbox 1082 2377 1133 2412; x_wconf 92' lang='lat' dir='ltr'>ut</span> <span class='ocrx_word' id='word_1_303' title='bbox 1159 2369 1323 2427; x_wconf 87' lang='lat' dir='ltr'>possint</span> <span class='ocrx_word' id='word_1_304' title='bbox 1355 2369 1576 2413; x_wconf 84' lang='lat' dir='ltr'>sinceriter</span> <span class='ocrx_word' id='word_1_305' title='bbox 1603 2369 1748 2413; x_wconf 85' lang='lat' dir='ltr'>dicere</span> 
     </span>
    </p>

    <p class='ocr_par' dir='ltr' id='par_1_6' title="bbox 365 2463 1742 2564">
     <span class='ocr_line' id='line_1_33' title="bbox 411 2463 1742 2507; baseline 0 -11"><span class='ocrx_word' id='word_1_306' title='bbox 411 2472 421 2488; x_wconf 87' lang='lat'>¹</span> <span class='ocrx_word' id='word_1_307' title='bbox 442 2465 523 2498; x_wconf 80' lang='lat' dir='ltr'>Psal.</span> <span class='ocrx_word' id='word_1_308' title='bbox 541 2476 639 2507; x_wconf 73' lang='lat' dir='ltr'>cxvn,</span> <span class='ocrx_word' id='word_1_309' title='bbox 653 2465 706 2506; x_wconf 59' lang='lat'>24.</span> <span class='ocrx_word' id='word_1_310' title='bbox 727 2483 768 2488; x_wconf 82' lang='lat'>-—-</span> <span class='ocrx_word' id='word_1_311' title='bbox 788 2466 862 2498; x_wconf 79' lang='lat' dir='ltr'>21d.</span> <span class='ocrx_word' id='word_1_312' title='bbox 883 2476 970 2507; x_wconf 73' lang='lat' dir='ltr'>cxiv,</span> <span class='ocrx_word' id='word_1_313' title='bbox 990 2475 1022 2498; x_wconf 83' lang='lat'>2.</span> <span class='ocrx_word' id='word_1_314' title='bbox 1043 2483 1085 2489; x_wconf 90' lang='lat'><strong>—</strong></span> <span class='ocrx_word' id='word_1_315' title='bbox 1104 2463 1116 2488; x_wconf 86' lang='lat'>3</span> <span class='ocrx_word' id='word_1_316' title='bbox 1136 2467 1207 2498; x_wconf 78' lang='lat' dir='ltr'>Isai.</span> <span class='ocrx_word' id='word_1_317' title='bbox 1224 2476 1308 2506; x_wconf 76' lang='lat' dir='ltr'>xmx,</span> <span class='ocrx_word' id='word_1_318' title='bbox 1324 2466 1355 2497; x_wconf 73' lang='grc' dir='ltr'>ὃ.</span> <span class='ocrx_word' id='word_1_319' title='bbox 1376 2483 1417 2488; x_wconf 88' lang='grc'><strong>-</strong></span> <span class='ocrx_word' id='word_1_320' title='bbox 1436 2464 1451 2495; x_wconf 67' lang='grc'>4</span> <span class='ocrx_word' id='word_1_321' title='bbox 1467 2465 1546 2498; x_wconf 85' lang='lat' dir='ltr'>Psal.</span> <span class='ocrx_word' id='word_1_322' title='bbox 1573 2476 1671 2507; x_wconf 78' lang='lat' dir='ltr'>cxvn,</span> <span class='ocrx_word' id='word_1_323' title='bbox 1688 2464 1742 2499; x_wconf 85' lang='lat'>25.</span> 
     </span>
     <span class='ocr_line' id='line_1_34' title="bbox 365 2519 1332 2564; baseline -0.001 -10"><span class='ocrx_word' id='word_1_324' title='bbox 365 2535 405 2544; x_wconf 70' lang='lat'><em>—</em></span> <span class='ocrx_word' id='word_1_325' title='bbox 425 2519 503 2555; x_wconf 81' lang='lat' dir='ltr'>⁵1d.</span> <span class='ocrx_word' id='word_1_326' title='bbox 524 2533 606 2563; x_wconf 78' lang='lat' dir='ltr'>cxix,</span> <span class='ocrx_word' id='word_1_327' title='bbox 627 2534 657 2564; x_wconf 66' lang='grc' dir='ltr'>ς.</span> <span class='ocrx_word' id='word_1_328' title='bbox 679 2540 719 2545; x_wconf 87' lang='lat'>——-</span> <span class='ocrx_word' id='word_1_329' title='bbox 738 2520 752 2541; x_wconf 64' lang='grc' dir='ltr'>Γ*</span> <span class='ocrx_word' id='word_1_330' title='bbox 771 2523 803 2554; x_wconf 80' lang='lat' dir='ltr'>Id</span> <span class='ocrx_word' id='word_1_331' title='bbox 836 2533 932 2563; x_wconf 73' lang='lat' dir='ltr'>cxvir,</span> <span class='ocrx_word' id='word_1_332' title='bbox 955 2523 1008 2554; x_wconf 77' lang='lat'>26.</span> <span class='ocrx_word' id='word_1_333' title='bbox 1026 2539 1066 2545; x_wconf 89' lang='lat'>--</span> <span class='ocrx_word' id='word_1_334' title='bbox 1086 2524 1203 2554; x_wconf 81' lang='lat' dir='ltr'>7Joan.</span> <span class='ocrx_word' id='word_1_335' title='bbox 1226 2534 1259 2563; x_wconf 67' lang='lat' dir='ltr'>v,</span> <span class='ocrx_word' id='word_1_336' title='bbox 1280 2521 1332 2563; x_wconf 63' lang='grc'>43,</span> 
     </span>
    </p>
   </div>
  </div>
 </body>
</html>
