1848 3261
468 255 706 283 ENARRATio
740 257 782 283 m
817 255 1018 283 PSALMUM
1050 258 1084 282 c.
1404 248 1454 285 15

75 321 255 379 peccati.
274 340 293 363 «
310 320 506 379 Superbo
515 319 642 363 oculo
654 329 696 363 et
709 318 941 363 insatiabili
951 318 1098 373 corde,
1111 319 1211 364 huic
1234 335 1323 365 non
1344 336 1453 365 con-

80 409 98 431 »
132 391 348 435 vescebar.
373 407 392 429 n
425 387 542 442 Quid
563 397 651 443 est,
683 407 704 430 «
729 390 826 433 Non
847 387 1167 432 convescebar?
1194 408 1211 428 »
1236 391 1333 434 Non
1355 405 1456 433 cum

72 458 148 503 illo
164 458 494 503 manducabam.
521 456 731 502 Attendat
744 457 940 502 Charitas
963 459 1114 501 Vestra
1134 476 1144 501 ι
1169 457 1272 517 quia
1294 458 1456 501 mirum

75 530 240 590 aliquid
261 528 451 574 audituri
465 529 579 572 estis.
605 528 649 573 Si
665 543 755 572 non
776 527 1116 572 convescebatur
1136 543 1237 572 cum
1254 528 1345 585 illo,
1366 544 1457 573 non

72 600 395 659 manducabat,
417 600 531 645 vesci
554 600 685 655 enim,
710 598 974 643 manducare
992 607 1081 643 est:
1101 614 1180 643 cur
1191 614 1294 658 ergo
1314 600 1459 660 ipsum

71 673 213 732 primo
235 672 469 717 Dominum
501 671 750 716 invenimus
780 671 1064 715 manducasse
1097 686 1198 715 cum
1234 672 1457 731 superbis?

72 745 170 789 Non
192 758 292 787 cum
313 742 557 802 publicanis
579 741 660 786 illis
678 750 722 785 et
740 742 1068 801 peccatoribus,
1088 756 1189 785 nam
1208 742 1290 802 ipsi
1307 742 1458 786 humi-

71 812 132 857 les
155 823 306 860 erant:
330 813 652 872 cognoscebant
672 812 788 856 enim
809 812 1066 871 languorem
1097 820 1226 856 suuni
1241 847 1252 869 ,
1279 822 1322 857 et
1363 827 1458 857 me·-

72 883 219 930 dicum
244 884 539 944 requirebant.
565 884 678 928 Cum
696 882 798 942 ipsis
822 883 1019 942 superbis
1043 883 1266 928 Pharisaeis
1288 883 1459 929 inveni-

72 971 168 999 mus
182 954 305 999 illum
327 953 626 1009 manducasse.
653 956 761 999 Nam
776 954 989 1013 superbus
1008 954 1187 1014 quidam
1202 954 1460 999 invitaverat

71 1025 197 1070 illum
223 1045 232 1071 :
251 1026 342 1086 ipse
363 1035 426 1070 est
461 1025 533 1070 cui
557 1024 775 1084 displicuit
805 1025 907 1084 quia
930 1024 1086 1069 mulier
1106 1025 1338 1085 peccatrix,
1359 1041 1458 1085 quae

71 1106 162 1141 erat
189 1098 236 1141 in
263 1097 436 1142 civitate
457 1095 637 1151 famosa,
662 1096 838 1139 accessit
865 1096 920 1140 ad
940 1096 1072 1155 pedes
1094 1097 1296 1154 Domini,
1330 1105 1373 1140 et
1400 1097 1459 1142 ait

70 1167 115 1211 in
136 1166 266 1211 corde
288 1182 366 1211 suo
391 1186 400 1211 z
426 1169 441 1224 (
463 1166 574 1219 Quia
595 1165 691 1210 talis
710 1175 802 1210 erat
819 1165 1034 1210 munditia
1057 1166 1391 1224 Pharisaeorum,
1408 1176 1459 1210 ut

70 1253 199 1282 nemo
227 1253 298 1282 eos
320 1237 495 1297 iniquus
520 1245 714 1295 tangeret
745 1256 754 1281 z
786 1238 820 1280 si
851 1238 948 1297 quis
979 1236 1076 1283 illos
1104 1237 1358 1283 immundus
1387 1237 1457 1283 vel

69 1308 239 1353 modice
263 1307 489 1366 tetigisset,
522 1308 834 1364 exhorrebant,
868 1323 924 1352 ne
951 1308 1076 1369 quasi
1103 1307 1353 1354 immundos
1385 1323 1457 1353 eos

70 1379 230 1424 faceret
251 1387 388 1423 tactus
414 1378 681 1422 immundus.
707 1381 764 1423 At
790 1378 868 1421 ubi
891 1379 1106 1439 peccatrix
1127 1378 1216 1435 illa,
1243 1396 1342 1439 quae
1367 1388 1459 1424 erat

68 1450 115 1494 in
135 1450 307 1495 civitate
321 1448 499 1505 famosa,
525 1449 702 1494 accessit
716 1449 820 1492 flere
834 1449 890 1493 ad
908 1450 1039 1509 pedes
1053 1450 1238 1506 Domini,
1263 1450 1336 1495 ille
1354 1466 1456 1496 cum

67 1520 236 1565 videret
257 1535 368 1576 eam,
393 1519 500 1564 dixit
520 1520 566 1563 in
592 1519 724 1564 corde
746 1521 901 1578 suo,)«
922 1520 1004 1565 Hic
1032 1521 1066 1565 si
1088 1530 1199 1566 esset
1221 1522 1451 1581 propheta,

72 1609 92 1633 »
127 1591 253 1636 sciret
269 1607 368 1651 quae
393 1590 549 1634 mulier
569 1589 632 1634 illi
653 1590 829 1635 accessit
851 1591 906 1634 ad
932 1591 1064 1651 pedes
1081 1594 1112 1636 ¹.
1148 1610 1169 1634 »
1195 1593 1325 1637 Unde
1343 1592 1455 1637 scie-

67 1663 144 1708 bat
165 1663 268 1724 quia
300 1662 496 1709 Christus
525 1662 722 1718 nescivit,
754 1662 836 1706 nisi
864 1661 967 1707 inde
988 1663 1233 1724 suspicatus,
1255 1675 1320 1710 est
1354 1678 1456 1709 eum

67 1736 266 1790 nescisse,
291 1734 394 1794 quia
414 1748 505 1778 non
533 1749 556 1777 a
577 1748 620 1777 se
641 1732 831 1793 repulit?
852 1734 962 1786 Quia
983 1734 1016 1779 si
1044 1735 1134 1795 ipse
1155 1744 1286 1791 esset,
1313 1735 1456 1795 repel-

67 1806 280 1850 leretase.
303 1806 513 1850 Dominus
533 1814 680 1849 autem
701 1820 792 1850 non
809 1804 950 1849 solum
971 1805 1200 1851 mulierem
1217 1806 1337 1851 illam
1350 1822 1455 1867 pec-

67 1879 272 1923 catricem
303 1886 507 1932 noverat,
543 1876 619 1921 sed
651 1885 695 1920 et
714 1876 829 1920 illius
848 1878 1023 1936 superbi
1049 1877 1232 1923 vulnera
1261 1878 1457 1923 medicus

67 1947 322 1993 insanabilia
338 1948 530 1993 videbat.
550 1948 622 1991 Ait
644 1947 759 1991 enim
781 1962 882 1991 cum
900 1948 1089 1992 audisset
1103 1950 1383 2007 cogitantem,
1405 1958 1456 1993 ut

68 2019 316 2064 ostenderet
335 2017 460 2062 illum
483 2017 748 2077 superbum:
774 2037 794 2060 «
817 2018 990 2074 Simon,
1016 2019 1158 2063 habeo
1187 2019 1353 2080 aliquid
1374 2021 1454 2064 tibi

69 2109 90 2133 »
126 2091 270 2135 dicere
296 2110 305 2135 ε
330 2094 427 2135 Duo
450 2089 670 2133 debitores
697 2098 821 2132 erant
841 2088 1014 2133 cuidam
1037 2088 1318 2149 foeneratori,
1339 2107 1453 2135 unus

69 2179 90 2204 >›
126 2163 166 2206 ei
187 2161 375 2206 debebat
404 2159 722 2221 quinquaginta
750 2158 972 2216 denarios,
1019 2159 1127 2205 alius
1162 2162 1450 2222 quingentos,

69 2251 90 2274 »
125 2248 227 2277 cum
247 2248 338 2276 non
362 2232 576 2276 haberent
601 2230 720 2274 unde
742 2229 992 2286 redderent,
1019 2231 1182 2276 dimisit
1206 2233 1418 2277 ambobus
1439 2252 1448 2277 ;

70 2320 90 2344 »
125 2303 222 2363 quis
248 2318 346 2347 eum
369 2301 467 2362 plus
489 2301 667 2345 dilexit?
693 2319 712 2341 »
739 2303 796 2344 Et
813 2300 886 2344 ille
903 2310 1054 2345 contra
1083 2317 1127 2345 se
1150 2302 1256 2346 dixit
1272 2313 1450 2348 senten-

66 2374 187 2431 tiam,
209 2383 494 2434 extorquente
510 2373 591 2417 sibi
603 2372 918 2417 confessionem
930 2373 1108 2417 veritate
1125 2393 1132 2418 :
1154 2375 1347 2431 «Credo,
1364 2379 1453 2420 Do-

69 2465 88 2488 »
125 2447 256 2502 mine,
289 2447 360 2490 cui
392 2445 490 2505 plus
530 2445 722 2489 donavit.
761 2446 817 2488 Et
853 2460 1086 2489 conversus
1116 2445 1172 2489 ad
1204 2446 1447 2503 mulierem,

70 2535 89 2558 n
126 2516 236 2560 dixit
260 2516 446 2562 Simoni:
462 2515 591 2560 Vides
610 2515 734 2559 istam
754 2514 1006 2559 mulierem?
1029 2516 1192 2562 Intravi
1206 2516 1252 2561 in
1269 2516 1449 2562 domum

116 2608 123 2624 ¹
145 2602 222 2634 Luc.
243 2612 300 2643 vn,
323 2601 375 2643 39.
