<?xml version="1.0" encoding="UTF-8"?>
<!DOCTYPE html PUBLIC "-//W3C//DTD XHTML 1.0 Transitional//EN"
    "http://www.w3.org/TR/xhtml1/DTD/xhtml1-transitional.dtd">
<html xmlns="http://www.w3.org/1999/xhtml" xml:lang="en" lang="en">
 <head>
  <title>
</title>
<meta http-equiv="Content-Type" content="text/html;charset=utf-8" />
  <meta name='ocr-system' content='tesseract 3.04.00' />
  <meta name='ocr-capabilities' content='ocr_page ocr_carea ocr_par ocr_line ocrx_word'/>
</head>
<body>
  <div class='ocr_page' id='page_1' title='image "./operaomniaaccura11auguuoft_0112.png"; bbox 0 0 1848 3261; ppageno 0'>
   <div class='ocr_carea' id='block_1_1' title="bbox 408 161 1310 200">
    <p class='ocr_par' dir='ltr' id='par_1_1' title="bbox 408 161 1310 200">
     <span class='ocr_line' id='line_1_1' title="bbox 408 161 1310 200; baseline 0.002 -2"><span class='ocrx_word' id='word_1_1' title='bbox 408 161 489 199; x_wconf 78' lang='lat'>102</span> <span class='ocrx_word' id='word_1_2' title='bbox 787 173 818 199; x_wconf 81' lang='grc'>3.</span> <span class='ocrx_word' id='word_1_3' title='bbox 869 171 1098 200; x_wconf 62' lang='grc'><strong>3000311111</strong></span> <span class='ocrx_word' id='word_1_4' title='bbox 1132 173 1310 200; x_wconf 57' lang='grc'><strong>1111300111</strong></span> 
     </span>
    </p>
   </div>
   <div class='ocr_carea' id='block_1_2' title="bbox 398 236 1796 2488">
    <p class='ocr_par' dir='ltr' id='par_1_2' title="bbox 398 236 1792 1569">
     <span class='ocr_line' id='line_1_2' title="bbox 402 236 1784 298; baseline 0.001 -18"><span class='ocrx_word' id='word_1_5' title='bbox 402 238 504 298; x_wconf 87' lang='lat' dir='ltr'>quia</span> <span class='ocrx_word' id='word_1_6' title='bbox 537 236 730 297; x_wconf 84' lang='lat' dir='ltr'>quisquis</span> <span class='ocrx_word' id='word_1_7' title='bbox 763 237 990 282; x_wconf 89' lang='lat' dir='ltr'>hominum</span> <span class='ocrx_word' id='word_1_8' title='bbox 1013 254 1145 283; x_wconf 90' lang='lat' dir='ltr'>unam</span> <span class='ocrx_word' id='word_1_9' title='bbox 1166 238 1236 283; x_wconf 92' lang='lat' dir='ltr'>vel</span> <span class='ocrx_word' id='word_1_10' title='bbox 1265 253 1439 298; x_wconf 85' lang='lat' dir='ltr'>parvam</span> <span class='ocrx_word' id='word_1_11' title='bbox 1474 253 1687 283; x_wconf 80' lang='lat' dir='ltr'>cameram</span> <span class='ocrx_word' id='word_1_12' title='bbox 1709 252 1784 282; x_wconf 81' lang='lat' dir='ltr'>ex-</span> 
     </span>
     <span class='ocr_line' id='line_1_3' title="bbox 401 307 1786 367; baseline 0 -15"><span class='ocrx_word' id='word_1_13' title='bbox 401 307 611 362; x_wconf 80' lang='lat' dir='ltr'>tenderit,</span> <span class='ocrx_word' id='word_1_14' title='bbox 637 323 795 367; x_wconf 88' lang='lat' dir='ltr'>magno</span> <span class='ocrx_word' id='word_1_15' title='bbox 828 308 1071 364; x_wconf 75' lang='lat' dir='ltr'>molimine,</span> <span class='ocrx_word' id='word_1_16' title='bbox 1109 323 1265 366; x_wconf 89' lang='lat' dir='ltr'>magno</span> <span class='ocrx_word' id='word_1_17' title='bbox 1286 309 1436 353; x_wconf 87' lang='lat' dir='ltr'>labore</span> <span class='ocrx_word' id='word_1_18' title='bbox 1458 318 1501 353; x_wconf 85' lang='lat' dir='ltr'>et</span> <span class='ocrx_word' id='word_1_19' title='bbox 1528 307 1786 353; x_wconf 88' lang='lat' dir='ltr'>difficultate</span> 
     </span>
     <span class='ocr_line' id='line_1_4' title="bbox 400 378 1788 440; baseline -0.002 -16"><span class='ocrx_word' id='word_1_20' title='bbox 400 395 449 424; x_wconf 86' lang='lat' dir='ltr'>ac</span> <span class='ocrx_word' id='word_1_21' title='bbox 472 379 680 423; x_wconf 86' lang='lat' dir='ltr'>diuturna</span> <span class='ocrx_word' id='word_1_22' title='bbox 699 380 947 439; x_wconf 80' lang='lat' dir='ltr'>operatione</span> <span class='ocrx_word' id='word_1_23' title='bbox 968 379 1014 423; x_wconf 90' lang='lat' dir='ltr'>id</span> <span class='ocrx_word' id='word_1_24' title='bbox 1032 378 1161 438; x_wconf 79' lang='lat' dir='ltr'>facit3</span> <span class='ocrx_word' id='word_1_25' title='bbox 1185 395 1240 423; x_wconf 90' lang='lat' dir='ltr'>ne</span> <span class='ocrx_word' id='word_1_26' title='bbox 1262 379 1511 440; x_wconf 83' lang='lat' dir='ltr'>hujusmodi</span> <span class='ocrx_word' id='word_1_27' title='bbox 1531 378 1727 423; x_wconf 87' lang='lat' dir='ltr'>laborem</span> <span class='ocrx_word' id='word_1_28' title='bbox 1740 378 1788 422; x_wconf 87' lang='lat' dir='ltr'>in</span> 
     </span>
     <span class='ocr_line' id='line_1_5' title="bbox 399 449 1788 510; baseline -0.001 -16"><span class='ocrx_word' id='word_1_29' title='bbox 399 449 478 494; x_wconf 86' lang='lat' dir='ltr'>Dei</span> <span class='ocrx_word' id='word_1_30' title='bbox 496 449 698 509; x_wconf 82' lang='lat' dir='ltr'>operibus</span> <span class='ocrx_word' id='word_1_31' title='bbox 710 450 937 494; x_wconf 85' lang='lat' dir='ltr'>infirmitas</span> <span class='ocrx_word' id='word_1_32' title='bbox 952 450 1240 510; x_wconf 89' lang='lat' dir='ltr'>suspicaretur</span> <span class='ocrx_word' id='word_1_33' title='bbox 1256 450 1462 505; x_wconf 89' lang='lat' dir='ltr'>humana,</span> <span class='ocrx_word' id='word_1_34' title='bbox 1478 449 1624 493; x_wconf 85' lang='lat' dir='ltr'>attulit</span> <span class='ocrx_word' id='word_1_35' title='bbox 1637 463 1788 509; x_wconf 87' lang='lat' dir='ltr'>quam-</span> 
     </span>
     <span class='ocr_line' id='line_1_6' title="bbox 400 517 1787 579; baseline -0.001 -15"><span class='ocrx_word' id='word_1_36' title='bbox 400 519 500 565; x_wconf 85' lang='lat' dir='ltr'>dam</span> <span class='ocrx_word' id='word_1_37' title='bbox 519 519 768 564; x_wconf 78' lang='lat' dir='ltr'>facilitatem</span> <span class='ocrx_word' id='word_1_38' title='bbox 791 536 870 579; x_wconf 89' lang='lat' dir='ltr'>pro</span> <span class='ocrx_word' id='word_1_39' title='bbox 890 529 965 564; x_wconf 88' lang='lat' dir='ltr'>tua</span> <span class='ocrx_word' id='word_1_40' title='bbox 1000 520 1238 579; x_wconf 78' lang='lat' dir='ltr'>capacitate</span> <span class='ocrx_word' id='word_1_41' title='bbox 1252 554 1263 575; x_wconf 90' lang='lat'>,</span> <span class='ocrx_word' id='word_1_42' title='bbox 1288 528 1338 564; x_wconf 92' lang='lat' dir='ltr'>ut</span> <span class='ocrx_word' id='word_1_43' title='bbox 1355 519 1414 564; x_wconf 90' lang='lat' dir='ltr'>sic</span> <span class='ocrx_word' id='word_1_44' title='bbox 1435 520 1627 579; x_wconf 89' lang='lat' dir='ltr'>quodam</span> <span class='ocrx_word' id='word_1_45' title='bbox 1656 517 1787 563; x_wconf 87' lang='lat' dir='ltr'>modo</span> 
     </span>
     <span class='ocr_line' id='line_1_7' title="bbox 399 589 1786 651; baseline -0.002 -15"><span class='ocrx_word' id='word_1_46' title='bbox 399 591 575 651; x_wconf 81' lang='lat' dir='ltr'>incipias</span> <span class='ocrx_word' id='word_1_47' title='bbox 592 592 766 636; x_wconf 88' lang='lat' dir='ltr'>credere</span> <span class='ocrx_word' id='word_1_48' title='bbox 776 590 900 635; x_wconf 85' lang='lat' dir='ltr'>facile</span> <span class='ocrx_word' id='word_1_49' title='bbox 923 601 1175 651; x_wconf 85' lang='lat' dir='ltr'>operantem</span> <span class='ocrx_word' id='word_1_50' title='bbox 1196 595 1336 636; x_wconf 87' lang='lat' dir='ltr'>Deum</span> <span class='ocrx_word' id='word_1_51' title='bbox 1349 627 1360 647; x_wconf 93' lang='lat'>,</span> <span class='ocrx_word' id='word_1_52' title='bbox 1386 600 1429 636; x_wconf 88' lang='lat' dir='ltr'>et</span> <span class='ocrx_word' id='word_1_53' title='bbox 1446 606 1535 635; x_wconf 91' lang='lat' dir='ltr'>non</span> <span class='ocrx_word' id='word_1_54' title='bbox 1551 599 1706 651; x_wconf 87' lang='lat' dir='ltr'>putare</span> <span class='ocrx_word' id='word_1_55' title='bbox 1727 589 1786 634; x_wconf 89' lang='lat' dir='ltr'>sic</span> 
     </span>
     <span class='ocr_line' id='line_1_8' title="bbox 398 660 1790 719; baseline -0.001 -12"><span class='ocrx_word' id='word_1_56' title='bbox 398 679 500 707; x_wconf 91' lang='lat' dir='ltr'>eum</span> <span class='ocrx_word' id='word_1_57' title='bbox 521 661 759 707; x_wconf 78' lang='lat' dir='ltr'>extendisse</span> <span class='ocrx_word' id='word_1_58' title='bbox 777 662 939 707; x_wconf 86' lang='grc'><strong>000111111</strong></span> <span class='ocrx_word' id='word_1_59' title='bbox 956 698 967 717; x_wconf 83' lang='grc'>,</span> <span class='ocrx_word' id='word_1_60' title='bbox 992 663 1102 707; x_wconf 83' lang='lat' dir='ltr'>sicut</span> <span class='ocrx_word' id='word_1_61' title='bbox 1127 673 1177 707; x_wconf 87' lang='lat' dir='ltr'>tu</span> <span class='ocrx_word' id='word_1_62' title='bbox 1197 672 1363 707; x_wconf 85' lang='lat' dir='ltr'>tectum</span> <span class='ocrx_word' id='word_1_63' title='bbox 1386 661 1542 707; x_wconf 90' lang='lat' dir='ltr'>domus</span> <span class='ocrx_word' id='word_1_64' title='bbox 1563 671 1678 719; x_wconf 66' lang='lat' dir='ltr'>tuae,</span> <span class='ocrx_word' id='word_1_65' title='bbox 1710 660 1790 705; x_wconf 81' lang='lat' dir='ltr'>sed</span> 
     </span>
     <span class='ocr_line' id='line_1_9' title="bbox 399 729 1788 794; baseline -0.002 -16"><span class='ocrx_word' id='word_1_66' title='bbox 399 749 530 794; x_wconf 89' lang='lat' dir='ltr'>quam</span> <span class='ocrx_word' id='word_1_67' title='bbox 551 733 632 778; x_wconf 82' lang='lat' dir='ltr'>tibi</span> <span class='ocrx_word' id='word_1_68' title='bbox 654 732 780 777; x_wconf 86' lang='lat' dir='ltr'>facile</span> <span class='ocrx_word' id='word_1_69' title='bbox 814 742 878 777; x_wconf 89' lang='lat' dir='ltr'>est</span> <span class='ocrx_word' id='word_1_70' title='bbox 910 733 1143 778; x_wconf 81' lang='lat' dir='ltr'>extendere</span> <span class='ocrx_word' id='word_1_71' title='bbox 1166 748 1296 777; x_wconf 86' lang='lat' dir='ltr'>unam</span> <span class='ocrx_word' id='word_1_72' title='bbox 1330 731 1490 793; x_wconf 86' lang='lat' dir='ltr'>pellem</span> <span class='ocrx_word' id='word_1_73' title='bbox 1505 768 1516 789; x_wconf 95' lang='lat'>,</span> <span class='ocrx_word' id='word_1_74' title='bbox 1547 741 1636 776; x_wconf 90' lang='lat' dir='ltr'>tam</span> <span class='ocrx_word' id='word_1_75' title='bbox 1660 729 1788 776; x_wconf 88' lang='lat' dir='ltr'>facile</span> 
     </span>
     <span class='ocr_line' id='line_1_10' title="bbox 402 801 1786 863; baseline -0.002 -15"><span class='ocrx_word' id='word_1_76' title='bbox 402 804 464 848; x_wconf 89' lang='lat' dir='ltr'>illi</span> <span class='ocrx_word' id='word_1_77' title='bbox 493 802 622 848; x_wconf 86' lang='lat' dir='ltr'>fuisse</span> <span class='ocrx_word' id='word_1_78' title='bbox 645 802 876 847; x_wconf 77' lang='lat' dir='ltr'>extendere</span> <span class='ocrx_word' id='word_1_79' title='bbox 898 813 986 848; x_wconf 87' lang='lat' dir='ltr'>tam</span> <span class='ocrx_word' id='word_1_80' title='bbox 1014 819 1222 863; x_wconf 85' lang='lat' dir='ltr'>magnum</span> <span class='ocrx_word' id='word_1_81' title='bbox 1245 803 1424 848; x_wconf 81' lang='lat' dir='ltr'>coelum.</span> <span class='ocrx_word' id='word_1_82' title='bbox 1449 804 1559 849; x_wconf 87' lang='lat' dir='ltr'>Mira</span> <span class='ocrx_word' id='word_1_83' title='bbox 1581 801 1786 857; x_wconf 87' lang='lat' dir='ltr'>facilitas,</span> 
     </span>
     <span class='ocr_line' id='line_1_11' title="bbox 400 873 1786 935; baseline -0.002 -16"><span class='ocrx_word' id='word_1_84' title='bbox 400 884 443 919; x_wconf 91' lang='lat' dir='ltr'>et</span> <span class='ocrx_word' id='word_1_85' title='bbox 463 883 610 919; x_wconf 88' lang='lat' dir='ltr'>tamen</span> <span class='ocrx_word' id='word_1_86' title='bbox 627 874 770 918; x_wconf 90' lang='lat' dir='ltr'>adhuc</span> <span class='ocrx_word' id='word_1_87' title='bbox 785 875 968 934; x_wconf 88' lang='lat' dir='ltr'>Spiritus</span> <span class='ocrx_word' id='word_1_88' title='bbox 990 875 1071 919; x_wconf 85' lang='lat' dir='ltr'>tibi</span> <span class='ocrx_word' id='word_1_89' title='bbox 1088 874 1209 919; x_wconf 88' lang='lat' dir='ltr'>tardo</span> <span class='ocrx_word' id='word_1_90' title='bbox 1222 874 1434 935; x_wconf 86' lang='lat' dir='ltr'>loquitur.</span> <span class='ocrx_word' id='word_1_91' title='bbox 1460 874 1572 929; x_wconf 82' lang='lat' dir='ltr'>Tibi,</span> <span class='ocrx_word' id='word_1_92' title='bbox 1588 873 1786 933; x_wconf 87' lang='lat' dir='ltr'>inquam,</span> 
     </span>
     <span class='ocr_line' id='line_1_12' title="bbox 400 944 1790 1005; baseline -0.003 -14"><span class='ocrx_word' id='word_1_93' title='bbox 400 945 542 991; x_wconf 86' lang='lat' dir='ltr'>adhuc</span> <span class='ocrx_word' id='word_1_94' title='bbox 560 944 684 990; x_wconf 86' lang='lat' dir='ltr'>tardo</span> <span class='ocrx_word' id='word_1_95' title='bbox 705 945 901 1005; x_wconf 87' lang='lat' dir='ltr'>loquitur</span> <span class='ocrx_word' id='word_1_96' title='bbox 922 946 1121 1005; x_wconf 83' lang='lat' dir='ltr'>Spiritus.</span> <span class='ocrx_word' id='word_1_97' title='bbox 1150 949 1259 991; x_wconf 91' lang='lat' dir='ltr'>Nam</span> <span class='ocrx_word' id='word_1_98' title='bbox 1281 961 1360 990; x_wconf 91' lang='grc'><strong>1100</strong></span> <span class='ocrx_word' id='word_1_99' title='bbox 1383 946 1442 990; x_wconf 88' lang='grc'>310</span> <span class='ocrx_word' id='word_1_100' title='bbox 1469 944 1662 989; x_wconf 87' lang='lat' dir='ltr'>extendit</span> <span class='ocrx_word' id='word_1_101' title='bbox 1676 947 1790 988; x_wconf 90' lang='lat' dir='ltr'>Deus</span> 
     </span>
     <span class='ocr_line' id='line_1_13' title="bbox 400 1014 1792 1076; baseline -0.002 -15"><span class='ocrx_word' id='word_1_102' title='bbox 400 1016 588 1071; x_wconf 78' lang='lat' dir='ltr'>coelum,</span> <span class='ocrx_word' id='word_1_103' title='bbox 609 1017 720 1060; x_wconf 88' lang='lat' dir='ltr'>sicut</span> <span class='ocrx_word' id='word_1_104' title='bbox 741 1025 783 1059; x_wconf 88' lang='grc'>01</span> <span class='ocrx_word' id='word_1_105' title='bbox 806 1025 854 1060; x_wconf 88' lang='grc'>111</span> <span class='ocrx_word' id='word_1_106' title='bbox 876 1015 1050 1076; x_wconf 89' lang='lat' dir='ltr'>pellem.</span> <span class='ocrx_word' id='word_1_107' title='bbox 1071 1017 1112 1060; x_wconf 90' lang='lat' dir='ltr'>Si</span> <span class='ocrx_word' id='word_1_108' title='bbox 1129 1017 1245 1060; x_wconf 81' lang='lat' dir='ltr'>enim</span> <span class='ocrx_word' id='word_1_109' title='bbox 1259 1018 1317 1061; x_wconf 82' lang='lat' dir='ltr'>sic</span> <span class='ocrx_word' id='word_1_110' title='bbox 1336 1014 1552 1070; x_wconf 84' lang='lat' dir='ltr'>extendit,</span> <span class='ocrx_word' id='word_1_111' title='bbox 1571 1029 1671 1059; x_wconf 86' lang='lat' dir='ltr'>ecce</span> <span class='ocrx_word' id='word_1_112' title='bbox 1692 1022 1792 1058; x_wconf 89' lang='grc'><strong>31110</strong></span> 
     </span>
     <span class='ocr_line' id='line_1_14' title="bbox 399 1083 1792 1147; baseline -0.003 -16"><span class='ocrx_word' id='word_1_113' title='bbox 399 1096 442 1131; x_wconf 91' lang='grc'>10</span> <span class='ocrx_word' id='word_1_114' title='bbox 460 1086 581 1147; x_wconf 87' lang='lat' dir='ltr'>pellis</span> <span class='ocrx_word' id='word_1_115' title='bbox 598 1085 668 1131; x_wconf 85' lang='lat' dir='ltr'>vel</span> <span class='ocrx_word' id='word_1_116' title='bbox 686 1102 839 1145; x_wconf 87' lang='lat' dir='ltr'>rugosa</span> <span class='ocrx_word' id='word_1_117' title='bbox 856 1122 866 1141; x_wconf 78' lang='grc'><strong>,</strong></span> <span class='ocrx_word' id='word_1_118' title='bbox 891 1086 960 1129; x_wconf 87' lang='lat' dir='ltr'>vel</span> <span class='ocrx_word' id='word_1_119' title='bbox 988 1086 1145 1145; x_wconf 85' lang='lat' dir='ltr'>plicata</span> <span class='ocrx_word' id='word_1_120' title='bbox 1171 1087 1377 1146; x_wconf 66' lang='lat' dir='ltr'>ponitur,</span> <span class='ocrx_word' id='word_1_121' title='bbox 1403 1085 1471 1129; x_wconf 86' lang='lat' dir='ltr'>dic</span> <span class='ocrx_word' id='word_1_122' title='bbox 1503 1095 1551 1129; x_wconf 90' lang='lat' dir='ltr'>ut</span> <span class='ocrx_word' id='word_1_123' title='bbox 1583 1083 1792 1129; x_wconf 80' lang='lat' dir='ltr'>extenda-</span> 
     </span>
     <span class='ocr_line' id='line_1_15' title="bbox 400 1155 1791 1215; baseline -0.003 -14"><span class='ocrx_word' id='word_1_124' title='bbox 400 1166 498 1213; x_wconf 88' lang='lat' dir='ltr'>tur,</span> <span class='ocrx_word' id='word_1_125' title='bbox 524 1156 641 1201; x_wconf 91' lang='lat' dir='ltr'>dicto</span> <span class='ocrx_word' id='word_1_126' title='bbox 664 1167 740 1200; x_wconf 89' lang='lat' dir='ltr'>tuo</span> <span class='ocrx_word' id='word_1_127' title='bbox 764 1156 946 1200; x_wconf 79' lang='lat' dir='ltr'>extende</span> <span class='ocrx_word' id='word_1_128' title='bbox 969 1155 1141 1215; x_wconf 89' lang='lat' dir='ltr'>pellem.</span> <span class='ocrx_word' id='word_1_129' title='bbox 1158 1159 1256 1201; x_wconf 84' lang='lat' dir='ltr'>Non</span> <span class='ocrx_word' id='word_1_130' title='bbox 1273 1172 1447 1215; x_wconf 85' lang='lat' dir='ltr'>possum</span> <span class='ocrx_word' id='word_1_131' title='bbox 1465 1191 1476 1210; x_wconf 93' lang='lat'>,</span> <span class='ocrx_word' id='word_1_132' title='bbox 1494 1155 1653 1215; x_wconf 76' lang='lat' dir='ltr'>inquis.</span> <span class='ocrx_word' id='word_1_133' title='bbox 1673 1157 1791 1213; x_wconf 79' lang='lat' dir='ltr'>Ergo</span> 
     </span>
     <span class='ocr_line' id='line_1_16' title="bbox 400 1224 1787 1285; baseline -0.001 -14"><span class='ocrx_word' id='word_1_134' title='bbox 400 1237 444 1272; x_wconf 89' lang='lat' dir='ltr'>et</span> <span class='ocrx_word' id='word_1_135' title='bbox 465 1228 510 1271; x_wconf 91' lang='lat' dir='ltr'>in</span> <span class='ocrx_word' id='word_1_136' title='bbox 533 1226 804 1270; x_wconf 85' lang='lat' dir='ltr'>extendenda</span> <span class='ocrx_word' id='word_1_137' title='bbox 838 1225 951 1285; x_wconf 87' lang='lat' dir='ltr'>pelle</span> <span class='ocrx_word' id='word_1_138' title='bbox 985 1226 1174 1270; x_wconf 87' lang='lat' dir='ltr'>multum</span> <span class='ocrx_word' id='word_1_139' title='bbox 1206 1226 1337 1285; x_wconf 87' lang='lat' dir='ltr'>longe</span> <span class='ocrx_word' id='word_1_140' title='bbox 1359 1242 1402 1270; x_wconf 91' lang='lat' dir='ltr'>es</span> <span class='ocrx_word' id='word_1_141' title='bbox 1425 1241 1447 1270; x_wconf 91' lang='lat' dir='ltr'>a</span> <span class='ocrx_word' id='word_1_142' title='bbox 1466 1225 1671 1269; x_wconf 81' lang='lat' dir='ltr'>facilitate</span> <span class='ocrx_word' id='word_1_143' title='bbox 1692 1224 1787 1269; x_wconf 89' lang='lat' dir='ltr'>Dei.</span> 
     </span>
     <span class='ocr_line' id='line_1_17' title="bbox 405 1295 1790 1358; baseline -0.001 -18"><span class='ocrx_word' id='word_1_144' title='bbox 405 1317 426 1340; x_wconf 71' lang='lat' dir='ltr'>a</span> <span class='ocrx_word' id='word_1_145' title='bbox 461 1301 557 1358; x_wconf 90' lang='lat' dir='ltr'>Ipse</span> <span class='ocrx_word' id='word_1_146' title='bbox 584 1297 698 1340; x_wconf 88' lang='lat' dir='ltr'>enim</span> <span class='ocrx_word' id='word_1_147' title='bbox 723 1296 854 1351; x_wconf 83' lang='lat' dir='ltr'>dixit,</span> <span class='ocrx_word' id='word_1_148' title='bbox 885 1305 928 1340; x_wconf 93' lang='lat' dir='ltr'>et</span> <span class='ocrx_word' id='word_1_149' title='bbox 956 1296 1069 1341; x_wconf 86' lang='lat' dir='ltr'>facta</span> <span class='ocrx_word' id='word_1_150' title='bbox 1092 1299 1239 1342; x_wconf 80' lang='lat' dir='ltr'>sunt1.</span> <span class='ocrx_word' id='word_1_151' title='bbox 1268 1315 1288 1337; x_wconf 69' lang='lat' dir='ltr'>n</span> <span class='ocrx_word' id='word_1_152' title='bbox 1315 1297 1455 1351; x_wconf 81' lang='lat' dir='ltr'>Dixit,</span> <span class='ocrx_word' id='word_1_153' title='bbox 1486 1315 1507 1337; x_wconf 82' lang='lat'>«</span> <span class='ocrx_word' id='word_1_154' title='bbox 1527 1296 1623 1339; x_wconf 85' lang='lat' dir='ltr'>Fiat</span> <span class='ocrx_word' id='word_1_155' title='bbox 1639 1295 1790 1339; x_wconf 89' lang='lat' dir='ltr'>firma-</span> 
     </span>
     <span class='ocr_line' id='line_1_18' title="bbox 404 1365 1786 1427; baseline -0.003 -15"><span class='ocrx_word' id='word_1_156' title='bbox 404 1389 424 1412; x_wconf 84' lang='lat'>»</span> <span class='ocrx_word' id='word_1_157' title='bbox 460 1377 658 1413; x_wconf 87' lang='lat' dir='ltr'>mentum</span> <span class='ocrx_word' id='word_1_158' title='bbox 680 1367 793 1411; x_wconf 89' lang='lat' dir='ltr'>inter</span> <span class='ocrx_word' id='word_1_159' title='bbox 817 1383 975 1427; x_wconf 85' lang='lat' dir='ltr'>aquam</span> <span class='ocrx_word' id='word_1_160' title='bbox 1004 1377 1046 1412; x_wconf 89' lang='lat' dir='ltr'>et</span> <span class='ocrx_word' id='word_1_161' title='bbox 1075 1383 1232 1427; x_wconf 84' lang='lat' dir='ltr'>aquam</span> <span class='ocrx_word' id='word_1_162' title='bbox 1254 1387 1263 1412; x_wconf 73' lang='grc' dir='ltr'>ε</span> <span class='ocrx_word' id='word_1_163' title='bbox 1297 1377 1339 1411; x_wconf 86' lang='grc'>01</span> <span class='ocrx_word' id='word_1_164' title='bbox 1360 1368 1420 1412; x_wconf 93' lang='grc'>310</span> <span class='ocrx_word' id='word_1_165' title='bbox 1442 1365 1608 1410; x_wconf 87' lang='lat' dir='ltr'>sactum</span> <span class='ocrx_word' id='word_1_166' title='bbox 1633 1368 1736 1410; x_wconf 73' lang='lat' dir='ltr'>est2.</span> <span class='ocrx_word' id='word_1_167' title='bbox 1765 1383 1786 1407; x_wconf 88' lang='lat'>»</span> 
     </span>
     <span class='ocr_line' id='line_1_19' title="bbox 405 1437 1791 1499; baseline -0.003 -14"><span class='ocrx_word' id='word_1_168' title='bbox 405 1443 568 1485; x_wconf 81' lang='lat' dir='ltr'>Tamen</span> <span class='ocrx_word' id='word_1_169' title='bbox 590 1448 768 1499; x_wconf 92' lang='lat' dir='ltr'>propter</span> <span class='ocrx_word' id='word_1_170' title='bbox 787 1437 1037 1483; x_wconf 85' lang='lat' dir='ltr'>facilitatem</span> <span class='ocrx_word' id='word_1_171' title='bbox 1054 1439 1380 1498; x_wconf 89' lang='lat' dir='ltr'>significandam</span> <span class='ocrx_word' id='word_1_172' title='bbox 1393 1474 1403 1493; x_wconf 78' lang='lat'>,</span> <span class='ocrx_word' id='word_1_173' title='bbox 1436 1437 1678 1483; x_wconf 90' lang='lat' dir='ltr'>secundum</span> <span class='ocrx_word' id='word_1_174' title='bbox 1692 1452 1791 1482; x_wconf 79' lang='lat' dir='ltr'>sen-</span> 
     </span>
     <span class='ocr_line' id='line_1_20' title="bbox 402 1508 1582 1569; baseline -0.004 -13"><span class='ocrx_word' id='word_1_175' title='bbox 402 1526 499 1556; x_wconf 89' lang='lat' dir='ltr'>sum</span> <span class='ocrx_word' id='word_1_176' title='bbox 520 1520 648 1554; x_wconf 86' lang='lat' dir='ltr'>tuum</span> <span class='ocrx_word' id='word_1_177' title='bbox 673 1509 886 1568; x_wconf 88' lang='lat' dir='ltr'>acceperis</span> <span class='ocrx_word' id='word_1_178' title='bbox 909 1508 1076 1569; x_wconf 88' lang='lat' dir='ltr'>aliquid</span> <span class='ocrx_word' id='word_1_179' title='bbox 1104 1509 1279 1553; x_wconf 89' lang='lat' dir='ltr'>interim</span> <span class='ocrx_word' id='word_1_180' title='bbox 1301 1508 1356 1553; x_wconf 87' lang='lat' dir='ltr'>ad</span> <span class='ocrx_word' id='word_1_181' title='bbox 1378 1508 1582 1553; x_wconf 87' lang='lat' dir='ltr'>litteram.</span> 
     </span>
    </p>

    <p class='ocr_par' dir='ltr' id='par_1_3' title="bbox 401 1576 1796 2488">
     <span class='ocr_line' id='line_1_21' title="bbox 461 1576 1789 1639; baseline -0.002 -15"><span class='ocrx_word' id='word_1_182' title='bbox 461 1583 585 1625; x_wconf 84' lang='lat' dir='ltr'><strong>VIII.</strong></span> <span class='ocrx_word' id='word_1_183' title='bbox 612 1579 817 1638; x_wconf 80' lang='lat' dir='ltr'>Figurate</span> <span class='ocrx_word' id='word_1_184' title='bbox 836 1587 982 1622; x_wconf 90' lang='lat' dir='ltr'>autem</span> <span class='ocrx_word' id='word_1_185' title='bbox 995 1579 1030 1622; x_wconf 90' lang='lat' dir='ltr'>si</span> <span class='ocrx_word' id='word_1_186' title='bbox 1049 1578 1213 1639; x_wconf 84' lang='lat' dir='ltr'>aliquid</span> <span class='ocrx_word' id='word_1_187' title='bbox 1235 1588 1401 1623; x_wconf 90' lang='lat' dir='ltr'>tectum</span> <span class='ocrx_word' id='word_1_188' title='bbox 1419 1578 1554 1636; x_wconf 85' lang='lat' dir='ltr'>retegi</span> <span class='ocrx_word' id='word_1_189' title='bbox 1570 1576 1789 1634; x_wconf 84' lang='lat' dir='ltr'>volumus,</span> 
     </span>
     <span class='ocr_line' id='line_1_22' title="bbox 401 1641 1790 1710; baseline -0.002 -15"><span class='ocrx_word' id='word_1_190' title='bbox 401 1660 444 1695; x_wconf 92' lang='lat' dir='ltr'>et</span> <span class='ocrx_word' id='word_1_191' title='bbox 467 1650 638 1710; x_wconf 87' lang='lat' dir='ltr'>pulsare</span> <span class='ocrx_word' id='word_1_192' title='bbox 654 1648 707 1694; x_wconf 90' lang='lat' dir='ltr'>ad</span> <span class='ocrx_word' id='word_1_193' title='bbox 723 1649 933 1702; x_wconf 86' lang='lat' dir='ltr'>clausum,</span> <span class='ocrx_word' id='word_1_194' title='bbox 947 1641 1193 1693; x_wconf 86' lang='lat' dir='ltr'>invenimus</span> <span class='ocrx_word' id='word_1_195' title='bbox 1214 1649 1452 1693; x_wconf 85' lang='lat' dir='ltr'>extendisse</span> <span class='ocrx_word' id='word_1_196' title='bbox 1466 1651 1606 1693; x_wconf 88' lang='lat' dir='ltr'>Deum</span> <span class='ocrx_word' id='word_1_197' title='bbox 1628 1647 1790 1693; x_wconf 76' lang='lat' dir='ltr'>coelum</span> 
     </span>
     <span class='ocr_line' id='line_1_23' title="bbox 404 1718 1788 1780; baseline -0.001 -14"><span class='ocrx_word' id='word_1_198' title='bbox 404 1722 515 1766; x_wconf 88' lang='lat' dir='ltr'>sicut</span> <span class='ocrx_word' id='word_1_199' title='bbox 531 1720 705 1780; x_wconf 90' lang='lat' dir='ltr'>pellem,</span> <span class='ocrx_word' id='word_1_200' title='bbox 729 1729 779 1764; x_wconf 86' lang='lat' dir='ltr'>ut</span> <span class='ocrx_word' id='word_1_201' title='bbox 800 1718 1094 1778; x_wconf 83' lang='lat' dir='ltr'>intelligamus</span> <span class='ocrx_word' id='word_1_202' title='bbox 1116 1718 1280 1764; x_wconf 86' lang='lat' dir='ltr'>coelum</span> <span class='ocrx_word' id='word_1_203' title='bbox 1295 1728 1488 1764; x_wconf 87' lang='lat' dir='ltr'>sanctam</span> <span class='ocrx_word' id='word_1_204' title='bbox 1504 1719 1788 1778; x_wconf 86' lang='lat' dir='ltr'>Scripturam.</span> 
     </span>
     <span class='ocr_line' id='line_1_24' title="bbox 405 1789 1790 1850; baseline -0.002 -13"><span class='ocrx_word' id='word_1_205' title='bbox 405 1795 529 1838; x_wconf 81' lang='lat' dir='ltr'>Hanc</span> <span class='ocrx_word' id='word_1_206' title='bbox 558 1791 859 1836; x_wconf 89' lang='lat' dir='ltr'>auctoritatem</span> <span class='ocrx_word' id='word_1_207' title='bbox 892 1791 1032 1850; x_wconf 89' lang='lat' dir='ltr'>primo</span> <span class='ocrx_word' id='word_1_208' title='bbox 1068 1790 1215 1850; x_wconf 89' lang='lat' dir='ltr'>posuit</span> <span class='ocrx_word' id='word_1_209' title='bbox 1250 1794 1364 1835; x_wconf 89' lang='lat' dir='ltr'>Deus</span> <span class='ocrx_word' id='word_1_210' title='bbox 1394 1791 1438 1834; x_wconf 91' lang='lat' dir='ltr'>in</span> <span class='ocrx_word' id='word_1_211' title='bbox 1467 1789 1658 1835; x_wconf 90' lang='lat' dir='ltr'>Ecclesia</span> <span class='ocrx_word' id='word_1_212' title='bbox 1690 1806 1790 1846; x_wconf 87' lang='lat' dir='ltr'>sua,</span> 
     </span>
     <span class='ocr_line' id='line_1_25' title="bbox 405 1860 1794 1922; baseline -0.001 -15"><span class='ocrx_word' id='word_1_213' title='bbox 405 1863 508 1907; x_wconf 88' lang='lat' dir='ltr'>inde</span> <span class='ocrx_word' id='word_1_214' title='bbox 521 1862 654 1922; x_wconf 76' lang='lat' dir='ltr'>coepit</span> <span class='ocrx_word' id='word_1_215' title='bbox 669 1861 824 1921; x_wconf 82' lang='lat' dir='ltr'>exequi</span> <span class='ocrx_word' id='word_1_216' title='bbox 846 1870 1000 1905; x_wconf 86' lang='lat' dir='ltr'>caetera</span> <span class='ocrx_word' id='word_1_217' title='bbox 1018 1880 1027 1905; x_wconf 78' lang='lat' dir='ltr'><em>z</em></span> <span class='ocrx_word' id='word_1_218' title='bbox 1048 1861 1192 1921; x_wconf 88' lang='lat' dir='ltr'>posuit</span> <span class='ocrx_word' id='word_1_219' title='bbox 1214 1862 1328 1905; x_wconf 89' lang='lat' dir='ltr'>enim</span> <span class='ocrx_word' id='word_1_220' title='bbox 1344 1861 1522 1916; x_wconf 84' lang='lat' dir='ltr'>coelum,</span> <span class='ocrx_word' id='word_1_221' title='bbox 1544 1870 1588 1906; x_wconf 91' lang='grc'>01</span> <span class='ocrx_word' id='word_1_222' title='bbox 1600 1860 1794 1905; x_wconf 84' lang='lat' dir='ltr'>extendit</span> 
     </span>
     <span class='ocr_line' id='line_1_26' title="bbox 407 1929 1795 1993; baseline -0.002 -15"><span class='ocrx_word' id='word_1_223' title='bbox 407 1934 518 1978; x_wconf 88' lang='lat' dir='ltr'>sicut</span> <span class='ocrx_word' id='word_1_224' title='bbox 541 1932 698 1993; x_wconf 90' lang='lat' dir='ltr'>pellem</span> <span class='ocrx_word' id='word_1_225' title='bbox 712 1968 722 1987; x_wconf 89' lang='lat'>,</span> <span class='ocrx_word' id='word_1_226' title='bbox 746 1941 787 1976; x_wconf 92' lang='lat' dir='ltr'>et</span> <span class='ocrx_word' id='word_1_227' title='bbox 806 1948 895 1976; x_wconf 91' lang='lat' dir='ltr'>non</span> <span class='ocrx_word' id='word_1_228' title='bbox 913 1930 1072 1975; x_wconf 86' lang='lat' dir='ltr'>frustra</span> <span class='ocrx_word' id='word_1_229' title='bbox 1094 1932 1207 1976; x_wconf 92' lang='lat' dir='ltr'>sicut</span> <span class='ocrx_word' id='word_1_230' title='bbox 1222 1931 1397 1991; x_wconf 89' lang='lat' dir='ltr'>pellem.</span> <span class='ocrx_word' id='word_1_231' title='bbox 1415 1931 1562 1976; x_wconf 90' lang='lat' dir='ltr'>Primo</span> <span class='ocrx_word' id='word_1_232' title='bbox 1585 1932 1710 1976; x_wconf 90' lang='lat' dir='ltr'>istam</span> <span class='ocrx_word' id='word_1_233' title='bbox 1732 1929 1795 1975; x_wconf 88' lang='lat' dir='ltr'>fa-</span> 
     </span>
     <span class='ocr_line' id='line_1_27' title="bbox 406 2001 1794 2063; baseline -0.001 -15"><span class='ocrx_word' id='word_1_234' title='bbox 406 2020 522 2048; x_wconf 89' lang='lat' dir='ltr'>mam</span> <span class='ocrx_word' id='word_1_235' title='bbox 539 2002 871 2063; x_wconf 70' lang='lat' dir='ltr'>praedicantium</span> <span class='ocrx_word' id='word_1_236' title='bbox 894 2002 1089 2046; x_wconf 83' lang='lat' dir='ltr'>extendit</span> <span class='ocrx_word' id='word_1_237' title='bbox 1110 2003 1222 2047; x_wconf 90' lang='lat' dir='ltr'>sicut</span> <span class='ocrx_word' id='word_1_238' title='bbox 1243 2001 1401 2062; x_wconf 88' lang='lat' dir='ltr'>pellem</span> <span class='ocrx_word' id='word_1_239' title='bbox 1418 2022 1426 2047; x_wconf 90' lang='lat'><strong>:</strong></span> <span class='ocrx_word' id='word_1_240' title='bbox 1453 2001 1576 2062; x_wconf 90' lang='lat' dir='ltr'>pellis</span> <span class='ocrx_word' id='word_1_241' title='bbox 1598 2001 1794 2046; x_wconf 86' lang='lat' dir='ltr'>mortali-</span> 
     </span>
     <span class='ocr_line' id='line_1_28' title="bbox 408 2072 1795 2133; baseline -0.003 -13"><span class='ocrx_word' id='word_1_242' title='bbox 408 2085 544 2120; x_wconf 90' lang='lat' dir='ltr'>tatem</span> <span class='ocrx_word' id='word_1_243' title='bbox 565 2073 775 2133; x_wconf 83' lang='lat' dir='ltr'>significat</span> <span class='ocrx_word' id='word_1_244' title='bbox 797 2092 805 2117; x_wconf 88' lang='lat'><strong>:</strong></span> <span class='ocrx_word' id='word_1_245' title='bbox 832 2082 1059 2132; x_wconf 84' lang='lat' dir='ltr'>propterea</span> <span class='ocrx_word' id='word_1_246' title='bbox 1079 2082 1122 2117; x_wconf 93' lang='lat' dir='ltr'>et</span> <span class='ocrx_word' id='word_1_247' title='bbox 1143 2072 1206 2117; x_wconf 91' lang='lat' dir='ltr'>illi</span> <span class='ocrx_word' id='word_1_248' title='bbox 1228 2072 1317 2117; x_wconf 90' lang='lat' dir='ltr'>duo</span> <span class='ocrx_word' id='word_1_249' title='bbox 1338 2074 1537 2117; x_wconf 87' lang='lat' dir='ltr'>homines</span> <span class='ocrx_word' id='word_1_250' title='bbox 1560 2073 1688 2133; x_wconf 87' lang='lat' dir='ltr'>primi</span> <span class='ocrx_word' id='word_1_251' title='bbox 1716 2088 1795 2132; x_wconf 91' lang='lat' dir='ltr'>pa-</span> 
     </span>
     <span class='ocr_line' id='line_1_29' title="bbox 408 2142 1796 2202; baseline -0.002 -13"><span class='ocrx_word' id='word_1_252' title='bbox 408 2155 550 2189; x_wconf 83' lang='lat' dir='ltr'>rentes</span> <span class='ocrx_word' id='word_1_253' title='bbox 570 2144 733 2198; x_wconf 89' lang='lat' dir='ltr'>nostri,</span> <span class='ocrx_word' id='word_1_254' title='bbox 759 2148 955 2187; x_wconf 84' lang='lat' dir='ltr'>auctores</span> <span class='ocrx_word' id='word_1_255' title='bbox 978 2143 1144 2202; x_wconf 87' lang='lat' dir='ltr'>peccati</span> <span class='ocrx_word' id='word_1_256' title='bbox 1171 2143 1337 2202; x_wconf 85' lang='lat' dir='ltr'>generis</span> <span class='ocrx_word' id='word_1_257' title='bbox 1362 2143 1568 2197; x_wconf 88' lang='lat' dir='ltr'>humani,</span> <span class='ocrx_word' id='word_1_258' title='bbox 1589 2142 1728 2187; x_wconf 76' lang='lat' dir='ltr'>Adam</span> <span class='ocrx_word' id='word_1_259' title='bbox 1752 2152 1796 2187; x_wconf 86' lang='lat' dir='ltr'>et</span> 
     </span>
     <span class='ocr_line' id='line_1_30' title="bbox 408 2213 1794 2275; baseline -0.001 -14"><span class='ocrx_word' id='word_1_260' title='bbox 408 2220 520 2271; x_wconf 86' lang='lat' dir='ltr'>Eva,</span> <span class='ocrx_word' id='word_1_261' title='bbox 546 2231 645 2260; x_wconf 88' lang='lat' dir='ltr'>cum</span> <span class='ocrx_word' id='word_1_262' title='bbox 663 2216 707 2259; x_wconf 91' lang='lat' dir='ltr'>in</span> <span class='ocrx_word' id='word_1_263' title='bbox 731 2214 927 2275; x_wconf 84' lang='lat' dir='ltr'>paradiso</span> <span class='ocrx_word' id='word_1_264' title='bbox 945 2224 1195 2275; x_wconf 89' lang='lat' dir='ltr'>contempto</span> <span class='ocrx_word' id='word_1_265' title='bbox 1217 2215 1294 2259; x_wconf 90' lang='lat' dir='ltr'>Dei</span> <span class='ocrx_word' id='word_1_266' title='bbox 1315 2224 1532 2274; x_wconf 86' lang='lat' dir='ltr'>praecepto</span> <span class='ocrx_word' id='word_1_267' title='bbox 1552 2213 1608 2258; x_wconf 92' lang='lat' dir='ltr'>ad</span> <span class='ocrx_word' id='word_1_268' title='bbox 1624 2229 1794 2273; x_wconf 86' lang='lat' dir='ltr'>sugges-</span> 
     </span>
     <span class='ocr_line' id='line_1_31' title="bbox 411 2284 1794 2346; baseline -0.001 -14"><span class='ocrx_word' id='word_1_269' title='bbox 411 2288 574 2333; x_wconf 85' lang='lat' dir='ltr'>tionem</span> <span class='ocrx_word' id='word_1_270' title='bbox 615 2286 946 2346; x_wconf 83' lang='lat' dir='ltr'>suasionemque</span> <span class='ocrx_word' id='word_1_271' title='bbox 975 2286 1184 2346; x_wconf 87' lang='lat' dir='ltr'>serpentis</span> <span class='ocrx_word' id='word_1_272' title='bbox 1204 2285 1449 2343; x_wconf 80' lang='lat' dir='ltr'>transgressi</span> <span class='ocrx_word' id='word_1_273' title='bbox 1491 2294 1632 2329; x_wconf 88' lang='lat' dir='ltr'>essent</span> <span class='ocrx_word' id='word_1_274' title='bbox 1672 2284 1794 2345; x_wconf 89' lang='lat' dir='ltr'>quod</span> 
     </span>
     <span class='ocr_line' id='line_1_32' title="bbox 404 2346 1794 2419; baseline -0.002 -17"><span class='ocrx_word' id='word_1_275' title='bbox 404 2360 590 2419; x_wconf 84' lang='lat' dir='ltr'>jusserat</span> <span class='ocrx_word' id='word_1_276' title='bbox 610 2361 744 2412; x_wconf 89' lang='lat' dir='ltr'>Deus,</span> <span class='ocrx_word' id='word_1_277' title='bbox 771 2355 875 2401; x_wconf 88' lang='lat' dir='ltr'>facti</span> <span class='ocrx_word' id='word_1_278' title='bbox 899 2346 1101 2401; x_wconf 80' lang='lat' dir='ltr'>mortales</span> <span class='ocrx_word' id='word_1_279' title='bbox 1123 2356 1285 2401; x_wconf 90' lang='lat' dir='ltr'>dimissi</span> <span class='ocrx_word' id='word_1_280' title='bbox 1306 2365 1408 2400; x_wconf 92' lang='lat' dir='ltr'>sunt</span> <span class='ocrx_word' id='word_1_281' title='bbox 1428 2355 1483 2400; x_wconf 92' lang='lat' dir='ltr'>de</span> <span class='ocrx_word' id='word_1_282' title='bbox 1498 2355 1719 2415; x_wconf 82' lang='lat' dir='ltr'>paradiso3</span> <span class='ocrx_word' id='word_1_283' title='bbox 1743 2364 1794 2400; x_wconf 87' lang='lat' dir='ltr'>ut</span> 
     </span>
     <span class='ocr_line' id='line_1_33' title="bbox 410 2426 1794 2488; baseline -0.003 -14"><span class='ocrx_word' id='word_1_284' title='bbox 410 2439 554 2474; x_wconf 85' lang='lat' dir='ltr'>autem</span> <span class='ocrx_word' id='word_1_285' title='bbox 586 2428 899 2488; x_wconf 81' lang='lat' dir='ltr'>significaretur</span> <span class='ocrx_word' id='word_1_286' title='bbox 926 2427 1016 2487; x_wconf 89' lang='lat' dir='ltr'>ipsa</span> <span class='ocrx_word' id='word_1_287' title='bbox 1043 2426 1278 2473; x_wconf 84' lang='lat' dir='ltr'>mortalitas</span> <span class='ocrx_word' id='word_1_288' title='bbox 1312 2442 1462 2472; x_wconf 90' lang='lat' dir='ltr'>eorum</span> <span class='ocrx_word' id='word_1_289' title='bbox 1479 2462 1490 2483; x_wconf 90' lang='lat'>,</span> <span class='ocrx_word' id='word_1_290' title='bbox 1521 2426 1665 2471; x_wconf 88' lang='lat' dir='ltr'>induti</span> <span class='ocrx_word' id='word_1_291' title='bbox 1691 2435 1794 2471; x_wconf 81' lang='lat' dir='ltr'>sunt</span> 
     </span>
    </p>
   </div>
   <div class='ocr_carea' id='block_1_3' title="bbox 460 2514 1050 2555">
    <p class='ocr_par' dir='ltr' id='par_1_4' title="bbox 460 2514 1050 2555">
     <span class='ocr_line' id='line_1_34' title="bbox 460 2514 1050 2555; baseline -0.002 -8"><span class='ocrx_word' id='word_1_292' title='bbox 460 2522 469 2538; x_wconf 92' lang='lat'>¹</span> <span class='ocrx_word' id='word_1_293' title='bbox 491 2514 572 2547; x_wconf 87' lang='lat' dir='ltr'>Psal.</span> <span class='ocrx_word' id='word_1_294' title='bbox 591 2526 718 2555; x_wconf 80' lang='lat' dir='ltr'>chvui,</span> <span class='ocrx_word' id='word_1_295' title='bbox 738 2514 767 2547; x_wconf 88' lang='lat'>5.</span> <span class='ocrx_word' id='word_1_296' title='bbox 788 2531 829 2536; x_wconf 97' lang='lat'><strong>—</strong></span> <span class='ocrx_word' id='word_1_297' title='bbox 845 2520 858 2537; x_wconf 83' lang='lat'>²</span> <span class='ocrx_word' id='word_1_298' title='bbox 877 2516 956 2546; x_wconf 83' lang='lat' dir='ltr'>Gen.</span> <span class='ocrx_word' id='word_1_299' title='bbox 976 2524 999 2554; x_wconf 89' lang='lat'>1,</span> <span class='ocrx_word' id='word_1_300' title='bbox 1019 2514 1050 2546; x_wconf 85' lang='lat'>6.</span> 
     </span>
    </p>
   </div>
  </div>
 </body>
</html>
