1848 3261
405 230 460 268 66
826 241 860 268 s.
894 237 1125 268 Aucus‘nm
1157 240 1338 268 EPISCOPI

401 303 706 348 delectationes
741 302 936 360 illicitas,
960 305 1015 349 de
1046 304 1254 362 languore
1283 314 1362 349 tuo
1393 304 1591 349 veniunt.
1627 300 1786 346 Adhuc

401 374 516 417 enim
530 373 747 418 infirmam
761 390 932 418 carnem
948 375 1058 434 geris
1073 410 1084 430 ‚
1101 374 1299 419 nondum
1313 384 1375 418 est
1390 374 1590 434 absorpta
1608 387 1724 416 mors
1740 372 1787 416 in

401 444 625 489 victoriam
640 480 651 500 ,
674 444 872 490 nondum
900 445 1187 506 corruptibile
1208 447 1293 490 hoc
1323 434 1788 503 induit‘incorruptio-

401 531 501 559 nem
516 517 530 541 1
569 534 578 560 2
616 515 760 560 adhuc
796 516 1060 576 quibusdam
1097 516 1498 577 perturbationibus
1532 515 1664 558 etiam
1696 515 1788 573 ipsa

402 587 545 629 anima
567 586 761 646 quatitur
789 596 887 646 post
909 588 1203 632 remissionem
1230 596 1533 646 peccatorum,
1568 584 1712 628 adhuc
1742 584 1788 626 in

402 656 602 716 periculis
622 657 915 701 tentationum
927 668 1138 713 versatur,
1158 656 1421 717 quibusdam
1440 654 1788 714 suggestionibus

403 726 644 772 delectatur
661 763 672 783 ,
705 727 969 788 quibusdam
1001 745 1090 779 non
1111 728 1353 773 delectatur
1368 763 1379 782 ,
1405 737 1448 771 et
1477 727 1522 770 in
1544 726 1602 770 eis
1625 724 1787 785 quibus

402 796 666 853 delectatur,
683 798 918 858 aliquando
933 799 1193 859 quibusdam
1213 797 1450 851 consentit,
1472 796 1656 855 capitur.
1677 798 1790 838 Lan-

403 882 512 924 guor
534 876 619 922 est,
651 886 671 909 «
698 869 828 912 Sanat
850 877 892 911 et
910 883 1058 912 omnes
1075 867 1304 926 languores
1321 876 1433 911 tuos.
1459 885 1478 907 »
1507 865 1789 910 Sanabuntur

403 952 552 981 omnes
576 938 805 996 languores
832 939 919 993 tui,
952 938 1041 982 noli
1066 939 1233 982 timere.
1265 937 1414 995 Magni
1436 945 1562 990 sunt,
1587 935 1754 994 inquies
1777 953 1786 978 ;

401 1008 477 1052 sed
499 1010 581 1069 maj
589 1025 636 1053 or
650 1018 714 1053 cst
725 1010 931 1054 medicus.
948 1010 1248 1069 Omnipotenti
1262 1007 1431 1052 medico
1444 1006 1590 1051 nullus
1603 1005 1790 1063 languor

402 1079 649 1123 insanabilis
662 1080 849 1124 occurrit
871 1100 879 1125 :
900 1089 1072 1124 tantum
1086 1089 1134 1123 tu
1157 1081 1299 1124 curari
1320 1088 1363 1122 te
1383 1078 1494 1132 sine,
1524 1091 1678 1119 manus
1700 1076 1791 1134 ejus

402 1165 457 1193 ne
480 1149 682 1208 repellas;
717 1151 839 1193 novit
860 1150 968 1209 quid
989 1159 1100 1208 agat.
1125 1153 1222 1195 Non
1241 1158 1411 1193 tantum
1439 1147 1666 1191 delecteris
1689 1160 1791 1189 cum

401 1219 547 1274 fovet,
571 1220 646 1263 sed
670 1220 799 1263 etiam
832 1220 984 1264 toleres
1013 1235 1113 1263 cum
1142 1229 1256 1264 secat
1282 1238 1291 1263 2
1318 1218 1453 1262 tolera
1487 1215 1792 1260 medicinalem

403 1288 621 1344 dolorem,
639 1288 832 1333 futuram
849 1291 1041 1347 cogitans
1058 1291 1300 1334 sanitatem.
1318 1288 1489 1342 Videte,
1507 1285 1661 1330 fratres
1679 1285 1788 1340 mei,

403 1360 449 1403 in
470 1359 558 1403 istis
578 1359 861 1417 languoribus
882 1361 1074 1419 corporis
1095 1369 1259 1419 quanta
1280 1358 1478 1403 homines
1506 1355 1696 1401 tolerent
1709 1390 1721 1411 ‚
1741 1364 1792 1399 ut

403 1446 562 1490 paucos
583 1429 673 1474 dies
689 1430 844 1474 victuri
858 1430 1100 1474 moriantur
1113 1465 1124 1485 ,
1143 1430 1281 1473 ethos
1300 1443 1457 1488 paucos
1472 1427 1562 1470 dies
1579 1427 1785 1470 incertos.

402 1500 531 1545 Multi
554 1501 668 1543 enim
689 1510 786 1560 post
809 1500 1083 1544 tolerantiam
1106 1515 1365 1559 magnorum
1387 1498 1589 1542 dolorum
1608 1532 1619 1552 ,
1643 1511 1743 1540 cum
1766 1511 1792 1540 a

404 1570 581 1615 medicis
603 1580 850 1615 secarentur
865 1606 876 1625 ,
917 1580 994 1614 aut
1013 1572 1126 1614 inter
1162 1585 1316 1614 manus
1338 1569 1609 1613 medicorum
1632 1566 1793 1611 mortui

403 1651 526 1695 sunt,
554 1651 628 1686 aut
645 1643 735 1701 jam
762 1642 875 1696 sani,
900 1641 1093 1684 irruente
1114 1640 1259 1701 aliqua
1277 1637 1560 1698 aegritudine,
1594 1635 1794 1681 defuncti

404 1721 520 1755 sunt.
555 1712 598 1756 Si
630 1720 715 1755 tam
757 1711 840 1755 sibi
867 1712 1160 1771 propinquam
1187 1720 1373 1755 mortem
1406 1717 1654 1769 sperarent,
1692 1706 1792 1751 illos

402 1783 634 1826 immensos
656 1781 826 1826 dolores
849 1782 1116 1841 susciperent
1134 1779 1407 1825 tolerandos?
1432 1783 1498 1824 Tu
1522 1795 1612 1824 uon
1635 1778 1793 1822 toleras

406 1853 463 1897 ad
497 1853 713 1897 incertum
740 1872 749 1896 ι
774 1852 850 1912 qui
872 1852 1068 1911 promisit
1099 1852 1329 1896 sanitatem
1346 1886 1357 1904 ,
1393 1867 1484 1895 non
1516 1859 1660 1910 potest
1681 1848 1789 1893 falli.

405 1922 589 1967 Fallitur
604 1922 796 1967 medicus
809 1922 1045 1983 aliquando
1057 1957 1067 1977 ,
1086 1932 1129 1966 et
1146 1922 1360 1982 promittit
1372 1921 1603 1966 sanitatem
1624 1919 1679 1964 de
1701 1935 1795 1964 cor-

406 2009 513 2053 pore
532 1994 738 2036 humano.
763 1995 906 2044 Quare
923 1991 1118 2035 fallitur?
1148 1993 1256 2044 Quia
1278 2007 1368 2034 non
1388 1991 1474 2034 hoc
1496 1999 1622 2034 curat
1636 2025 1648 2045 ,
1673 1988 1794 2049 quod

403 2065 521 2110 fecit.
548 2068 662 2108 Deus
683 2063 788 2107 fecit
810 2078 967 2122 corpus
988 2071 1137 2118 tuum,
1163 2066 1278 2107 Deus
1300 2060 1404 2106 fecit
1426 2061 1615 2105 animam
1633 2070 1754 2105 tuam
1779 2079 1789 2105 ε

403 2137 524 2181 novit
551 2133 925 2195 quemadmodum
946 2143 1109 2177 recreet
1132 2133 1252 2194 quod
1269 2132 1458 2187 creavit,
1484 2132 1607 2176 novit
1635 2147 1792 2192 quem—

403 2207 640 2252 admodum
675 2206 880 2255 reformet
916 2205 1036 2265 quod
1062 2206 1153 2264 ipse
1175 2203 1378 2249 formavit
1399 2223 1408 2248 ε
1435 2213 1483 2248 tu
1517 2213 1688 2254 tantum
1710 2202 1791 2246 sub

400 2279 599 2322 manibus
622 2276 778 2320 medici
800 2285 914 2332 esto,
944 2275 1035 2319 odit
1058 2275 1174 2319 enim
1195 2273 1477 2334 repellentem
1498 2288 1652 2317 manus
1673 2288 1785 2317 suas.

398 2352 493 2395 Non
515 2350 564 2392 fit
583 2349 667 2392 hoc
689 2347 733 2390 in
762 2346 917 2390 medici
936 2345 1123 2389 hominis
1146 2344 1361 2388 manibus.
1397 2344 1540 2401 Ligari
1561 2358 1605 2386 se
1632 2342 1789 2388 volunt

397 2420 622 2474 homines,
659 2428 701 2462 et
733 2417 892 2475 secari,
923 2417 1067 2461 daturi
1098 2432 1177 2476 pro
1213 2416 1379 2460 incerta
1413 2415 1595 2458 sanitate
1617 2423 1788 2458 certum

399 2491 616 2545 dolorem,
654 2503 856 2548 magnam
888 2488 1148 2532 mercedem.
1183 2490 1298 2531 Deus
1332 2494 1397 2541 te,
1423 2500 1555 2545 quem
1587 2484 1718 2541 fecit,
1742 2494 1786 2530 et

449 2583 458 2600 ¹
490 2589 502 2609 1
520 2578 590 2608 Cor.
615 2587 670 2616 xv,
692 2573 747 2606 53.
