1848 3261
394 230 447 268 ’78
825 238 859 267 s.
895 237 1124 267 Ancus-nm
1156 239 1340 266 EP1scol²1

389 305 646 364 praestatur?
669 321 691 345 «
719 303 761 348 Si
778 319 856 348 nos
870 303 992 348 vobis
1010 338 1020 358 ,
1041 302 1185 363 inquit
1203 338 1214 357 ,
1232 300 1435 362 spiritalia
1453 300 1776 355 seminavimus,

395 393 415 416 »
450 388 657 432 magnum
675 382 760 428 est,
795 373 830 416 si
851 382 990 416 vestra
1012 371 1200 416 carnalia
1222 381 1436 415 metamus
1452 373 1465 396 1
1487 372 1504 413 Ξ)
1535 386 1553 410 »
1587 368 1696 413 Inde
1718 376 1783 411 est

393 455 436 490 et
456 444 567 489 illud
590 443 710 505 quod
738 443 906 503 pridem
928 443 1202 503 exposuimus
1231 443 1276 485 in
1300 451 1414 485 nutu
1446 440 1643 494 Domini,
1679 438 1784 499 quia

392 516 597 578 producit
618 525 732 560 terra
755 514 925 559 foenum
940 515 1198 575 jumentis²‚
1230 513 1275 557 id
1297 522 1360 557 est
1381 548 1391 568 ,
1417 511 1603 556 carnalia
1626 511 1686 554 eis
1707 509 1784 570 qui

393 590 598 634 triturant
626 607 635 632 ;
662 587 790 646 quia,
822 605 841 628 «
866 587 970 630 Bovi
1003 585 1222 630 trituranti
1256 600 1302 628 os
1335 599 1425 627 non
1452 580 1735 626 infrenabisss.
1758 598 1779 622 »

394 659 520 704 Unde
540 673 616 703 vos
639 656 857 700 adhortati
886 671 1034 700 sumus
1049 692 1060 712 ‚
1099 665 1148 700 ut
1171 655 1217 698 in
1242 656 1321 698 hac
1356 670 1400 697 re
1424 652 1649 710 diligentes
1670 651 1780 706 sitis,

393 730 532 784 cauti,
568 728 722 785 sobrii3
760 743 891 787 opera
923 737 1066 772 vestra
1095 728 1320 771 thesauros
1343 734 1508 770 vestros
1546 721 1781 782 deputetis.

394 799 620 860 Numquid
643 808 789 843 autem
817 799 911 842 haec
928 834 938 854 ‚
969 798 1145 853 fratres,
1172 797 1272 842 ideo
1294 797 1499 851 dicimus,
1520 804 1569 838 ut
1593 796 1652 838 ita
1678 794 1789 837 fiant

393 871 438 914 in
461 873 566 915 nos?
590 874 703 914 Puto
726 869 771 912 in
793 870 968 914 nomine
991 868 1166 913 Domini
1184 884 1307 927 posse
1330 882 1419 911 esse
1440 867 1568 910 istam
1588 863 1787 925 quamvis

394 941 667 985 infirmorum
694 955 874 994 vocem,
912 938 1193 998 apostolicam
1226 947 1395 991 tamen,
1434 935 1510 979 sed
1538 935 1661 979 vobis
1684 949 1788 993 pro-

396 1012 512 1066 dest⁷
532 1012 644 1055 sicut
665 1010 724 1054 ait
742 1010 832 1069 ipse
856 1009 1089 1068 Apostolus
1112 1025 1121 1050 :
1149 1028 1168 1051 «
1190 1011 1286 1053 Non
1305 1007 1405 1068 quia
1440 1022 1590 1067 quaero
1609 1005 1785 1060 datum,

399 1099 419 1121 »
442 1080 517 1125 sed
534 1082 707 1140 requiro
723 1079 979 1124 fructumz»
997 1082 1137 1133 Quam
1150 1095 1253 1138 ergo
1265 1078 1584 1135 eleemosynam
1596 1075 1790 1120 facturus

398 1167 441 1196 es
470 1152 621 1212 justo?
655 1153 753 1195 Non
786 1150 988 1209 pascebat
1010 1150 1168 1205 vidua‚
1209 1150 1412 1209 pascebat
1439 1150 1654 1204 corvus⁵3
1688 1145 1791 1207 quia

397 1221 620 1280 pascebat,
660 1221 734 1280 qui
755 1220 858 1264 fecit
879 1236 1059 1264 corvum
1086 1239 1094 1263 :
1120 1219 1261 1263 Eliam
1286 1220 1398 1263 dico.
1424 1221 1522 1262 Non
1546 1233 1647 1276 ergo
1670 1218 1792 1260 deest

398 1292 516 1335 unde
544 1295 656 1335 Deus
673 1291 746 1334 det
769 1292 854 1334 suis
877 1308 886 1332 ι
915 1301 964 1335 tu
990 1291 1090 1335 vide
1122 1290 1230 1350 quid
1260 1306 1400 1345 emas,
1430 1290 1609 1350 quando
1643 1304 1782 1343 emas,

397 1362 552 1421 quanti
579 1376 710 1405 emas.
743 1361 864 1404 Emis
894 1361 1011 1404 enim
1038 1376 1224 1420 regnum
1252 1360 1469 1404 coelorum
1503 1376 1512 1401 t
1542 1369 1585 1403 et
1616 1375 1706 1403 non
1729 1368 1793 1403 est

398 1433 571 1475 emendi
592 1441 764 1491 tempus
781 1467 791 1485 ,
820 1431 901 1475 nisi
922 1431 968 1474 in
990 1431 1070 1475 hac
1091 1431 1194 1475 vita.
1228 1434 1285 1474 Et
1313 1447 1445 1490 quam
1466 1430 1541 1475 vili
1565 1446 1701 1487 emas,
1727 1439 1794 1474 at-

398 1501 543 1546 tende.
572 1503 698 1545 Tanti
720 1501 800 1545 tibi
821 1501 936 1545 valet
949 1537 964 1556 ,
985 1511 1201 1563 quantum
1215 1501 1380 1545 habere
1400 1501 1612 1560 potueris,

455 1575 582 1616 XIII.
606 1576 693 1617 Fac
710 1572 1046 1616 misericordiam
1068 1572 1221 1632 iniquo
1237 1608 1247 1627 ‚
1274 1588 1365 1617 non
1382 1582 1594 1632 tanquam
1621 1571 1788 1631 iniquo.

397 1646 505 1689 Nam
529 1644 670 1703 ipsum
687 1643 888 1703 iniquum
904 1643 948 1686 in
967 1653 1182 1700 quantum
1201 1643 1377 1703 iniquus
1393 1652 1471 1697 est,
1488 1658 1543 1686 ne
1560 1642 1762 1702 suscipias
1780 1659 1791 1687 ε

398 1714 443 1758 id
466 1723 552 1770 est,
580 1730 634 1758 ne
653 1715 777 1774 quasi
799 1715 1041 1758 intentione
1063 1724 1107 1758 et
1128 1730 1274 1758 amore
1301 1713 1539 1774 iniquitatis
1560 1712 1676 1762 illius
1697 1728 1793 1757 sus-

399 1785 530 1844 cipias
547 1800 661 1829 eum.
684 1788 794 1830 Nam
813 1795 856 1829 et
874 1785 1147 1844 prohibitum
1173 1794 1236 1828 est
1258 1784 1351 1828 dari
1374 1784 1620 1844 peccatori,
1643 1793 1687 1828 et
1707 1799 1796 1828 sus-

399 1856 541 1914 cipere
556 1866 801 1915 peccatores
814 1858 846 1900 0.
868 1860 925 1900 Et
946 1857 1169 1916 quomodo
1186 1891 1197 1910 ‚
1217 1876 1236 1898 «
1257 1856 1388 1900 Omni
1403 1856 1569 1915 petenti
1585 1864 1627 1899 te
1644 1855 1753 1899 d37?
1771 1873 1791 1896 »

399 1928 455 1969 Et
472 1925 718 1985 quomodo,
747 1946 767 1969 «
796 1927 839 1971 Si
861 1927 1058 1971 esurierit
1078 1926 1282 1971 inimicus
1300 1936 1424 1982 tuus,
1451 1927 1547 1970 ciba
1570 1925 1749 1970 illums?
1769 1943 1789 1967 »

399 1996 530 2048 Quasi
548 1994 763 2038 contraria
781 1996 1007 2049 videntur,
1023 1996 1098 2037 sed
1115 1997 1370 2053 aperiuntur
1382 1996 1427 2039 in
1444 1995 1622 2039 nomine
1633 1994 1794 2040 Christi
1827 2015 1836 2021 ·

399 2064 672 2125 pulsantibus
685 2100 696 2119 ,
720 2074 767 2108 et
790 2065 1016 2108 manifesta
1039 2074 1168 2109 erunt
1189 2065 1506 2125 quaerentibus.
1526 2085 1546 2107 «
1566 2068 1629 2111 Ne
1646 2064 1789 2111 tradas

403 2154 423 2177 »
457 2136 700 2195 peccatori,
730 2154 749 2176 »
776 2145 820 2180 et
846 2155 866 2177 α
899 2138 964 2181 Nc
993 2136 1211 2196 suscipias·
1230 2146 1533 2195 peccatorem:
1571 2154 1592 2177 »
1619 2146 1790 2190 tamen,

404 2225 423 2249 «
458 2207 588 2250 Omni
620 2207 784 2266 petenti
816 2215 855 2250 te
884 2208 954 2250 da.
991 2225 1010 2247 η
1050 2206 1135 2251 Sed
1159 2216 1360 2266 peccator
1391 2206 1548 2267 estqui
1572 2222 1643 2250 me
1665 2207 1789 2266 petit.

400 2279 461 2320 Da
477 2312 488 2331 ‚
514 2293 605 2321 non
625 2287 833 2337 tanquam
853 2277 1085 2336 peccatori.
1109 2276 1295 2330 Quando
1318 2277 1393 2321 das
1418 2288 1625 2336 tanquam
1647 2291 1793 2336 pecca-

400 2348 508 2391 tori?
531 2348 717 2401 Quando
738 2348 784 2392 in
806 2363 895 2408 quo
917 2357 1120 2407 peccator
1134 2357 1218 2404 est,
1243 2349 1328 2392 hoc
1349 2348 1430 2392 tibi
1456 2347 1599 2406 placet
1620 2356 1670 2391 ut
1699 2347 1789 2392 des.

448 2467 457 2482 ¹
483 2472 495 2491 1
520 2462 593 2492 Cor.
615 2472 662 2502 ix,
686 2472 736 2491 11.
756 2467 819 2482 ——2
840 2460 922 2491 psal.
945 2471 1012 2500 cm,
1036 2459 1088 2502 14.
1109 2477 1150 2482 —
1171 2457 1184 2482 3
1206 2471 1218 2491 1
1246 2462 1379 2500 Corax,
1394 2471 1427 2501 9.
1446 2458 1517 2488 -4
1535 2459 1647 2502 Philip.
1669 2472 1714 2501 lv,
1738 2471 1789 2502 17.

401 2532 443 2537 —
460 2513 476 2538 5
492 2515 510 2547 3
528 2519 605 2558 Reg.
626 2527 706 2558 xvii,
725 2515 746 2547 6
767 2519 801 2548 et
825 2525 876 2548 12.
895 2533 936 2538 —
951 2514 966 2538 ‘5
992 2516 1090 2548 Ecch'.
1111 2527 1168 2558 rm,
1190 2515 1267 2558 4—6.
1288 2523 1357 2548 -7
1378 2518 1456 2548 Luc.
1475 2527 1519 2557 vl,
1540 2516 1591 2548 30.
1608 2515 1678 2540 —3
1697 2519 1788 2549 Rom.

400 2581 444 2602 xn
460 2595 469 2612 ,
495 2579 527 2603 2.
