1848 3261
359 226 448 268 234
801 236 836 267 s.
870 237 1101 270 Aucus-nm
1131 240 1313 268 nmscon

358 321 380 346 »
414 316 506 347 suae
526 315 629 346 eum
644 335 658 358 ,
691 302 815 363 cujus
839 311 903 347 est
927 303 1156 363 praesentia
1179 302 1422 348 secundum
1446 306 1745 364 operationem

358 391 379 415 >2
423 374 614 427 Satanae,
639 372 683 415 in
701 374 820 416 omni
831 374 992 418 virtute
1011 383 1055 418 et
1070 373 1198 431 signis
1217 383 1259 418 et
1280 373 1486 434 prodigiis
1504 375 1742 431 mendacii,

357 461 378 486 »
412 452 457 487 et
473 443 520 486 in
541 443 658 487 omni
680 443 933 488 seductione
956 444 1200 505 iniqnitatis
1222 444 1291 489 bis
1312 447 1388 505 qui
1419 455 1607 505 pereunt
1623 481 1634 502 ,
1664 461 1745 506 pro

355 533 378 558 »
414 531 466 559 eo
488 514 608 574 quod
639 513 917 559 dilectionem
942 517 1126 560 veritatis
1146 517 1235 561 nen
1253 526 1511 575 receperunt
1525 552 1537 573 ,
1567 527 1618 562 ut
1640 517 1747 563 salvi

356 605 378 629 >›
413 587 595 641 fierent,
615 593 658 628 et
682 585 781 629 ideo
815 586 960 630 mittet
986 586 1068 631 illis
1097 591 1210 632 Deus
1243 587 1538 647 operationem
1559 588 1742 645 erroris,

356 674 378 698 »
412 664 461 699 ut
477 655 658 699 credant
676 654 928 712 mendacio,
953 665 997 700 et
1010 657 1264 716 judicentur
1281 673 1431 702 omnes
1450 659 1522 718 qui
1545 675 1632 704 non
1654 674 1749 704 cre·

356 744 378 767 n
413 725 621 769 diderunt
644 725 838 780 veritati,
873 726 950 770 sed
982 737 1297 771 consenserunt
1325 728 1590 788 iniquitati1.
1618 747 1640 771 »
1664 733 1746 774 Per

351 797 485 840 istum
501 794 697 853 refugam
712 830 723 850 ,
738 811 816 855 per
832 796 963 840 istum
979 797 1111 857 quise
1129 797 1298 842 extollit
1319 814 1449 858 supra
1472 814 1600 843 omne
1625 798 1749 860 quod

354 865 513 910 dicitur
534 868 672 921 Deus,
699 875 775 910 aut
808 867 929 927 quod
962 867 1148 923 colitur,
1184 867 1360 912 videtur
1393 869 1501 913 mihi
1531 869 1748 929 populum

354 935 647 982 Israelitarum
665 936 907 982 carnalium
936 948 1195 998 putaturum
1217 939 1390 999 impleri
1409 940 1535 983 istam
1553 941 1746 1000 prophe-

352 1007 483 1062 tiam,
505 1023 592 1067 qua
615 1007 782 1051 dictum
811 1017 905 1052 est:
936 1027 956 1050 «
982 1007 1130 1053 Salvos
1159 1024 1236 1053 nos
1277 1008 1348 1054 fac
1365 1044 1377 1064 ‚
1411 1010 1597 1054 Domine
1634 1013 1749 1055 Deus

356 1095 379 1120 »
413 1086 561 1122 noster
582 1112 594 1132 ,
616 1087 661 1122 et
676 1093 887 1136 congrega
907 1094 985 1122 nos
999 1078 1053 1122 de
1076 1079 1289 1123 Gentibus
1311 1097 1320 1124 ε
1339 1097 1359 1121 »
1381 1079 1501 1140 quod
1520 1079 1594 1124 illo
1615 1079 1744 1137 duce,

352 1148 475 1192 velut
506 1149 552 1191 in
582 1158 821 1207 conspectu
851 1148 1129 1192 inimicorum
1161 1164 1341 1193 suorum
1377 1150 1636 1205 visibilium,
1671 1152 1748 1211 qui

353 1234 426 1263 eos
438 1218 665 1263 visibiliter
676 1219 1014 1278 captivaverant,
1025 1219 1217 1264 habituri
1230 1220 1316 1264 sint
1327 1220 1540 1265 visibilem
1549 1221 1745 1279 gloriam.

357 1289 424 1333 Sic
447 1286 627 1332 credent
647 1289 875 1333 mendacio
889 1323 900 1344 ,
933 1290 1035 1349 quia
1057 1288 1336 1334 dilectionem
1352 1291 1544 1334 veritatis
1569 1307 1658 1335 non
1680 1307 1749 1336 re-

354 1368 567 1419 ceperunt
582 1394 593 1414 ,
619 1368 670 1402 ut
690 1375 781 1403 non
800 1360 915 1404 bona
942 1360 1130 1404 carnalia
1147 1395 1158 1416 ,
1185 1360 1262 1405 sed
1282 1361 1490 1420 spiritalia
1515 1363 1746 1422 concupis-

352 1440 516 1475 cerent.
545 1430 613 1475 Sic
641 1430 757 1474 enim
785 1447 808 1475 a
836 1430 1014 1475 diabolo
1047 1430 1215 1491 decepti
1249 1441 1380 1487 sunt,
1412 1440 1464 1475 ut
1498 1433 1747 1478 occiderent

353 1502 600 1558 Christum,
636 1502 817 1562 quando
849 1502 1077 1548 dixerunt:
1121 1522 1141 1545 «
1168 1505 1211 1548 Si
1237 1502 1496 1548 dimittimus
1522 1520 1623 1548 eum
1656 1505 1744 1561 sic,

355 1592 377 1616 »
413 1588 563 1617 omnes
584 1572 765 1617 credent
786 1573 832 1617 in
854 1588 954 1617 eum
968 1608 979 1627 ,
1004 1582 1047 1617 et
1066 1574 1244 1618 venient
1266 1575 1452 1618 Romani
1471 1610 1482 1629 ,
1522 1584 1566 1620 et
1586 1575 1747 1621 tollent

354 1662 376 1686 »
410 1653 610 1688 nostrum
632 1652 675 1687 et
697 1642 845 1687 locum
867 1653 910 1688 et
933 1652 1121 1702 gentem.
1146 1645 1329 1696 Quando
1353 1646 1542 1704 Caiphas
1563 1662 1677 1691 unus
1693 1662 1746 1691 ex

355 1733 376 1758 υ
410 1715 533 1774 ipsis,
559 1730 660 1759 cum
684 1725 792 1760 esset
809 1714 1005 1775 pontifex
1027 1715 1129 1759 anni
1150 1715 1264 1760 illius
1279 1751 1290 1770 ,
1316 1716 1424 1760 dixit
1438 1717 1496 1761 eis
1513 1732 1522 1758 :
1542 1719 1629 1761 Vos
1649 1733 1746 1762 nes-

355 1805 376 1829 »
411 1786 526 1830 cistis
543 1785 814 1847 quidquam,
846 1801 928 1830 nec
948 1786 1172 1845 cogitatis,
1204 1786 1305 1846 quia
1336 1786 1512 1845 expedit
1538 1788 1664 1832 nobis
1695 1798 1746 1833 ut

355 1875 376 1899 »
410 1857 622 1901 moriatur
651 1873 766 1901 unus
794 1857 926 1901 homo
958 1872 1038 1916 pro
1070 1856 1234 1916 populo
1253 1892 1265 1912 ,
1305 1866 1349 1901 et
1385 1872 1476 1901 non
1513 1866 1603 1902 tota
1639 1874 1744 1917 gens

355 1945 376 1969 »
410 1936 574 1986 pereat.
597 1929 691 1971 Hoc
714 1936 857 1972 autem
871 1963 883 1983 ,
908 1928 1021 1972 sicut
1041 1927 1320 1986 Evangelista
1339 1927 1552 1971 intellexit
1568 1963 1580 1984 ,
1608 1944 1698 1973 non
1720 1945 1743 1974 a

355 2014 377 2039 »
411 1998 565 2057 seipso
587 1996 724 2053 dixit,
749 1998 825 2042 sed
855 2013 958 2042 cum
984 2007 1093 2046 esset
1118 1996 1314 2057 pontifex
1336 1997 1439 2041 anni
1466 1997 1604 2054 illius,
1638 2014 1744 2058 pro-

355 2085 377 2110 »
410 2068 629 2128 phetavit,
660 2069 764 2129 quia
785 2071 908 2113 Jesus
926 2070 1164 2113 moriturus
1181 2078 1273 2112 erat
1293 2085 1374 2128 pro
1403 2078 1554 2127 gente,
1580 2079 1624 2115 et
1652 2086 1743 2115 non

355 2156 378 2180 >›
410 2147 583 2183 tantum
611 2155 692 2199 pro
717 2149 871 2198 gente,
905 2139 951 2183 id
979 2148 1073 2193 est,
1108 2155 1187 2198 pro
1218 2139 1372 2183 ovibus
1400 2155 1500 2199 quae
1524 2140 1743 2199 perierant

355 2227 377 2251 >›
412 2207 569 2254 domus
585 2209 732 2265 Israel,
753 2209 829 2253 sed
851 2220 902 2254 ut
922 2208 1034 2254 filios
1055 2210 1149 2264 Dei,
1175 2209 1251 2269 qui
1269 2218 1393 2254 erant
1413 2209 1615 2269 dispersi,
1635 2226 1743 2255 con-

353 2289 550 2338 gregaret
570 2279 613 2323 in
637 2295 774 2324 unum
788 2284 819 2323 2.
847 2301 863 2321 »
894 2280 1094 2324 Habebat
1110 2279 1226 2323 enim
1250 2278 1350 2323 alias
1371 2295 1496 2335 oves,
1530 2297 1628 2341 quae
1649 2297 1740 2325 non

352 2359 476 2394 erant
492 2350 546 2394 de
559 2348 634 2395 illo
656 2349 774 2395 ovili.
801 2353 906 2395 Istas
923 2351 1143 2395 universas
1165 2366 1263 2395 oves
1280 2385 1291 2405 ,
1314 2360 1356 2395 et
1377 2351 1432 2395 de
1447 2351 1649 2396 Israelitis
1665 2387 1675 2407 ,
1697 2361 1741 2396 et

353 2420 408 2465 de
429 2422 661 2477 Gentibus,
697 2421 895 2466 diabolus
932 2432 976 2466 et
1012 2424 1104 2483 ejus
1124 2422 1266 2481 angeli
1295 2422 1631 2481 captivaverant.
1654 2425 1742 2467 Ex-

353 2492 480 2553 pulso
498 2493 645 2554 itaque
663 2493 716 2538 ab
737 2494 796 2538 eis
819 2493 983 2538 diaboli
1006 2493 1247 2548 dominatu,
1273 2493 1318 2538 in
1331 2503 1568 2553 conspectu
1587 2493 1740 2553 malig-

402 2583 412 2600 ¹
433 2585 452 2608 2
466 2576 574 2610 Thess.
595 2577 680 2610 3-11
698 2593 739 2600 —
759 2584 772 2601 ἱ
787 2579 877 2610 Joan.
895 2587 944 2618 x1‚
969 2576 1089 2618 48-52.
