<?xml version="1.0" encoding="UTF-8"?>
<!DOCTYPE html PUBLIC "-//W3C//DTD XHTML 1.0 Transitional//EN"
    "http://www.w3.org/TR/xhtml1/DTD/xhtml1-transitional.dtd">
<html xmlns="http://www.w3.org/1999/xhtml" xml:lang="en" lang="en">
 <head>
  <title>
</title>
<meta http-equiv="Content-Type" content="text/html;charset=utf-8" />
  <meta name='ocr-system' content='tesseract 3.04.00' />
  <meta name='ocr-capabilities' content='ocr_page ocr_carea ocr_par ocr_line ocrx_word'/>
</head>
<body>
  <div class='ocr_page' id='page_1' title='image "./operaomniaaccura11auguuoft_0257.png"; bbox 0 0 1848 3261; ppageno 0'>
   <div class='ocr_carea' id='block_1_1' title="bbox 448 177 1468 217">
    <p class='ocr_par' dir='ltr' id='par_1_1' title="bbox 448 177 1468 217">
     <span class='ocr_line' id='line_1_1' title="bbox 448 177 1468 217; baseline 0 -1"><span class='ocrx_word' id='word_1_1' title='bbox 448 189 688 217; x_wconf 77' lang='lat' dir='ltr'>ENARRATIO</span> <span class='ocrx_word' id='word_1_2' title='bbox 720 190 763 216; x_wconf 79' lang='lat' dir='ltr'>m</span> <span class='ocrx_word' id='word_1_3' title='bbox 797 188 998 215; x_wconf 72' lang='lat' dir='ltr'>PsALMUM</span> <span class='ocrx_word' id='word_1_4' title='bbox 1031 190 1114 215; x_wconf 87' lang='lat' dir='ltr'>cv1.</span> <span class='ocrx_word' id='word_1_5' title='bbox 1387 177 1468 216; x_wconf 78' lang='lat'>247</span> 
     </span>
    </p>
   </div>
   <div class='ocr_carea' id='block_1_2' title="bbox 87 251 1480 2439">
    <p class='ocr_par' dir='ltr' id='par_1_2' title="bbox 88 251 1480 1711">
     <span class='ocr_line' id='line_1_2' title="bbox 94 251 1470 313; baseline -0.001 -15"><span class='ocrx_word' id='word_1_6' title='bbox 94 270 245 300; x_wconf 87' lang='lat' dir='ltr'>vocem</span> <span class='ocrx_word' id='word_1_7' title='bbox 266 253 489 313; x_wconf 86' lang='lat' dir='ltr'>cujusdam</span> <span class='ocrx_word' id='word_1_8' title='bbox 512 253 811 312; x_wconf 83' lang='lat' dir='ltr'>gubernatoris</span> <span class='ocrx_word' id='word_1_9' title='bbox 824 251 1053 312; x_wconf 85' lang='lat' dir='ltr'>periclitati</span> <span class='ocrx_word' id='word_1_10' title='bbox 1067 286 1078 306; x_wconf 85' lang='lat'>‚</span> <span class='ocrx_word' id='word_1_11' title='bbox 1099 252 1336 308; x_wconf 88' lang='lat' dir='ltr'>humiliati,</span> <span class='ocrx_word' id='word_1_12' title='bbox 1356 253 1470 297; x_wconf 91' lang='lat' dir='ltr'>libe-</span> 
     </span>
     <span class='ocr_line' id='line_1_3' title="bbox 95 320 1472 383; baseline -0.001 -14"><span class='ocrx_word' id='word_1_13' title='bbox 95 325 190 369; x_wconf 89' lang='lat' dir='ltr'>rati.</span> <span class='ocrx_word' id='word_1_14' title='bbox 220 344 240 367; x_wconf 88' lang='lat'>«</span> <span class='ocrx_word' id='word_1_15' title='bbox 278 324 410 379; x_wconf 88' lang='lat' dir='ltr'>Nolo,</span> <span class='ocrx_word' id='word_1_16' title='bbox 438 325 604 383; x_wconf 88' lang='lat' dir='ltr'>inquit,</span> <span class='ocrx_word' id='word_1_17' title='bbox 630 340 706 368; x_wconf 86' lang='lat' dir='ltr'>vos</span> <span class='ocrx_word' id='word_1_18' title='bbox 732 324 954 382; x_wconf 85' lang='lat' dir='ltr'>ignorare,</span> <span class='ocrx_word' id='word_1_19' title='bbox 989 320 1162 376; x_wconf 87' lang='lat' dir='ltr'>fratres,</span> <span class='ocrx_word' id='word_1_20' title='bbox 1199 321 1253 365; x_wconf 89' lang='lat' dir='ltr'>de</span> <span class='ocrx_word' id='word_1_21' title='bbox 1275 337 1472 381; x_wconf 87' lang='lat' dir='ltr'>pressura</span> 
     </span>
     <span class='ocr_line' id='line_1_4' title="bbox 96 392 1473 456; baseline 0.001 -19"><span class='ocrx_word' id='word_1_22' title='bbox 96 415 116 438; x_wconf 89' lang='lat'>»</span> <span class='ocrx_word' id='word_1_23' title='bbox 147 406 314 451; x_wconf 89' lang='lat' dir='ltr'>nostra,</span> <span class='ocrx_word' id='word_1_24' title='bbox 340 395 571 456; x_wconf 84' lang='lat' dir='ltr'>quaefacta</span> <span class='ocrx_word' id='word_1_25' title='bbox 591 396 712 440; x_wconf 88' lang='lat' dir='ltr'>estin</span> <span class='ocrx_word' id='word_1_26' title='bbox 733 394 831 439; x_wconf 82' lang='lat' dir='ltr'>Asia</span> <span class='ocrx_word' id='word_1_27' title='bbox 848 429 859 448; x_wconf 92' lang='lat'>,</span> <span class='ocrx_word' id='word_1_28' title='bbox 884 393 986 454; x_wconf 89' lang='lat' dir='ltr'>quia</span> <span class='ocrx_word' id='word_1_29' title='bbox 1017 408 1146 452; x_wconf 90' lang='lat' dir='ltr'>supra</span> <span class='ocrx_word' id='word_1_30' title='bbox 1166 392 1277 437; x_wconf 88' lang='lat' dir='ltr'>vires</span> <span class='ocrx_word' id='word_1_31' title='bbox 1310 396 1473 452; x_wconf 85' lang='lat' dir='ltr'>gravati</span> 
     </span>
     <span class='ocr_line' id='line_1_5' title="bbox 97 465 1477 527; baseline -0.001 -18"><span class='ocrx_word' id='word_1_32' title='bbox 97 487 116 510; x_wconf 89' lang='lat'>»</span> <span class='ocrx_word' id='word_1_33' title='bbox 151 483 325 522; x_wconf 90' lang='lat' dir='ltr'>sumus,</span> <span class='ocrx_word' id='word_1_34' title='bbox 359 477 402 512; x_wconf 87' lang='lat' dir='ltr'>et</span> <span class='ocrx_word' id='word_1_35' title='bbox 436 483 565 527; x_wconf 77' lang='lat' dir='ltr'>supra</span> <span class='ocrx_word' id='word_1_36' title='bbox 592 466 790 520; x_wconf 88' lang='lat' dir='ltr'>modum,</span> <span class='ocrx_word' id='word_1_37' title='bbox 811 467 827 523; x_wconf 89' lang='lat'>(</span> <span class='ocrx_word' id='word_1_38' title='bbox 850 465 988 509; x_wconf 82' lang='lat' dir='ltr'>Video</span> <span class='ocrx_word' id='word_1_39' title='bbox 1019 479 1192 509; x_wconf 91' lang='lat' dir='ltr'>omnem</span> <span class='ocrx_word' id='word_1_40' title='bbox 1222 465 1477 524; x_wconf 79' lang='lat' dir='ltr'>sapientiam</span> 
     </span>
     <span class='ocr_line' id='line_1_6' title="bbox 95 535 1475 600; baseline 0 -20"><span class='ocrx_word' id='word_1_41' title='bbox 95 557 115 580; x_wconf 90' lang='lat'>»</span> <span class='ocrx_word' id='word_1_42' title='bbox 151 540 242 600; x_wconf 88' lang='lat' dir='ltr'>ejus</span> <span class='ocrx_word' id='word_1_43' title='bbox 272 539 542 598; x_wconf 88' lang='lat' dir='ltr'>absoptam.)</span> <span class='ocrx_word' id='word_1_44' title='bbox 562 538 621 582; x_wconf 89' lang='lat' dir='ltr'>ita</span> <span class='ocrx_word' id='word_1_45' title='bbox 652 546 703 581; x_wconf 90' lang='lat' dir='ltr'>ut</span> <span class='ocrx_word' id='word_1_46' title='bbox 732 536 913 580; x_wconf 84' lang='lat' dir='ltr'>taederet</span> <span class='ocrx_word' id='word_1_47' title='bbox 935 550 1038 590; x_wconf 88' lang='lat' dir='ltr'>nos,</span> <span class='ocrx_word' id='word_1_48' title='bbox 1063 535 1234 595; x_wconf 84' lang='lat' dir='ltr'>inquit,</span> <span class='ocrx_word' id='word_1_49' title='bbox 1257 535 1387 579; x_wconf 89' lang='lat' dir='ltr'>etiam</span> <span class='ocrx_word' id='word_1_50' title='bbox 1407 536 1475 580; x_wconf 87' lang='lat' dir='ltr'>vi-</span> 
     </span>
     <span class='ocr_line' id='line_1_7' title="bbox 95 605 1477 668; baseline 0.001 -19"><span class='ocrx_word' id='word_1_51' title='bbox 95 626 116 650; x_wconf 88' lang='lat'>»</span> <span class='ocrx_word' id='word_1_52' title='bbox 150 624 250 652; x_wconf 88' lang='lat' dir='ltr'>vere</span> <span class='ocrx_word' id='word_1_53' title='bbox 266 611 296 652; x_wconf 87' lang='lat'>¹.</span> <span class='ocrx_word' id='word_1_54' title='bbox 326 627 345 649; x_wconf 87' lang='lat'>»</span> <span class='ocrx_word' id='word_1_55' title='bbox 367 612 424 652; x_wconf 90' lang='lat' dir='ltr'>Et</span> <span class='ocrx_word' id='word_1_56' title='bbox 440 606 731 668; x_wconf 76' lang='lat' dir='ltr'>quid?illeita</span> <span class='ocrx_word' id='word_1_57' title='bbox 749 605 998 650; x_wconf 86' lang='lat' dir='ltr'>deficientes</span> <span class='ocrx_word' id='word_1_58' title='bbox 1016 605 1258 650; x_wconf 82' lang='lat' dir='ltr'>desereret?</span> <span class='ocrx_word' id='word_1_59' title='bbox 1278 608 1368 650; x_wconf 87' lang='lat' dir='ltr'>Aut</span> <span class='ocrx_word' id='word_1_60' title='bbox 1388 621 1477 651; x_wconf 93' lang='lat' dir='ltr'>non</span> 
     </span>
     <span class='ocr_line' id='line_1_8' title="bbox 93 674 1480 737; baseline -0.001 -16"><span class='ocrx_word' id='word_1_61' title='bbox 93 687 323 737; x_wconf 88' lang='lat' dir='ltr'>propterea</span> <span class='ocrx_word' id='word_1_62' title='bbox 339 677 402 721; x_wconf 86' lang='lat' dir='ltr'>illi</span> <span class='ocrx_word' id='word_1_63' title='bbox 423 677 705 731; x_wconf 83' lang='lat' dir='ltr'>defecerunt,</span> <span class='ocrx_word' id='word_1_64' title='bbox 730 686 780 721; x_wconf 93' lang='lat' dir='ltr'>ut</span> <span class='ocrx_word' id='word_1_65' title='bbox 811 676 884 720; x_wconf 88' lang='lat' dir='ltr'>ille</span> <span class='ocrx_word' id='word_1_66' title='bbox 912 674 1030 736; x_wconf 88' lang='lat' dir='ltr'>apud</span> <span class='ocrx_word' id='word_1_67' title='bbox 1050 691 1122 720; x_wconf 89' lang='lat' dir='ltr'>eos</span> <span class='ocrx_word' id='word_1_68' title='bbox 1153 675 1334 734; x_wconf 85' lang='lat' dir='ltr'>gloriam</span> <span class='ocrx_word' id='word_1_69' title='bbox 1354 691 1480 736; x_wconf 90' lang='lat' dir='ltr'>repe-</span> 
     </span>
     <span class='ocr_line' id='line_1_9' title="bbox 99 746 1478 808; baseline -0.001 -16"><span class='ocrx_word' id='word_1_70' title='bbox 99 748 228 792; x_wconf 80' lang='lat' dir='ltr'>riret?</span> <span class='ocrx_word' id='word_1_71' title='bbox 242 748 438 808; x_wconf 90' lang='lat' dir='ltr'>Denique</span> <span class='ocrx_word' id='word_1_72' title='bbox 460 748 568 808; x_wconf 84' lang='lat' dir='ltr'>quid</span> <span class='ocrx_word' id='word_1_73' title='bbox 589 747 818 807; x_wconf 80' lang='lat' dir='ltr'>sequitur?</span> <span class='ocrx_word' id='word_1_74' title='bbox 840 766 860 789; x_wconf 91' lang='lat'>«</span> <span class='ocrx_word' id='word_1_75' title='bbox 885 746 969 791; x_wconf 92' lang='lat' dir='ltr'>Sed</span> <span class='ocrx_word' id='word_1_76' title='bbox 989 746 1069 806; x_wconf 85' lang='lat' dir='ltr'>ipsi</span> <span class='ocrx_word' id='word_1_77' title='bbox 1090 747 1137 790; x_wconf 92' lang='lat' dir='ltr'>in</span> <span class='ocrx_word' id='word_1_78' title='bbox 1158 746 1478 807; x_wconf 85' lang='lat' dir='ltr'>nobismetipsis</span> 
     </span>
     <span class='ocr_line' id='line_1_10' title="bbox 94 816 1476 877; baseline 0.001 -17"><span class='ocrx_word' id='word_1_79' title='bbox 94 836 116 860; x_wconf 91' lang='lat'>»</span> <span class='ocrx_word' id='word_1_80' title='bbox 150 833 403 877; x_wconf 87' lang='lat' dir='ltr'>responsum</span> <span class='ocrx_word' id='word_1_81' title='bbox 427 818 575 862; x_wconf 87' lang='lat' dir='ltr'>mortis</span> <span class='ocrx_word' id='word_1_82' title='bbox 597 818 827 861; x_wconf 83' lang='lat' dir='ltr'>habuimus</span> <span class='ocrx_word' id='word_1_83' title='bbox 843 852 853 869; x_wconf 84' lang='lat'>,</span> <span class='ocrx_word' id='word_1_84' title='bbox 879 826 929 860; x_wconf 92' lang='lat' dir='ltr'>ut</span> <span class='ocrx_word' id='word_1_85' title='bbox 958 832 1047 861; x_wconf 93' lang='lat' dir='ltr'>non</span> <span class='ocrx_word' id='word_1_86' title='bbox 1073 816 1257 861; x_wconf 87' lang='lat' dir='ltr'>fidentes</span> <span class='ocrx_word' id='word_1_87' title='bbox 1278 818 1325 860; x_wconf 92' lang='lat' dir='ltr'>in</span> <span class='ocrx_word' id='word_1_88' title='bbox 1350 817 1476 862; x_wconf 87' lang='lat' dir='ltr'>nobis</span> 
     </span>
     <span class='ocr_line' id='line_1_11' title="bbox 95 887 1478 948; baseline 0.002 -18"><span class='ocrx_word' id='word_1_89' title='bbox 95 908 116 931; x_wconf 87' lang='lat'>»</span> <span class='ocrx_word' id='word_1_90' title='bbox 151 889 307 940; x_wconf 86' lang='lat' dir='ltr'>simus,</span> <span class='ocrx_word' id='word_1_91' title='bbox 329 887 405 934; x_wconf 89' lang='lat' dir='ltr'>sed</span> <span class='ocrx_word' id='word_1_92' title='bbox 426 889 472 932; x_wconf 89' lang='lat' dir='ltr'>in</span> <span class='ocrx_word' id='word_1_93' title='bbox 494 892 584 933; x_wconf 92' lang='lat' dir='ltr'>Deo</span> <span class='ocrx_word' id='word_1_94' title='bbox 601 888 678 948; x_wconf 89' lang='lat' dir='ltr'>qui</span> <span class='ocrx_word' id='word_1_95' title='bbox 699 888 874 932; x_wconf 86' lang='lat' dir='ltr'>suscitat</span> <span class='ocrx_word' id='word_1_96' title='bbox 886 897 1081 932; x_wconf 88' lang='lat' dir='ltr'>mortuos</span> <span class='ocrx_word' id='word_1_97' title='bbox 1092 890 1124 931; x_wconf 70' lang='lat'>².</span> <span class='ocrx_word' id='word_1_98' title='bbox 1145 907 1165 930; x_wconf 87' lang='lat'>»</span> <span class='ocrx_word' id='word_1_99' title='bbox 1180 888 1478 948; x_wconf 86' lang='lat' dir='ltr'>Etimperavit</span> 
     </span>
     <span class='ocr_line' id='line_1_12' title="bbox 94 957 1477 1019; baseline 0.002 -18"><span class='ocrx_word' id='word_1_100' title='bbox 94 978 115 1001; x_wconf 92' lang='lat'>»</span> <span class='ocrx_word' id='word_1_101' title='bbox 150 958 376 1019; x_wconf 82' lang='lat' dir='ltr'>procellae,</span> <span class='ocrx_word' id='word_1_102' title='bbox 400 968 443 1003; x_wconf 89' lang='lat' dir='ltr'>et</span> <span class='ocrx_word' id='word_1_103' title='bbox 463 959 581 1003; x_wconf 87' lang='lat' dir='ltr'>stetit</span> <span class='ocrx_word' id='word_1_104' title='bbox 613 959 660 1002; x_wconf 90' lang='lat' dir='ltr'>in</span> <span class='ocrx_word' id='word_1_105' title='bbox 686 973 851 1002; x_wconf 88' lang='lat' dir='ltr'>auram.</span> <span class='ocrx_word' id='word_1_106' title='bbox 881 976 901 999; x_wconf 90' lang='lat'>»</span> <span class='ocrx_word' id='word_1_107' title='bbox 936 961 1032 1002; x_wconf 82' lang='lat' dir='ltr'>Jam</span> <span class='ocrx_word' id='word_1_108' title='bbox 1060 957 1123 1002; x_wconf 91' lang='lat' dir='ltr'>illi</span> <span class='ocrx_word' id='word_1_109' title='bbox 1145 957 1200 1002; x_wconf 89' lang='lat' dir='ltr'>de</span> <span class='ocrx_word' id='word_1_110' title='bbox 1222 974 1266 1003; x_wconf 90' lang='lat' dir='ltr'>se</span> <span class='ocrx_word' id='word_1_111' title='bbox 1295 960 1414 1018; x_wconf 91' lang='lat' dir='ltr'>apud</span> <span class='ocrx_word' id='word_1_112' title='bbox 1433 975 1477 1004; x_wconf 86' lang='lat' dir='ltr'>se</span> 
     </span>
     <span class='ocr_line' id='line_1_13' title="bbox 93 1029 1475 1089; baseline 0 -15"><span class='ocrx_word' id='word_1_113' title='bbox 93 1045 346 1089; x_wconf 86' lang='lat' dir='ltr'>responsum</span> <span class='ocrx_word' id='word_1_114' title='bbox 380 1030 530 1074; x_wconf 88' lang='lat' dir='ltr'>mortis</span> <span class='ocrx_word' id='word_1_115' title='bbox 561 1029 832 1084; x_wconf 89' lang='lat' dir='ltr'>habuerant,</span> <span class='ocrx_word' id='word_1_116' title='bbox 872 1044 1061 1089; x_wconf 89' lang='lat' dir='ltr'>quorum</span> <span class='ocrx_word' id='word_1_117' title='bbox 1091 1029 1229 1073; x_wconf 89' lang='lat' dir='ltr'>omnis</span> <span class='ocrx_word' id='word_1_118' title='bbox 1266 1030 1475 1088; x_wconf 86' lang='lat' dir='ltr'>sapientia</span> 
     </span>
     <span class='ocr_line' id='line_1_14' title="bbox 91 1100 1473 1161; baseline 0 -15"><span class='ocrx_word' id='word_1_119' title='bbox 91 1102 294 1161; x_wconf 88' lang='lat' dir='ltr'>absorpta</span> <span class='ocrx_word' id='word_1_120' title='bbox 313 1111 417 1145; x_wconf 87' lang='lat' dir='ltr'>erat.</span> <span class='ocrx_word' id='word_1_121' title='bbox 438 1121 458 1143; x_wconf 87' lang='lat'>«</span> <span class='ocrx_word' id='word_1_122' title='bbox 476 1104 532 1145; x_wconf 91' lang='lat' dir='ltr'>Et</span> <span class='ocrx_word' id='word_1_123' title='bbox 548 1101 761 1145; x_wconf 85' lang='lat' dir='ltr'>siluerunt</span> <span class='ocrx_word' id='word_1_124' title='bbox 771 1100 931 1144; x_wconf 79' lang='lat' dir='ltr'>fluctus</span> <span class='ocrx_word' id='word_1_125' title='bbox 944 1101 1048 1159; x_wconf 87' lang='lat' dir='ltr'>ejus.</span> <span class='ocrx_word' id='word_1_126' title='bbox 1064 1102 1119 1144; x_wconf 84' lang='lat' dir='ltr'>Et</span> <span class='ocrx_word' id='word_1_127' title='bbox 1126 1100 1357 1159; x_wconf 86' lang='lat' dir='ltr'>jucundati</span> <span class='ocrx_word' id='word_1_128' title='bbox 1371 1111 1473 1146; x_wconf 89' lang='lat' dir='ltr'>sunt</span> 
     </span>
     <span class='ocr_line' id='line_1_15' title="bbox 95 1169 1476 1232; baseline 0.002 -19"><span class='ocrx_word' id='word_1_129' title='bbox 95 1192 112 1213; x_wconf 90' lang='lat'>»</span> <span class='ocrx_word' id='word_1_130' title='bbox 147 1173 356 1232; x_wconf 89' lang='lat' dir='ltr'>quoniam</span> <span class='ocrx_word' id='word_1_131' title='bbox 377 1171 591 1215; x_wconf 90' lang='lat' dir='ltr'>siluerunt</span> <span class='ocrx_word' id='word_1_132' title='bbox 611 1190 619 1215; x_wconf 93' lang='grc'>;</span> <span class='ocrx_word' id='word_1_133' title='bbox 638 1180 679 1214; x_wconf 88' lang='lat' dir='ltr'>et</span> <span class='ocrx_word' id='word_1_134' title='bbox 694 1169 876 1215; x_wconf 82' lang='lat' dir='ltr'>deduxit</span> <span class='ocrx_word' id='word_1_135' title='bbox 891 1186 963 1214; x_wconf 90' lang='lat' dir='ltr'>eos</span> <span class='ocrx_word' id='word_1_136' title='bbox 985 1171 1031 1214; x_wconf 90' lang='lat' dir='ltr'>in</span> <span class='ocrx_word' id='word_1_137' title='bbox 1047 1179 1222 1230; x_wconf 89' lang='lat' dir='ltr'>portum</span> <span class='ocrx_word' id='word_1_138' title='bbox 1237 1170 1476 1217; x_wconf 87' lang='lat' dir='ltr'>voluntatis</span> 
     </span>
     <span class='ocr_line' id='line_1_16' title="bbox 92 1242 1475 1302; baseline 0.003 -19"><span class='ocrx_word' id='word_1_139' title='bbox 92 1261 113 1283; x_wconf 88' lang='lat'>»</span> <span class='ocrx_word' id='word_1_140' title='bbox 147 1257 314 1287; x_wconf 89' lang='lat' dir='ltr'>eorum.</span> <span class='ocrx_word' id='word_1_141' title='bbox 340 1243 642 1287; x_wconf 87' lang='lat' dir='ltr'>Confiteantur</span> <span class='ocrx_word' id='word_1_142' title='bbox 655 1242 840 1286; x_wconf 89' lang='lat' dir='ltr'>Domino</span> <span class='ocrx_word' id='word_1_143' title='bbox 857 1242 1151 1286; x_wconf 83' lang='lat' dir='ltr'>miserationes</span> <span class='ocrx_word' id='word_1_144' title='bbox 1173 1243 1304 1302; x_wconf 76' lang='lat' dir='ltr'>ejus3.</span> <span class='ocrx_word' id='word_1_145' title='bbox 1329 1261 1348 1284; x_wconf 68' lang='grc' dir='ltr'><strong><em>η</em></strong></span> <span class='ocrx_word' id='word_1_146' title='bbox 1370 1243 1475 1287; x_wconf 87' lang='lat' dir='ltr'>Ubi-</span> 
     </span>
     <span class='ocr_line' id='line_1_17' title="bbox 88 1312 1473 1374; baseline 0.001 -18"><span class='ocrx_word' id='word_1_147' title='bbox 88 1328 176 1374; x_wconf 88' lang='lat' dir='ltr'>que</span> <span class='ocrx_word' id='word_1_148' title='bbox 197 1312 375 1357; x_wconf 92' lang='lat' dir='ltr'>omnino</span> <span class='ocrx_word' id='word_1_149' title='bbox 391 1347 402 1367; x_wconf 96' lang='lat'>,</span> <span class='ocrx_word' id='word_1_150' title='bbox 431 1312 596 1371; x_wconf 83' lang='lat' dir='ltr'>ubique</span> <span class='ocrx_word' id='word_1_151' title='bbox 617 1332 637 1354; x_wconf 96' lang='lat'>«</span> <span class='ocrx_word' id='word_1_152' title='bbox 664 1313 966 1357; x_wconf 90' lang='lat' dir='ltr'>Confiteantur</span> <span class='ocrx_word' id='word_1_153' title='bbox 988 1313 1196 1368; x_wconf 88' lang='lat' dir='ltr'>Domino,</span> <span class='ocrx_word' id='word_1_154' title='bbox 1222 1333 1239 1355; x_wconf 91' lang='lat'>»</span> <span class='ocrx_word' id='word_1_155' title='bbox 1267 1329 1358 1358; x_wconf 91' lang='lat' dir='ltr'>non</span> <span class='ocrx_word' id='word_1_156' title='bbox 1378 1329 1473 1358; x_wconf 91' lang='lat' dir='ltr'>me-</span> 
     </span>
     <span class='ocr_line' id='line_1_18' title="bbox 89 1383 1473 1442; baseline 0.001 -14"><span class='ocrx_word' id='word_1_157' title='bbox 89 1385 170 1428; x_wconf 89' lang='lat' dir='ltr'>rita</span> <span class='ocrx_word' id='word_1_158' title='bbox 193 1393 360 1437; x_wconf 84' lang='lat' dir='ltr'>nostra,</span> <span class='ocrx_word' id='word_1_159' title='bbox 386 1399 475 1427; x_wconf 92' lang='lat' dir='ltr'>non</span> <span class='ocrx_word' id='word_1_160' title='bbox 492 1383 602 1427; x_wconf 86' lang='lat' dir='ltr'>vires</span> <span class='ocrx_word' id='word_1_161' title='bbox 625 1392 784 1427; x_wconf 87' lang='lat' dir='ltr'>nostrae</span> <span class='ocrx_word' id='word_1_162' title='bbox 803 1418 813 1437; x_wconf 86' lang='lat'>,</span> <span class='ocrx_word' id='word_1_163' title='bbox 838 1398 929 1426; x_wconf 94' lang='lat' dir='ltr'>non</span> <span class='ocrx_word' id='word_1_164' title='bbox 968 1383 1176 1442; x_wconf 77' lang='lat' dir='ltr'>sapientia</span> <span class='ocrx_word' id='word_1_165' title='bbox 1199 1393 1345 1428; x_wconf 87' lang='lat' dir='ltr'>nostra</span> <span class='ocrx_word' id='word_1_166' title='bbox 1361 1420 1372 1440; x_wconf 96' lang='lat'>,</span> <span class='ocrx_word' id='word_1_167' title='bbox 1397 1384 1473 1429; x_wconf 89' lang='lat' dir='ltr'>sed</span> 
     </span>
     <span class='ocr_line' id='line_1_19' title="bbox 93 1453 1473 1514; baseline 0.004 -19"><span class='ocrx_word' id='word_1_168' title='bbox 93 1474 112 1495; x_wconf 91' lang='lat'>«</span> <span class='ocrx_word' id='word_1_169' title='bbox 146 1455 442 1499; x_wconf 83' lang='lat' dir='ltr'>Miserationcs</span> <span class='ocrx_word' id='word_1_170' title='bbox 464 1456 571 1514; x_wconf 81' lang='lat' dir='ltr'>ejus.</span> <span class='ocrx_word' id='word_1_171' title='bbox 594 1472 614 1495; x_wconf 86' lang='lat'>»</span> <span class='ocrx_word' id='word_1_172' title='bbox 638 1453 716 1497; x_wconf 82' lang='lat' dir='ltr'>Ille</span> <span class='ocrx_word' id='word_1_173' title='bbox 738 1463 907 1497; x_wconf 89' lang='lat' dir='ltr'>ametur</span> <span class='ocrx_word' id='word_1_174' title='bbox 934 1453 979 1497; x_wconf 90' lang='lat' dir='ltr'>in</span> <span class='ocrx_word' id='word_1_175' title='bbox 1001 1455 1120 1498; x_wconf 91' lang='lat' dir='ltr'>omni</span> <span class='ocrx_word' id='word_1_176' title='bbox 1144 1464 1290 1499; x_wconf 88' lang='lat' dir='ltr'>nostra</span> <span class='ocrx_word' id='word_1_177' title='bbox 1311 1455 1473 1500; x_wconf 86' lang='lat' dir='ltr'>libera-</span> 
     </span>
     <span class='ocr_line' id='line_1_20' title="bbox 88 1525 1475 1585; baseline 0.004 -17"><span class='ocrx_word' id='word_1_178' title='bbox 88 1526 221 1579; x_wconf 84' lang='lat' dir='ltr'>tione,</span> <span class='ocrx_word' id='word_1_179' title='bbox 244 1525 320 1585; x_wconf 85' lang='lat' dir='ltr'>qui</span> <span class='ocrx_word' id='word_1_180' title='bbox 336 1535 399 1569; x_wconf 85' lang='lat' dir='ltr'>est</span> <span class='ocrx_word' id='word_1_181' title='bbox 414 1525 638 1569; x_wconf 78' lang='lat' dir='ltr'>invocatus</span> <span class='ocrx_word' id='word_1_182' title='bbox 654 1525 701 1568; x_wconf 90' lang='lat' dir='ltr'>in</span> <span class='ocrx_word' id='word_1_183' title='bbox 713 1525 832 1569; x_wconf 86' lang='lat' dir='ltr'>omni</span> <span class='ocrx_word' id='word_1_184' title='bbox 850 1534 995 1570; x_wconf 83' lang='lat' dir='ltr'>nostra</span> <span class='ocrx_word' id='word_1_185' title='bbox 1012 1526 1308 1572; x_wconf 87' lang='lat' dir='ltr'>tribulatione.</span> <span class='ocrx_word' id='word_1_186' title='bbox 1324 1548 1343 1571; x_wconf 94' lang='lat'>«</span> <span class='ocrx_word' id='word_1_187' title='bbox 1361 1532 1475 1575; x_wconf 90' lang='lat' dir='ltr'>Con-</span> 
     </span>
     <span class='ocr_line' id='line_1_21' title="bbox 93 1596 1474 1661; baseline 0.006 -24"><span class='ocrx_word' id='word_1_188' title='bbox 93 1616 111 1637; x_wconf 90' lang='lat'>»</span> <span class='ocrx_word' id='word_1_189' title='bbox 147 1597 352 1640; x_wconf 84' lang='lat' dir='ltr'>fiteantur</span> <span class='ocrx_word' id='word_1_190' title='bbox 384 1596 570 1640; x_wconf 83' lang='lat' dir='ltr'>Domino</span> <span class='ocrx_word' id='word_1_191' title='bbox 608 1596 900 1640; x_wconf 84' lang='lat' dir='ltr'>miserationes</span> <span class='ocrx_word' id='word_1_192' title='bbox 923 1597 1013 1657; x_wconf 88' lang='lat' dir='ltr'>ejus</span> <span class='ocrx_word' id='word_1_193' title='bbox 1027 1633 1039 1653; x_wconf 94' lang='lat'>,</span> <span class='ocrx_word' id='word_1_194' title='bbox 1074 1607 1118 1642; x_wconf 85' lang='lat' dir='ltr'>et</span> <span class='ocrx_word' id='word_1_195' title='bbox 1138 1599 1348 1644; x_wconf 86' lang='lat' dir='ltr'>mirabilia</span> <span class='ocrx_word' id='word_1_196' title='bbox 1384 1603 1474 1661; x_wconf 86' lang='lat' dir='ltr'>ejus</span> 
     </span>
     <span class='ocr_line' id='line_1_22' title="bbox 91 1666 560 1711; baseline 0 -4"><span class='ocrx_word' id='word_1_197' title='bbox 91 1685 111 1707; x_wconf 87' lang='lat'>»</span> <span class='ocrx_word' id='word_1_198' title='bbox 146 1666 242 1710; x_wconf 88' lang='lat' dir='ltr'>filiis</span> <span class='ocrx_word' id='word_1_199' title='bbox 260 1667 502 1711; x_wconf 89' lang='lat' dir='ltr'>hominum.</span> <span class='ocrx_word' id='word_1_200' title='bbox 539 1685 560 1707; x_wconf 85' lang='lat'>»</span> 
     </span>
    </p>

    <p class='ocr_par' dir='ltr' id='par_1_3' title="bbox 87 1735 1478 2439">
     <span class='ocr_line' id='line_1_23' title="bbox 147 1735 1476 1800; baseline 0.005 -20"><span class='ocrx_word' id='word_1_201' title='bbox 147 1739 272 1781; x_wconf 83' lang='lat' dir='ltr'>XIII.</span> <span class='ocrx_word' id='word_1_202' title='bbox 290 1741 346 1781; x_wconf 87' lang='lat' dir='ltr'>Et</span> <span class='ocrx_word' id='word_1_203' title='bbox 362 1737 506 1781; x_wconf 88' lang='lat' dir='ltr'>videte</span> <span class='ocrx_word' id='word_1_204' title='bbox 526 1736 644 1780; x_wconf 87' lang='lat' dir='ltr'>unde</span> <span class='ocrx_word' id='word_1_205' title='bbox 665 1735 796 1791; x_wconf 90' lang='lat' dir='ltr'>dicat,</span> <span class='ocrx_word' id='word_1_206' title='bbox 810 1736 930 1781; x_wconf 81' lang='lat' dir='ltr'>unde</span> <span class='ocrx_word' id='word_1_207' title='bbox 947 1739 1092 1786; x_wconf 87' lang='lat' dir='ltr'>omnia</span> <span class='ocrx_word' id='word_1_208' title='bbox 1109 1740 1190 1784; x_wconf 89' lang='lat' dir='ltr'>ista</span> <span class='ocrx_word' id='word_1_209' title='bbox 1210 1741 1476 1800; x_wconf 86' lang='lat' dir='ltr'>praelocutus</span> 
     </span>
     <span class='ocr_line' id='line_1_24' title="bbox 87 1807 1474 1869; baseline 0.004 -17"><span class='ocrx_word' id='word_1_210' title='bbox 87 1808 163 1862; x_wconf 80' lang='lat' dir='ltr'>sit,</span> <span class='ocrx_word' id='word_1_211' title='bbox 179 1807 296 1851; x_wconf 88' lang='lat' dir='ltr'>unde</span> <span class='ocrx_word' id='word_1_212' title='bbox 312 1809 456 1852; x_wconf 87' lang='lat' dir='ltr'>omnia</span> <span class='ocrx_word' id='word_1_213' title='bbox 474 1809 567 1852; x_wconf 82' lang='lat' dir='ltr'>haec</span> <span class='ocrx_word' id='word_1_214' title='bbox 590 1809 934 1864; x_wconf 85' lang='lat' dir='ltr'>enumeraverit,</span> <span class='ocrx_word' id='word_1_215' title='bbox 960 1809 1036 1853; x_wconf 89' lang='lat' dir='ltr'>ubi</span> <span class='ocrx_word' id='word_1_216' title='bbox 1054 1813 1362 1869; x_wconf 82' lang='lat' dir='ltr'>aganturhaec.</span> <span class='ocrx_word' id='word_1_217' title='bbox 1379 1833 1398 1855; x_wconf 88' lang='lat'>«</span> <span class='ocrx_word' id='word_1_218' title='bbox 1417 1817 1474 1860; x_wconf 90' lang='lat' dir='ltr'>Et</span> 
     </span>
     <span class='ocr_line' id='line_1_25' title="bbox 91 1877 1478 1937; baseline 0.006 -17"><span class='ocrx_word' id='word_1_219' title='bbox 91 1896 111 1919; x_wconf 87' lang='lat'>»</span> <span class='ocrx_word' id='word_1_220' title='bbox 138 1878 326 1922; x_wconf 78' lang='lat' dir='ltr'>exaltent</span> <span class='ocrx_word' id='word_1_221' title='bbox 338 1879 494 1922; x_wconf 88' lang='lat' dir='ltr'>eumin</span> <span class='ocrx_word' id='word_1_222' title='bbox 506 1877 694 1922; x_wconf 85' lang='lat' dir='ltr'>Ecclesia</span> <span class='ocrx_word' id='word_1_223' title='bbox 716 1878 869 1937; x_wconf 89' lang='lat' dir='ltr'>populi</span> <span class='ocrx_word' id='word_1_224' title='bbox 888 1900 899 1937; x_wconf 78' lang='lat'>3</span> <span class='ocrx_word' id='word_1_225' title='bbox 924 1880 1025 1924; x_wconf 84' lang='lat' dir='ltr'>etin</span> <span class='ocrx_word' id='word_1_226' title='bbox 1039 1882 1242 1927; x_wconf 89' lang='lat' dir='ltr'>cathedra</span> <span class='ocrx_word' id='word_1_227' title='bbox 1257 1885 1478 1930; x_wconf 80' lang='lat' dir='ltr'>seniorum</span> 
     </span>
     <span class='ocr_line' id='line_1_26' title="bbox 92 1948 1473 2010; baseline 0.005 -21"><span class='ocrx_word' id='word_1_228' title='bbox 92 1967 112 1989; x_wconf 86' lang='lat'>»</span> <span class='ocrx_word' id='word_1_229' title='bbox 130 1948 311 1992; x_wconf 86' lang='lat' dir='ltr'>laudent</span> <span class='ocrx_word' id='word_1_230' title='bbox 325 1950 442 1992; x_wconf 88' lang='lat' dir='ltr'>eum&#39;</span> <span class='ocrx_word' id='word_1_231' title='bbox 451 1949 727 1993; x_wconf 73' lang='lat' dir='ltr'>.Etexaltent</span> <span class='ocrx_word' id='word_1_232' title='bbox 744 1963 859 2001; x_wconf 81' lang='lat' dir='ltr'>eum,</span> <span class='ocrx_word' id='word_1_233' title='bbox 869 1950 986 1995; x_wconf 88' lang='lat' dir='ltr'>»hoc</span> <span class='ocrx_word' id='word_1_234' title='bbox 1001 1960 1080 2005; x_wconf 85' lang='lat' dir='ltr'>est,</span> <span class='ocrx_word' id='word_1_235' title='bbox 1091 1953 1443 2010; x_wconf 85' lang='lat' dir='ltr'>«Laudenteum,</span> <span class='ocrx_word' id='word_1_236' title='bbox 1452 1974 1473 1997; x_wconf 87' lang='lat'>»</span> 
     </span>
     <span class='ocr_line' id='line_1_27' title="bbox 88 2019 1467 2081; baseline 0.007 -19"><span class='ocrx_word' id='word_1_237' title='bbox 88 2028 166 2062; x_wconf 90' lang='lat' dir='ltr'>et«</span> <span class='ocrx_word' id='word_1_238' title='bbox 185 2019 387 2063; x_wconf 85' lang='lat' dir='ltr'>Laudent</span> <span class='ocrx_word' id='word_1_239' title='bbox 404 2035 520 2074; x_wconf 86' lang='lat' dir='ltr'>eum,</span> <span class='ocrx_word' id='word_1_240' title='bbox 541 2041 557 2061; x_wconf 90' lang='lat'>»</span> <span class='ocrx_word' id='word_1_241' title='bbox 578 2020 660 2064; x_wconf 90' lang='lat' dir='ltr'>hoc</span> <span class='ocrx_word' id='word_1_242' title='bbox 683 2029 767 2073; x_wconf 87' lang='lat' dir='ltr'>est,</span> <span class='ocrx_word' id='word_1_243' title='bbox 793 2039 814 2062; x_wconf 88' lang='lat'>«</span> <span class='ocrx_word' id='word_1_244' title='bbox 829 2021 1033 2066; x_wconf 84' lang='lat' dir='ltr'>Exaltent</span> <span class='ocrx_word' id='word_1_245' title='bbox 1057 2039 1172 2068; x_wconf 87' lang='lat' dir='ltr'>eum.</span> <span class='ocrx_word' id='word_1_246' title='bbox 1199 2043 1218 2066; x_wconf 87' lang='lat'>»</span> <span class='ocrx_word' id='word_1_247' title='bbox 1244 2025 1467 2081; x_wconf 82' lang='lat' dir='ltr'>Exaltent,</span> 
     </span>
     <span class='ocr_line' id='line_1_28' title="bbox 87 2076 1466 2167; baseline 0.006 -34"><span class='ocrx_word' id='word_1_248' title='bbox 87 2076 268 2133; x_wconf 81' lang='lat' dir='ltr'>laudent</span> <span class='ocrx_word' id='word_1_249' title='bbox 279 2092 431 2167; x_wconf 86' lang='lat' dir='ltr'>populi</span> <span class='ocrx_word' id='word_1_250' title='bbox 443 2101 486 2135; x_wconf 89' lang='lat' dir='ltr'>et</span> <span class='ocrx_word' id='word_1_251' title='bbox 499 2092 642 2136; x_wconf 82' lang='lat' dir='ltr'>seni01</span> <span class='ocrx_word' id='word_1_252' title='bbox 646 2106 705 2145; x_wconf 85' lang='lat' dir='ltr'>es,</span> <span class='ocrx_word' id='word_1_253' title='bbox 722 2100 764 2135; x_wconf 85' lang='lat' dir='ltr'>et</span> <span class='ocrx_word' id='word_1_254' title='bbox 778 2094 1065 2154; x_wconf 83' lang='lat' dir='ltr'>negotiatores</span> <span class='ocrx_word' id='word_1_255' title='bbox 1086 2105 1130 2140; x_wconf 88' lang='lat' dir='ltr'>et</span> <span class='ocrx_word' id='word_1_256' title='bbox 1143 2095 1466 2155; x_wconf 82' lang='lat' dir='ltr'>gubernatores.</span> 
     </span>
     <span class='ocr_line' id='line_1_29' title="bbox 87 2159 1473 2226; baseline 0.006 -23"><span class='ocrx_word' id='word_1_257' title='bbox 87 2159 205 2213; x_wconf 84' lang='lat' dir='ltr'>Quid</span> <span class='ocrx_word' id='word_1_258' title='bbox 227 2162 343 2204; x_wconf 90' lang='lat' dir='ltr'>enim</span> <span class='ocrx_word' id='word_1_259' title='bbox 375 2161 478 2205; x_wconf 86' lang='lat' dir='ltr'>fecit</span> <span class='ocrx_word' id='word_1_260' title='bbox 511 2163 557 2206; x_wconf 91' lang='lat' dir='ltr'>in</span> <span class='ocrx_word' id='word_1_261' title='bbox 587 2163 667 2207; x_wconf 86' lang='lat' dir='ltr'>hac</span> <span class='ocrx_word' id='word_1_262' title='bbox 692 2164 915 2209; x_wconf 81' lang='lat' dir='ltr'>Ecclesia?</span> <span class='ocrx_word' id='word_1_263' title='bbox 940 2165 1049 2226; x_wconf 91' lang='lat' dir='ltr'>quid</span> <span class='ocrx_word' id='word_1_264' title='bbox 1078 2167 1332 2211; x_wconf 80' lang='lat' dir='ltr'>constituit?</span> <span class='ocrx_word' id='word_1_265' title='bbox 1353 2167 1473 2211; x_wconf 91' lang='lat' dir='ltr'>unde</span> 
     </span>
     <span class='ocr_line' id='line_1_30' title="bbox 87 2228 1470 2297; baseline 0.007 -24"><span class='ocrx_word' id='word_1_266' title='bbox 87 2228 206 2273; x_wconf 92' lang='lat' dir='ltr'>illam</span> <span class='ocrx_word' id='word_1_267' title='bbox 231 2233 372 2275; x_wconf 75' lang='lat' dir='ltr'>eruit?</span> <span class='ocrx_word' id='word_1_268' title='bbox 405 2232 511 2292; x_wconf 87' lang='lat' dir='ltr'>quid</span> <span class='ocrx_word' id='word_1_269' title='bbox 547 2234 585 2277; x_wconf 92' lang='lat' dir='ltr'>ei</span> <span class='ocrx_word' id='word_1_270' title='bbox 616 2235 842 2293; x_wconf 79' lang='lat' dir='ltr'>praestitit?</span> <span class='ocrx_word' id='word_1_271' title='bbox 876 2236 1254 2289; x_wconf 89' lang='lat' dir='ltr'>Quemadmodum</span> <span class='ocrx_word' id='word_1_272' title='bbox 1275 2237 1470 2297; x_wconf 90' lang='lat' dir='ltr'>superbis</span> 
     </span>
     <span class='ocr_line' id='line_1_31' title="bbox 87 2301 1474 2368; baseline 0.006 -24"><span class='ocrx_word' id='word_1_273' title='bbox 87 2301 264 2357; x_wconf 83' lang='lat' dir='ltr'>restitit,</span> <span class='ocrx_word' id='word_1_274' title='bbox 285 2302 523 2348; x_wconf 90' lang='lat' dir='ltr'>humilibus</span> <span class='ocrx_word' id='word_1_275' title='bbox 544 2305 722 2363; x_wconf 85' lang='lat' dir='ltr'>gratiam</span> <span class='ocrx_word' id='word_1_276' title='bbox 743 2306 862 2351; x_wconf 88' lang='lat' dir='ltr'>dedit</span> <span class='ocrx_word' id='word_1_277' title='bbox 876 2309 891 2332; x_wconf 80' lang='lat'><strong>⁵</strong></span> <span class='ocrx_word' id='word_1_278' title='bbox 912 2326 920 2352; x_wconf 91' lang='lat'>:</span> <span class='ocrx_word' id='word_1_279' title='bbox 938 2307 1134 2367; x_wconf 91' lang='lat' dir='ltr'>superbis</span> <span class='ocrx_word' id='word_1_280' title='bbox 1155 2308 1317 2353; x_wconf 87' lang='lat' dir='ltr'>scilicet</span> <span class='ocrx_word' id='word_1_281' title='bbox 1332 2309 1474 2368; x_wconf 85' lang='lat' dir='ltr'>primo</span> 
     </span>
     <span class='ocr_line' id='line_1_32' title="bbox 88 2372 1471 2439; baseline 0.007 -24"><span class='ocrx_word' id='word_1_282' title='bbox 88 2372 253 2431; x_wconf 90' lang='lat' dir='ltr'>populo</span> <span class='ocrx_word' id='word_1_283' title='bbox 291 2375 314 2417; x_wconf 91' lang='lat' dir='ltr'><strong>J</strong></span> <span class='ocrx_word' id='word_1_284' title='bbox 321 2373 567 2430; x_wconf 79' lang='lat' dir='ltr'>udaeorum,</span> <span class='ocrx_word' id='word_1_285' title='bbox 598 2377 814 2435; x_wconf 82' lang='lat' dir='ltr'>arroganti</span> <span class='ocrx_word' id='word_1_286' title='bbox 845 2387 889 2421; x_wconf 90' lang='lat' dir='ltr'>et</span> <span class='ocrx_word' id='word_1_287' title='bbox 908 2378 1132 2423; x_wconf 83' lang='lat' dir='ltr'>extollenti</span> <span class='ocrx_word' id='word_1_288' title='bbox 1168 2395 1212 2423; x_wconf 89' lang='lat' dir='ltr'>se</span> <span class='ocrx_word' id='word_1_289' title='bbox 1234 2379 1288 2424; x_wconf 94' lang='lat' dir='ltr'>de</span> <span class='ocrx_word' id='word_1_290' title='bbox 1315 2394 1471 2439; x_wconf 87' lang='lat' dir='ltr'>genere</span> 
     </span>
    </p>
   </div>
   <div class='ocr_carea' id='block_1_3' title="bbox 94 2470 1476 2565">
    <p class='ocr_par' dir='ltr' id='par_1_4' title="bbox 94 2470 1476 2565">
     <span class='ocr_line' id='line_1_33' title="bbox 138 2470 1476 2516; baseline 0.007 -15"><span class='ocrx_word' id='word_1_291' title='bbox 138 2473 146 2489; x_wconf 74' lang='lat'><strong>⁸</strong></span> <span class='ocrx_word' id='word_1_292' title='bbox 169 2477 188 2501; x_wconf 85' lang='lat'><strong>2</strong></span> <span class='ocrx_word' id='word_1_293' title='bbox 212 2471 284 2502; x_wconf 87' lang='lat' dir='ltr'>Cor.</span> <span class='ocrx_word' id='word_1_294' title='bbox 307 2481 329 2510; x_wconf 81' lang='grc' dir='ltr'>ι,</span> <span class='ocrx_word' id='word_1_295' title='bbox 350 2470 381 2503; x_wconf 84' lang='grc'>8.</span> <span class='ocrx_word' id='word_1_296' title='bbox 402 2488 443 2493; x_wconf 91' lang='lat'>—-</span> <span class='ocrx_word' id='word_1_297' title='bbox 464 2472 573 2504; x_wconf 79' lang='lat' dir='ltr'>²1bid.</span> <span class='ocrx_word' id='word_1_298' title='bbox 600 2475 631 2505; x_wconf 81' lang='lat'>9.</span> <span class='ocrx_word' id='word_1_299' title='bbox 659 2490 700 2496; x_wconf 73' lang='lat'>—-</span> <span class='ocrx_word' id='word_1_300' title='bbox 718 2472 731 2496; x_wconf 87' lang='lat'><em>3</em></span> <span class='ocrx_word' id='word_1_301' title='bbox 747 2474 824 2505; x_wconf 73' lang='lat' dir='ltr'>psal.</span> <span class='ocrx_word' id='word_1_302' title='bbox 841 2485 903 2515; x_wconf 71' lang='lat' dir='ltr'>cvr,</span> <span class='ocrx_word' id='word_1_303' title='bbox 923 2474 978 2516; x_wconf 85' lang='lat'>30,</span> <span class='ocrx_word' id='word_1_304' title='bbox 998 2477 1050 2508; x_wconf 80' lang='lat'>31.</span> <span class='ocrx_word' id='word_1_305' title='bbox 1070 2493 1109 2499; x_wconf 46' lang='grc' dir='ltr'>-ο</span> <span class='ocrx_word' id='word_1_306' title='bbox 1131 2475 1247 2509; x_wconf 80' lang='lat' dir='ltr'>41bid.</span> <span class='ocrx_word' id='word_1_307' title='bbox 1263 2477 1316 2509; x_wconf 84' lang='lat'>32.</span> <span class='ocrx_word' id='word_1_308' title='bbox 1334 2494 1375 2500; x_wconf 91' lang='lat'>—-</span> <span class='ocrx_word' id='word_1_309' title='bbox 1395 2475 1476 2509; x_wconf 74' lang='grc' dir='ltr'>5Ιᾶ-</span> 
     </span>
     <span class='ocr_line' id='line_1_34' title="bbox 94 2523 290 2565; baseline 0.005 -10"><span class='ocrx_word' id='word_1_310' title='bbox 94 2523 233 2565; x_wconf 82' lang='lat' dir='ltr'>cob.1v,</span> <span class='ocrx_word' id='word_1_311' title='bbox 257 2525 290 2557; x_wconf 88' lang='lat'>6.</span> 
     </span>
    </p>
   </div>
  </div>
 </body>
</html>
