1848 3261
356 196 439 236 278
786 204 820 234 s.
856 203 1087 234 Auousnm
1118 206 1300 234 1:121500121

354 288 454 320 uem
464 271 534 317 vel
555 270 864 331 irrigationem,
877 270 965 316 sive
979 286 1057 331 per
1071 270 1216 316 oleum
1230 280 1407 332 propter
1418 271 1730 319 exultationem

352 354 395 390 et
412 342 799 387 inflammationem
813 342 1047 398 charitatis,
1062 341 1328 401 significetur
1343 344 1524 404 Spiritus
1541 353 1730 404 sanctus3

349 432 440 461 non
457 414 557 460 ideo
579 424 643 459 est
668 431 692 459 a
712 430 755 458 se
776 414 870 473 ipso
897 414 1089 458 diversus
1105 449 1117 470 ,
1143 414 1245 474 quia
1274 415 1395 473 signa
1416 415 1586 461 diversa
1609 425 1726 461 sunt.

347 486 539 533 Multum
561 486 677 530 enim
703 484 870 529 diversa
897 493 1000 528 sunt
1022 485 1152 529 etiam
1172 484 1242 529 leo
1264 494 1307 529 et
1328 500 1482 543 agnus,
1514 497 1557 532 et
1583 496 1731 532 tamen

347 568 536 618 utroque
553 556 815 614 significatus
835 564 897 599 est
910 556 1119 601 Christus.
1135 559 1222 601 Leo
1243 566 1421 617 propter
1438 557 1573 614 aliud,
1593 574 1731 618 agnus

346 638 524 690 propter
545 626 690 683 aliud,
712 641 801 670 non
824 635 971 669 tamen
985 626 1092 670 alius
1109 646 1118 671 ε
1136 627 1238 687 quia
1251 643 1331 672 nec
1347 627 1472 672 fortis
1495 637 1558 673 est
1574 644 1727 688 agnus,

346 716 428 744 nec
449 700 657 742 innocens
676 696 768 754 leo,
783 696 978 741 Christus
995 705 1142 740 autem
1164 706 1208 740 et
1218 697 1427 742 innocens
1440 707 1505 742 est
1516 708 1565 743 ut
1578 713 1728 757 agnus,

346 779 390 815 et
403 769 526 814 fortis
539 777 587 812 ut
599 766 683 811 leo.
697 767 810 811 Dicit
823 775 968 811 autem
981 766 1098 825 apud
1110 769 1265 811 Isaiam
1282 767 1372 827 ipse
1384 770 1504 812 Jesus
1513 769 1727 826 Christus,

349 859 371 883 «
407 839 588 898 Spiritus
609 837 782 882 Domini
803 851 932 895 super
953 851 1022 879 me
1037 871 1048 891 ,
1081 845 1260 896 propter
1276 837 1397 898 quod
1425 839 1552 883 unxit
1567 841 1680 883 me1.
1705 857 1726 882 »

401 911 586 953 XXVII.
611 910 706 952 «Et
727 922 808 966 ego
831 905 970 951 factus
991 921 1087 950 sum
1115 908 1401 966 opprobrium
1431 907 1542 952 illis2
1568 928 1578 954 :
1607 927 1628 950 »
1653 925 1730 969 per

342 989 529 1025 mortem
550 978 702 1024 crucis.
729 997 749 1020 «
774 978 971 1023 Christus
994 977 1112 1021 enim
1128 994 1206 1022 nos
1221 978 1405 1023 redemit
1425 979 1480 1023 de
1499 979 1730 1025 maledicto

343 1069 365 1093 >›
401 1050 526 1109 Legis
544 1085 554 1105 ,
580 1051 720 1093 factus
738 1064 817 1108 pro
836 1048 962 1092 nobis
979 1047 1302 1092 maledictum?
1329 1048 1544 1094 Viderunt
1566 1065 1636 1094 me
1651 1084 1663 1106 ‚
1687 1059 1732 1095 et

342 1139 364 1164 >›
400 1129 632 1165 moverunt
654 1119 794 1178 capita
811 1133 902 1162 sua.
933 1136 953 1159 >›
979 1119 1091 1171 Quia
1110 1119 1316 1164 viderunt
1331 1119 1587 1180 pependisse
1605 1155 1616 1176 ,
1641 1136 1733 1165 non

339 1191 546 1237 viderunt
567 1190 844 1234 resurrexisse
868 1208 876 1233 z
906 1187 1113 1233 viderunt
1136 1190 1312 1250 quando
1341 1206 1483 1250 genua
1516 1193 1609 1252 ejus
1629 1201 1732 1236 sunt

340 1262 580 1316 infirmata,
605 1276 694 1305 non
713 1259 919 1304 viderunt
941 1259 1119 1319 quando
1142 1269 1205 1304 est
1222 1277 1321 1305 caro
1344 1262 1588 1306 immutata.

395 1335 607 1378 XXVIII.
644 1351 663 1373 «
686 1332 860 1390 Adjuva
881 1346 978 1384 me,
1006 1331 1210 1386 Domine,
1241 1335 1354 1376 Deus
1382 1347 1533 1388 meus,
1564 1332 1732 1377 salvum

339 1422 361 1447 »
397 1419 467 1447 me
494 1403 563 1447 fac
590 1401 832 1447 secundum
861 1400 1200 1445 misericordiam
1225 1403 1390 1446 tuam4.
1419 1420 1440 1443 »
1466 1405 1559 1447 Hoc
1587 1402 1641 1447 ad
1662 1412 1732 1448 to-

340 1484 437 1519 tum
455 1472 604 1516 referri
625 1481 787 1531 potest,
813 1470 858 1515 id
876 1480 963 1526 est,
986 1480 1029 1515 et
1051 1470 1105 1515 ad
1135 1481 1289 1531 caput,
1318 1481 1361 1516 et
1382 1472 1439 1517 ad
1461 1488 1619 1532 corpus
1640 1492 1650 1518 ι
1675 1474 1733 1518 ad

341 1554 497 1605 caput,
526 1553 704 1604 propter
732 1542 917 1587 formam
944 1542 1075 1601 servi,
1107 1542 1162 1587 ad
1195 1559 1376 1603 corpus,
1410 1554 1587 1604 propter
1617 1545 1732 1605 ipsos

341 1631 501 1661 servos.
529 1614 678 1659 Potuit
707 1613 823 1657 enim
846 1622 888 1656 et
912 1613 956 1656 in
978 1612 1036 1656 eis
1068 1612 1211 1658 dicere
1234 1617 1354 1659 Deo:
1383 1634 1403 1656 «
1429 1613 1601 1675 Adjuva
1630 1628 1728 1672 me,

346 1707 365 1729 »
400 1695 443 1730 et
470 1685 638 1730 salvum
658 1683 815 1728 mefac
841 1702 850 1728 ;
878 1701 898 1724 n
927 1683 973 1726 iu
995 1683 1153 1743 quibus
1171 1684 1300 1728 Saulo
1318 1683 1425 1729 dixit
1447 1705 1457 1730 ε
1481 1704 1502 1727 «
1528 1685 1644 1738 Quid
1662 1700 1732 1730 me

345 1775 365 1799 n
401 1755 670 1816 persequeris
687 1757 700 1780 ὃ
720 1756 738 1798 Ρ
773 1772 793 1794 »
835 1752 964 1806 Quod
1000 1762 1144 1798 autem
1186 1753 1354 1798 addidit
1377 1789 1387 1809 ,
1425 1774 1445 1797 «
1480 1754 1732 1800 Secundum

348 1848 366 1870 »
402 1826 739 1871 misericordiam
758 1834 882 1868 tuam
904 1843 912 1869 :
941 1842 960 1865 »
980 1824 1168 1883 gratuita
1188 1824 1323 1883 gratia
1340 1834 1727 1881 commemoratur,

343 1913 434 1942 non
452 1913 502 1941 ex
524 1911 705 1956 operum
727 1894 894 1938 debito.

401 1969 567 2012 XXIX.
608 1986 628 2008 «
659 1968 716 2009 Et
742 1965 880 2009 sciant
911 1964 1118 2025 quoniam
1146 1980 1300 2009 manus
1322 1974 1398 2009 tua
1425 1966 1546 2021 haec,
1583 1973 1627 2010 et
1651 1973 1726 2021 tu,

347 2055 369 2080 ³>
404 2037 614 2091 Domine,
644 2034 784 2079 fecisti
806 2050 916 2078 earn.
943 2053 962 2075 »
991 2037 1051 2078 De
1077 2035 1142 2079 his
1166 2034 1293 2090 dixit,
1329 2054 1349 2077 «
1376 2036 1576 2093 Sciant⁰3
1610 2051 1730 2095 »pro

346 2110 506 2170 quibus
523 2107 798 2153 saevientibus
812 2116 854 2150 et
876 2106 1012 2151 oravit
1034 2125 1042 2151 :
1068 2107 1170 2167 quia
1192 2107 1237 2150 in
1259 2107 1317 2150 eis
1337 2108 1497 2167 quibus
1513 2107 1654 2152 factus
1668 2116 1732 2151 est

345 2179 630 2240 opprobrium
662 2177 937 2222 moventibus
969 2177 1014 2220 in
1041 2178 1132 2237 ejus
1166 2176 1413 2221 illusionem
1446 2177 1588 2237 capita
1622 2192 1727 2232 sua,

347 2260 472 2295 erant
490 2250 619 2293 etiam
636 2248 682 2291 hi
705 2247 779 2307 qui
796 2247 841 2290 in
863 2262 963 2290 eum
980 2256 1128 2307 postea
1149 2247 1444 2292 crediderunt.
1472 2248 1642 2292 Discant
1658 2262 1731 2290 au-

347 2330 437 2364 tem
450 2320 527 2381 qui
550 2318 734 2364 formam
750 2319 931 2362 humani
946 2319 1136 2377 corporis
1160 2321 1249 2362 Deo
1264 2319 1487 2374 tribuunt,
1508 2316 1730 2379 quomodo

347 2392 508 2436 habeat
542 2395 655 2435 Deus
687 2405 882 2434 manum.
912 2390 953 2434 Si
982 2390 1096 2434 enim
1131 2390 1251 2450 quod
1282 2389 1407 2446 facit,
1438 2406 1573 2434 manu
1603 2387 1727 2443 facit,

400 2494 410 2511 ¹
436 2489 510 2520 lsai.
530 2499 594 2528 m,
612 2499 641 2519 1.
666 2504 707 2509 —
725 2493 738 2509 ²
761 2485 840 2518 Psal.
861 2497 944 2526 cvm,
964 2486 1018 2518 25.
1038 2503 1079 2509 -
1100 2484 1114 2509 3
1138 2485 1205 2519 Gal.
1221 2496 1272 2526 111,
1295 2486 1343 2518 13.
1365 2503 1404 2509 —
1425 2484 1442 2515 4
1460 2485 1541 2519 Psal.
1563 2496 1655 2526 cvm,
1674 2483 1727 2517 26.

355 2557 396 2566 -
418 2541 514 2577 ⁵Act.
535 2554 579 2585 xx,
595 2542 627 2584 4.
655 2559 695 2566 --
710 2539 725 2565 6
747 2541 827 2573 Psal.
846 2552 934 2582 cvm,
953 2549 1006 2581 27.
