1848 3261
382 235 466 273 300
816 241 851 271 S.
886 241 1117 271 Auens-rim
1148 243 1331 271 Enscom

379 308 474 354 vilis
496 306 634 352 forma
655 309 833 368 patitur,
849 309 1018 368 capitur
1039 317 1187 352 tamen
1202 324 1359 366 magna
1374 307 1510 352 virtus
1525 308 1616 367 ejus
1632 327 1642 365 3
1659 307 1763 367 quia

379 379 499 440 quod
515 380 736 423 infirmum
760 389 823 423 est
843 381 937 434 Dei,
954 379 1109 424 fortius
1131 387 1193 423 est
1213 378 1462 423 hominibus
1476 381 1491 404 1
1515 398 1524 422 :
1541 377 1642 438 quia
1659 392 1762 435 ergo

379 451 494 496 dicta
510 459 574 494 est
595 451 722 494 ethic
745 451 879 494 virtus
901 451 993 509 ejus
1014 486 1025 505 ‚
1050 465 1182 511 quam
1205 449 1525 494 commendavit
1546 448 1731 492 dicendo
1750 465 1760 491 ι

383 541 404 565 «
437 522 614 580 Virgam
634 520 802 564 virtutis
826 530 913 564 tuae
931 522 1097 565 emittet
1114 520 1324 565 Dominus
1343 535 1396 563 ex
1414 520 1530 574 Sion,
1555 529 1599 564 et
1619 517 1764 562 domi-

383 610 403 634 »
438 608 541 636 nare
562 592 607 635 in
633 591 776 634 medio
797 591 1072 635 inimicorum
1093 601 1271 636 tuorum
1289 610 1298 635 :
1313 609 1332 631 »
1351 598 1515 650 quanta
1537 589 1652 633 enim
1675 588 1764 632 vir-

379 672 448 707 tus
471 663 561 722 ejus
579 661 807 705 dominans
834 660 880 704 in
908 661 1054 705 medio
1075 662 1354 705 inimicorum
1376 674 1553 703 suorum
1575 667 1765 717 perstre-

377 733 597 793 pentium,
628 731 739 775 nibil
774 741 924 776 contra
949 747 1049 775 eum
1081 732 1321 776 valentium
1339 766 1349 785 ,
1375 730 1572 791 quotidie
1594 729 1676 773 sibi
1697 728 1766 771 di-

379 804 572 848 centium
599 822 608 846 :
639 822 658 844 «
683 802 866 855 Quando
888 803 1119 858 morietur,
1145 812 1187 846 et
1203 803 1364 862 peribit
1379 817 1540 846 nomen
1562 802 1652 860 ejus
1666 801 1716 843 ²?
1740 816 1761 840 »

378 877 489 919 Cum
531 882 694 917 crescat
735 872 870 931 gloria
903 874 994 933 ejus
1039 888 1115 932 per
1153 872 1339 931 populos
1366 907 1376 926 ‚
1414 887 1516 915 cum
1555 872 1647 929 ejus
1682 885 1765 914 no-

377 945 484 989 mini
516 945 804 1005 subjiciantur
833 953 1006 1003 gentes,
1044 959 1145 988 cum
1180 953 1382 1003 peccator
1414 941 1560 985 videat
1586 950 1629 984 et
1661 941 1767 985 iras-

379 1025 524 1071 catur,
562 1015 766 1059 dentibus
793 1015 878 1058 suis
910 1014 1085 1058 frendat
1106 1022 1149 1057 et
1180 1013 1400 1057 tabescat³
1425 1031 1434 1056 :
1459 1011 1560 1071 quia
1583 1025 1684 1069 ergo
1702 1019 1767 1055 est

379 1096 421 1130 et
447 1087 542 1130 haec
573 1086 709 1129 virtus
738 1087 773 1145 ej
784 1101 830 1129 us
847 1120 857 1139 ,
890 1084 1040 1128 volens
1070 1084 1289 1143 Propheta
1311 1081 1617 1127 commendare
1644 1081 1767 1125 aliter

376 1157 583 1201 virtutem
606 1157 713 1216 ejus,
732 1155 856 1199 sicuti
878 1164 941 1199 est
962 1154 1110 1198 Virtus
1128 1155 1204 1198 Dei
1226 1163 1269 1197 et
1292 1153 1510 1213 Sapientia
1525 1151 1766 1196 DeiChris-

377 1235 446 1269 tus
463 1227 509 1269 in
527 1226 695 1269 lumine
713 1234 924 1285 perpetuo
940 1223 1310 1268 incommutabilis
1321 1222 1512 1267 veritatis
1529 1243 1540 1279 3
1557 1221 1611 1265 ad
1632 1236 1766 1281 quam

375 1297 586 1341 visionem
619 1307 868 1350 servamur,
910 1295 963 1338 ad
1001 1309 1134 1353 quam
1166 1293 1375 1337 visionem
1409 1294 1674 1347 differimur,
1711 1291 1766 1336 ad

376 1383 509 1428 quam
526 1367 734 1411 visionem
756 1365 844 1409 fide
864 1364 1146 1419 mundamur,
1161 1380 1184 1408 a
1206 1380 1293 1425 qua
1315 1364 1478 1408 visione
1494 1362 1664 1407 tollitur
1683 1363 1767 1406 im-

376 1439 474 1497 pius
497 1454 553 1481 ne
585 1437 726 1481 videat
749 1437 960 1481 honorem
983 1436 1156 1480 Domini
1178 1457 1188 1493 3
1217 1435 1302 1479 hoc
1322 1450 1426 1494 ergo
1446 1434 1596 1479 volens
1618 1443 1767 1479 osten-

377 1509 479 1552 dere
507 1528 515 1552 :
545 1527 565 1550 «
593 1510 753 1551 Tecum
774 1542 783 1560 ‚
810 1507 980 1566 inquit,
999 1506 1261 1566 principium
1283 1506 1329 1548 in
1350 1504 1420 1548 die
1441 1504 1612 1549 virtutis
1629 1514 1762 1548 tuae.»

378 1578 491 1632 Quid
509 1586 593 1632 est,
624 1597 643 1619 «
672 1580 832 1621 Tecum
856 1576 1152 1636 principium?
1178 1595 1197 1617 =›
1219 1574 1459 1628 Quodlibet
1479 1590 1593 1634 pone
1610 1575 1768 1634 princi-

376 1648 514 1708 pium.
539 1648 581 1692 Si
602 1648 745 1707 ipsum
767 1647 990 1692 Christum
1019 1666 1026 1690 :
1052 1646 1195 1705 potius
1224 1646 1470 1690 diceretur:
1498 1649 1564 1689 Tu
1585 1661 1628 1690 es
1645 1646 1767 1705 prin-

377 1719 539 1777 cipium
558 1754 568 1772 ,
590 1733 722 1777 quam
745 1737 762 1757 «
786 1721 949 1761 Tecum
969 1717 1277 1776 principium.»
1298 1717 1540 1775 Respondit
1560 1716 1676 1759 enim
1697 1716 1767 1759 in-

377 1788 698 1848 terrogantibus
717 1808 725 1832 :
747 1806 764 1828 «
790 1791 856 1832 Tu
878 1787 975 1847 quis
997 1789 1071 1830 es?
1089 1807 1106 1827 »
1124 1795 1168 1830 et
1190 1787 1248 1829 ait
1270 1806 1279 1830 :
1306 1805 1326 1828 «
1345 1786 1610 1846 Principium
1626 1821 1636 1841 ,
1663 1786 1766 1845 quia

382 1880 400 1902 »
436 1869 480 1904 et
508 1860 667 1920 loquor
697 1859 821 1903 vobis
838 1860 870 1902 4.
905 1877 925 1899 »
951 1860 1064 1902 Cum
1103 1857 1156 1901 sit
1183 1857 1447 1916 principium
1472 1865 1515 1900 et
1536 1861 1684 1912 Pater,
1710 1856 1765 1900 de

377 1947 466 1990 quo
499 1931 750 1989 unigenitus
779 1929 940 1983 Filius,
974 1930 1020 1972 in
1050 1944 1139 1988 quo
1172 1927 1384 1987 principio
1418 1936 1508 1971 erat
1540 1927 1762 1982 Verbum,

377 2001 480 2061 quia
512 2001 706 2044 Verbum
740 2009 830 2043 erat
866 1998 983 2058 apud
1012 2001 1192 2042 Deumf’.
1219 1997 1335 2050 Quid
1356 2012 1484 2055 ergo,
1509 1997 1607 2041 siet
1638 2001 1766 2041 Pater

379 2071 664 2130 principium,
699 2079 742 2113 et
765 2069 900 2113 Filius
922 2069 1208 2128 principium,
1235 2068 1324 2111 duo
1353 2067 1563 2126 principia
1582 2068 1600 2110 Ρ
1621 2067 1761 2111 Absit.

359 2166 363 2169 -
381 2142 500 2186 Sicut
517 2141 631 2185 enim
654 2145 780 2184 Pater
798 2144 912 2185 Deus
934 2149 977 2184 et
994 2140 1129 2184 Filius
1146 2144 1281 2193 Deus,
1307 2143 1434 2182 Pater
1455 2147 1600 2182 autem
1622 2147 1665 2182 et
1688 2138 1765 2182 Fi-

377 2212 460 2255 lius
485 2228 573 2256 non
595 2211 684 2255 duo
706 2210 788 2265 dii,
821 2210 896 2254 sed
914 2226 1028 2254 unus
1048 2213 1162 2253 Deus
1184 2229 1192 2254 :
1219 2210 1276 2253 sic
1296 2213 1422 2253 Pater
1441 2209 1705 2268 principium
1723 2217 1767 2253 et

378 2282 514 2326 Filius
543 2283 834 2341 principium,
868 2285 996 2325 Pater
1029 2290 1175 2324 autem
1206 2288 1248 2322 et
1276 2279 1409 2323 Filius
1432 2295 1519 2323 non
1543 2279 1659 2333 duo,
1690 2278 1767 2323 sed

379 2368 517 2396 unum
535 2353 811 2412 principium.
833 2371 850 2392 «
879 2354 1039 2395 Tecum
1061 2350 1336 2410 principium.
1361 2368 1381 2390 n
1411 2352 1533 2393 Tunc
1550 2348 1764 2392 videberis

379 2422 601 2482 quomodo
624 2432 767 2466 tecum
791 2423 845 2466 sit
865 2423 1143 2482 principium.
1168 2422 1267 2465 Non
1289 2420 1406 2463 enim
1428 2429 1471 2464 et
1491 2420 1562 2463 hic
1584 2435 1674 2463 non
1696 2428 1764 2463 te-

429 2525 435 2539 ¹
471 2530 483 2549 1
504 2520 575 2550 Cor.
597 2530 628 2559 1,
647 2518 688 2549 253
722 2534 762 2539 ——
783 2524 795 2539 2
817 2517 1089 2558 Psat.x1.‚6.—-
1110 2514 1273 2553 31d.cx1,
1296 2526 1345 2547 ιο.
1370 2532 1409 2537 —-
1429 2513 1445 2543 4
1462 2517 1552 2547 Joan.
1571 2525 1622 2554 ιιι,
1648 2513 1701 2545 25.
1723 2530 1764 2536 --

382 2571 458 2604 fild.
484 2584 505 2614 1,
533 2585 559 2604 1.
