1848 3261
376 202 430 238 22
804 210 836 236 s.
875 208 1102 236 Auonsnm
1136 209 1315 237 muscom

377 290 476 319 cum
497 283 664 332 tempus
689 272 990 317 misericordiae
1012 281 1098 326 est,
1130 272 1309 315 audiant
1325 288 1441 316 eum.
1467 273 1639 334 Ubique
1660 274 1752 318 cla-

376 354 466 389 mat
487 360 563 403 per
588 347 768 402 Legem,
793 359 869 403 per
901 344 1155 399 Prophetas,
1186 357 1263 401 per
1285 342 1495 398 Psalmos‚
1525 359 1602 403 per
1623 345 1752 403 Epis-

375 414 484 460 tolas
503 449 512 469 ‚
538 430 614 474 per
631 413 879 472 Evangelia.
906 413 1060 457 Videte
1080 413 1180 472 quia
1197 428 1286 456 non
1307 421 1421 457 tacet
1436 447 1448 468 ,
1468 414 1569 474 quia
1585 414 1723 474 parcit
1737 449 1748 469 ‚

375 485 475 545 quia
497 493 646 543 erogat
675 483 1013 529 misericordiam
1038 502 1047 528 :
1072 482 1148 527 sed
1181 491 1352 538 cavete,
1386 483 1489 544 quia
1517 493 1753 530 venturum

375 564 439 600 est
450 555 678 615 judicium.

375 733 1149 752 mmmmmvvvnmnmwummmmmmm
1503 733 1754 750 mmmm

840 875 1221 928 ENARRATIO
1260 880 1281 926 Ι

801 1051 862 1088 ΙΝ
900 1048 1203 1089 PSALMUM
1260 1049 1332 1089 Cl.

952 1204 1123 1241 SERMO
1150 1205 1209 1239 1¹.

775 1353 839 1395 De
864 1350 1003 1410 prima
1024 1358 1148 1410 parte
1170 1348 1343 1394 Psalmi.

434 1499 469 1540 Ι.
499 1498 609 1540 EccE
639 1511 753 1539 unus
769 1510 936 1555 pauper
958 1499 1099 1550 orat‘2‚
1125 1504 1169 1539 et
1189 1511 1279 1539 non
1297 1503 1391 1539 orat
1411 1495 1458 1538 in
1475 1494 1662 1540 silentio.
1688 1495 1762 1539 Li-

374 1577 442 1613 cet
463 1582 564 1625 ergo
587 1566 735 1611 audire
752 1581 852 1611 eum
869 1602 880 1621 ,
907 1576 950 1611 et
975 1566 1122 1611 videre
1150 1568 1349 1627 quisnam
1371 1567 1425 1610 sit
1446 1585 1456 1611 ;
1481 1581 1536 1610 ne
1553 1565 1667 1611 forte
1688 1566 1762 1611 ille

374 1641 454 1695 sit,
488 1640 543 1683 de
570 1655 657 1699 quo
687 1638 793 1683 dicit
823 1638 1087 1698 Apostolus:
1119 1658 1139 1681 «
1174 1638 1259 1692 Qui
1292 1646 1472 1698 propter
1492 1653 1568 1682 vos
1594 1654 1760 1698 pauper

378 1729 400 1752 >›
435 1710 574 1754 factus
601 1719 692 1764 est,
730 1724 831 1753 cum
862 1709 980 1753 dives
1013 1718 1148 1763 esset,
1182 1718 1232 1753 ut
1262 1708 1377 1752 illius
1407 1718 1662 1768 paupertate
1686 1725 1762 1754 vos

378 1800 400 1823 ³)
435 1780 684 1824 ditaremini
702 1781 732 1822 3.
755 1798 775 1820 »
796 1779 837 1824 Si
859 1794 960 1837 ergo
982 1780 1072 1838 ipse
1090 1787 1174 1832 est,
1198 1778 1422 1838 quomodo
1442 1781 1637 1839 pauper?
1653 1783 1762 1825 Nam

379 1851 601 1912 quomodo
624 1851 757 1905 dives,
773 1850 869 1910 quis
891 1865 979 1894 non
1000 1848 1145 1894 videt?
1161 1850 1286 1893 Unde
1308 1849 1423 1893 enim
1446 1849 1642 1893 homines
1662 1859 1764 1894 sunt

379 1922 564 1966 divites?
587 1925 699 1965 Puto
721 1937 848 1974 auro,
877 1930 1078 1979 argento,
1100 1919 1284 1974 familia,
1311 1929 1424 1964 terra
1451 1939 1460 1964 t
1488 1920 1584 1975 sed,
1610 1940 1626 1961 «
1653 1923 1763 1965 Om-

382 2014 400 2035 »
436 1993 505 2036 nia
528 2007 604 2051 per
623 1993 762 2051 ipsum
786 1990 897 2035 facta
921 2001 1022 2035 sunt
1036 1993 1067 2034 4.
1099 2012 1116 2032 »
1139 1990 1255 2044 Quid
1275 2007 1378 2049 ergo
1400 1990 1475 2035 illo
1505 1991 1636 2036 ditius
1650 2027 1665 2047 ,ί
1687 2008 1764 2051 per

377 2078 509 2123 quem
532 2062 656 2106 factae
679 2071 780 2106 sunt
802 2061 985 2116 divitiae,
1012 2062 1142 2105 otiam
1168 2060 1254 2104 ilJae
1282 2077 1380 2121 quae
1404 2076 1493 2105 non
1521 2071 1622 2105 sunt
1650 2078 1764 2106 verae

378 2133 572 2177 divitise?
595 2135 674 2176 Per
703 2131 828 2175 illum
856 2133 971 2175 enim
993 2141 1036 2176 et
1058 2131 1145 2175 illae
1166 2126 1328 2175 divitiae
1344 2167 1355 2187 ‚
1386 2132 1610 2190 ingenium
1628 2168 1639 2187 7
1668 2148 1764 2177 me-

378 2204 515 2248 moria
535 2238 545 2257 ,
572 2218 711 2246 mores
727 2237 737 2257 ‚
761 2203 847 2245 vita
863 2237 873 2256 ,
896 2202 1027 2261 ipsius
1044 2201 1234 2261 corporis
1257 2202 1413 2245 sanitas
1427 2237 1438 2256 ,
1459 2217 1607 2246 sensus
1622 2238 1634 2257 ,
1659 2219 1765 2248 con-

377 2272 667 2333 formatioque
699 2272 1009 2316 membrorum.
1045 2272 1219 2316 Etenim
1251 2287 1351 2316 cum
1375 2273 1467 2315 haec
1499 2271 1614 2316 salva
1636 2283 1760 2329 sunt,

376 2354 419 2389 et
440 2359 649 2404 pauperes
667 2343 819 2387 divites
843 2353 958 2387 sunt.
972 2347 1052 2387 Per
1070 2343 1197 2387 illum
1211 2352 1253 2386 et
1269 2342 1356 2386 illae
1373 2344 1554 2403 majores
1578 2343 1758 2400 divitiae,

427 2447 437 2463 ¹
461 2440 594 2472 Habitus
616 2444 690 2482 poSt
712 2439 785 2471 anni
805 2438 869 2481 405
887 2439 970 2481 leges
990 2440 1018 2471 in
1038 2440 1216 2471 Donatistas
1234 2439 1274 2472 de
1292 2439 1404 2482 quibus
1430 2441 1532 2472 Serm.
1552 2451 1573 2471 n
1587 2465 1595 2481 ‚
1616 2452 1647 2472 n.
1667 2452 1700 2483 9.
1721 2457 1764 2464 —

378 2504 392 2520 2
419 2497 498 2528 Vide
528 2499 564 2528 D.
596 2497 717 2529 Guillon
737 2522 745 2537 ,
778 2501 856 2528 tom.
893 2507 983 2538 ΠΗ,
1010 2508 1083 2539 pag.
1113 2496 1232 2538 25—29.
1266 2513 1306 2517 —
1341 2494 1353 2518 3
1386 2504 1404 2526 2
1435 2498 1506 2528 Cor.
1544 2508 1626 2537 vni,
1655 2508 1687 2538 9.
1722 2514 1763 2520 -

383 2552 399 2582 4
418 2555 507 2584 Joan.
528 2565 554 2593 1,
574 2552 605 2583 3.
