1848 3261
368 281 370 283 ,
399 242 454 281 40
834 251 868 280 s.
903 252 1132 281 Aucus'nm
1163 253 1344 280 Errscopr

394 327 438 362 ct
458 318 599 378 ipsum
616 318 756 363 Adam
781 316 879 362 fecit
901 334 949 362 ex
971 317 1150 377 pulvere
1167 319 1209 361 ¹?
1234 319 1326 361 Hoc
1349 331 1451 375 crgo
1474 315 1529 360 de
1553 316 1677 371 Sion,
1697 317 1773 360 sed

396 404 484 433 non
503 397 671 432 tantum
693 388 738 431 in
763 389 879 432 Sion.

452 460 571 502 XVI.
598 459 707 512 Quid
733 459 864 517 igitur
885 458 1111 518 sequitur?
1141 477 1160 499 «
1192 460 1248 501 Et
1271 457 1488 501 timebunt
1509 458 1667 502 Gentes
1690 471 1770 501 no-

397 548 416 570 »
453 545 553 573 men
586 538 711 573 tuum
734 564 744 583 ,
775 529 983 583 Domine,
1027 538 1070 573 et
1106 544 1254 572 omnes
1283 544 1403 587 reges
1431 537 1558 572 terrae
1593 528 1772 587 gloriam

393 619 412 641 »
448 603 609 644 tuam2.
634 618 653 640 »
675 602 699 644 J
704 615 770 643 am
794 600 1000 660 quoniam
1018 600 1216 645 misertus
1235 615 1277 644 es
1303 599 1431 654 Sion,
1451 600 1540 659 jam
1564 599 1769 660 quoniam

391 671 501 715 servi
536 671 601 714 tui
633 670 954 727 beneplacitum
984 671 1234 715 habuerunt
1261 670 1305 714 in
1332 670 1495 730 lapides
1524 671 1641 731 ejus,
1666 685 1772 730 cog-

390 740 608 785 noscendo
647 739 982 784 fundamentum
1016 741 1326 801 Apostolorum
1354 750 1397 785 et
1424 742 1770 801 Prophetarum3

385 814 475 872 jam
498 813 706 871 quoniam
735 812 895 856 miserti
931 822 1033 856 sunt
1059 813 1248 872 pulveris
1270 814 1383 873 ejus,
1407 822 1460 857 ut
1488 812 1768 867 formaretur,

387 881 456 926 vel
479 882 621 941 potius
639 880 947 926 reformaretur
963 883 1096 927 homo
1116 883 1240 928 vivus
1261 898 1311 926 ex
1325 882 1504 942 pulvere
1519 903 1530 941 3
1546 883 1649 927 hinc
1666 898 1772 943 prae-

390 953 548 997 dicatio
565 953 699 997 crevit
721 953 766 995 in
789 953 1002 997 Gentibus
1024 972 1034 998 ε
1059 954 1240 998 timeant
1261 969 1424 998 nomen
1444 963 1570 998 tuum
1592 955 1768 1013 Gentes,

368 1034 370 1036 ’
389 1033 432 1068 ct
455 1039 604 1068 omnes
627 1039 745 1082 reges
769 1033 893 1068 terrae
915 1024 1096 1082 gloriam
1118 1033 1238 1068 tuam
1257 1026 1426 1070 :veniat
1447 1034 1490 1069 et
1511 1024 1619 1070 alius
1632 1026 1772 1084 paries

388 1095 444 1139 de
479 1095 718 1149 Gentibus,
755 1104 1015 1154 agnoscatur
1047 1095 1154 1155 lapis
1192 1095 1436 1154 angularis3
1455 1131 1466 1151 ,
1495 1095 1558 1139 ibi
1578 1096 1772 1140 haereant

387 1167 477 1210 duo
494 1165 549 1209 de
571 1165 739 1209 diverso
759 1166 995 1221 venientes,
1017 1165 1092 1210 sed
1103 1167 1193 1226 jam
1213 1182 1302 1211 non
1324 1167 1500 1211 adversa
1520 1168 1766 1211 sentientes.

455 1238 597 1280 XVII.
632 1255 651 1277 «
685 1236 896 1289 Quoniam
931 1236 1166 1281 aedificabit
1192 1237 1402 1282 Dominus
1438 1238 1540 1282 Sion
1558 1238 1590 1281 4.
1620 1256 1639 1278 »
1677 1240 1770 1282 Hoc

387 1307 529 1366 agitur
559 1322 691 1351 nunc.
717 1307 795 1351 Eia
818 1306 980 1364 lapides
1001 1307 1088 1351 vivi
1108 1308 1154 1352 in
1182 1316 1444 1352 structuram
1468 1308 1628 1352 currite
1644 1343 1655 1362 ,
1681 1323 1770 1352 non

385 1378 431 1421 in
454 1378 637 1421 ruinam.
663 1376 921 1422 AEdificatur
945 1378 1072 1436 Sion3
1109 1388 1254 1422 cavete
1285 1379 1514 1438 parietinas
1541 1398 1548 1423 :
1576 1379 1769 1422 aedifica-

385 1459 457 1496 tur
479 1449 633 1504 turris,
659 1448 898 1494 aedificatur
916 1466 1038 1507 arca3
1064 1450 1288 1494 observate
1311 1449 1541 1494 diluvium.
1565 1452 1656 1494 Hoc
1679 1450 1770 1508 agi-

385 1531 457 1566 tur
490 1535 634 1574 nunc,
679 1538 698 1560 «
729 1519 946 1572 Quoniam
978 1520 1213 1565 {edificabit
1243 1521 1451 1565 Dominus
1484 1521 1601 1564 Sion.
1630 1538 1651 1561 »
1685 1519 1769 1564 Sed

386 1591 599 1636 aedificata
625 1591 726 1635 Sion
742 1625 752 1644 ‚
788 1590 895 1650 quid
916 1591 1024 1634 fiet?
1051 1594 1145 1635 «Et
1165 1591 1386 1635 videbitur
1408 1591 1454 1634 in
1477 1589 1610 1649 gloria
1628 1606 1720 1634 sua.
1745 1609 1765 1631 n

386 1665 444 1707 Ut
465 1662 699 1706 aedificaret
722 1660 850 1715 Sion,
874 1670 924 1704 ut
946 1670 1054 1704 esset
1076 1659 1413 1704 fundamentum
1434 1661 1482 1704 in
1508 1661 1610 1705 Sion
1627 1696 1638 1715 ,
1656 1661 1772 1705 visus

386 1742 451 1778 est
478 1748 502 1776 a
538 1732 666 1786 Sion‚
694 1730 770 1775 sed
801 1747 891 1775 non
924 1732 969 1775 in
1008 1731 1143 1790 gloria
1175 1747 1280 1776 sua:
1310 1751 1330 1773 «
1355 1731 1555 1776 Vidimus
1578 1747 1703 1786 eum,
1729 1740 1773 1776 et

389 1822 410 1845 »
445 1819 532 1848 non
555 1802 747 1847 habebat
778 1803 962 1862 speciem
986 1817 1128 1862 neque
1150 1801 1350 1846 decorem
1367 1804 1397 1845 ⁵.
1419 1820 1439 1842 ν)
1466 1804 1523 1846 At
1545 1817 1648 1846 vero
1670 1817 1772 1846 cum

386 1874 553 1919 venerit
568 1873 764 1934 judicare
785 1888 884 1917 cum
908 1872 1080 1930 Angelis
1102 1873 1187 1916 suis
1208 1908 1218 1927 ‚
1246 1872 1423 1932 quando
1446 1873 1773 1931 congregabun-

386 1953 460 1988 tur
488 1953 589 1988 ante
615 1958 716 1987 eum
745 1957 892 1987 omnes
923 1951 1070 2001 gentes
1088 1978 1099 1998 ‚
1135 1941 1312 2002 quando
1336 1958 1434 1986 oves
1462 1941 1517 1986 ad
1540 1941 1736 1986 dextram
1756 1978 1768 1997 ᾖ

386 2013 510 2059 hoedi
533 2012 588 2057 ad
614 2013 826 2057 sinistram
849 2012 1167 2071 separabuntur
1184 2013 1199 2038 6
1218 2047 1229 2066 ,
1257 2027 1403 2055 nonne
1432 2021 1538 2056 tunc
1558 2012 1772 2058 videbunt

385 2087 433 2130 in
455 2100 587 2146 quem
606 2093 886 2144 pupugerunt
905 2086 945 2127 ⁷?
968 2087 1023 2127 Et
1044 2082 1371 2128 confundentur
1388 2098 1482 2127 sero
1498 2119 1508 2138 ,
1534 2084 1611 2143 qui
1633 2085 1772 2143 prima

387 2155 647 2217 poenitentia
676 2164 719 2199 et
745 2154 907 2199 salubri
934 2152 1145 2198 confundi
1178 2153 1429 2198 noluerunt.
1471 2173 1491 2195 «
1521 2154 1772 2200 AEdificabit

390 2247 412 2270 >›
446 2227 656 2272 Dominus
681 2226 808 2281 Sion⁷
832 2234 875 2269 et
901 2224 1120 2269 videbitur
1137 2225 1182 2269 in
1203 2224 1337 2283 gloria
1359 2240 1434 2268 sua
1457 2243 1465 2269 :
1493 2243 1514 2266 »
1540 2225 1679 2286 quiin
1696 2225 1770 2270 issa

388 2298 531 2358 primo
548 2297 661 2341 visus
684 2296 809 2340 estin
829 2296 1078 2339 infirmitate
1100 2311 1191 2339 sua.

444 2370 612 2412 XVIII.
639 2386 660 2408 «
685 2366 885 2425 Respexit
901 2366 946 2409 in
968 2367 1205 2410 orationem
1228 2365 1480 2419 humilium,
1507 2375 1550 2409 et
1566 2382 1655 2411 non
1671 2367 1770 2412 des-

390 2458 410 2480 »
446 2438 562 2498 pexit
584 2452 755 2497 precem
774 2452 924 2481 eorum
943 2438 973 2480 S.
995 2455 1014 2477 »
1035 2439 1085 2481 In
1099 2436 1385 2481 aedificatione
1404 2436 1506 2480 Sion
1522 2437 1603 2481 hoc
1627 2437 1769 2496 agitur

435 2540 446 2558 ¹
468 2535 545 2565 Gen.
564 2545 599 2573 n,
619 2544 648 2575 7.
672 2550 711 2555 —-
730 2539 742 2555 ²
764 2532 842 2564 Psal.
863 2543 903 2572 cr,
938 2532 988 2564 lsi.
1009 2550 1049 2555 —
1072 2531 1214 2574 ³Ep11es.
1236 2544 1269 2571 n,
1289 2541 1341 2563 20.
1363 2549 1404 2554 —-
1423 2532 1439 2561 4
1458 2532 1536 2564 Psal.
1560 2544 1612 2573 cr,
1648 2544 1697 2575 ις.
1726 2550 1766 2556 -

393 2588 407 2612 ⁵
427 2591 495 2621 lsai.
519 2600 581 2628 rm,
596 2599 614 2619 12.
652 2605 691 2610 —
711 2586 725 2607 ὅ
740 2588 852 2619 Matth.
875 2599 950 2627 xxv,
969 2588 1081 2620 31-33.
1107 2605 1147 2610 —-
1169 2595 1181 2620 7
1208 2587 1301 2619 lach.
1323 2599 1380 2627 κῃ,
1404 2599 1442 2618 10
1475 2586 1544 2609 -8
1561 2587 1637 2619 Psnl.
1654 2599 1692 2626 ‹:1‚
1713 2589 1763 2621 18.
