1848 3261
424 241 508 278 212
855 255 888 280 s.
924 251 1154 282 Ancusmm
1187 254 1369 282 Episcom

419 324 627 360 notatur:
651 317 906 362 confitentes
928 334 1006 363 nos
1041 334 1195 362 arcana
1227 319 1426 363 omnium
1456 319 1704 374 titulorum,
1728 320 1804 380 qui

418 395 522 431 sunt
553 386 599 429 in
631 386 833 443 Psalmis,
869 397 912 432 et
950 387 1113 433 ordinis
1151 388 1406 434 eorumdem
1439 390 1735 446 Psalmorum,
1761 398 1805 433 et

416 470 576 515 magna
590 471 679 501 esse
700 457 891 514 credere,
910 467 953 503 et
967 458 1180 514 nondum,
1202 459 1314 504 sicut
1334 459 1552 517 volumus,
1577 469 1804 521 penetrare

404 536 620 588 potuisse.

474 597 678 644 ILVideo
696 607 840 643 autem
857 597 960 644 istos
980 599 1106 657 duos,
1123 601 1634 661 centesimum-quartum
1644 610 1688 645 et
1699 616 1803 646 cen-

415 670 862 730 tesimum-quintum,
881 670 942 715 ita
969 671 1082 716 inter
1101 687 1145 716 se
1167 673 1424 733 conjunctos
1440 707 1451 728 ‚
1474 682 1526 718 ut
1546 674 1591 718 in
1613 689 1703 718 uno
1725 689 1802 718 eo-

413 757 513 787 rum
527 777 538 798 ‚
563 741 640 802 qui
661 740 870 800 praecedit
885 777 896 797 ,
921 743 1254 787 commendetur
1279 744 1468 803 populus
1489 745 1566 789 Dei
1588 745 1632 789 in
1655 743 1802 788 electis

414 813 507 873 ejus
525 847 536 868 ‚
567 812 622 855 de
643 812 803 872 quibus
838 812 960 857 nulla
982 812 1157 873 querela
1180 814 1255 869 fit,
1292 829 1402 874 quos
1425 830 1505 874 ego
1533 814 1720 859 arbitror
1740 814 1802 858 ibi

412 883 542 928 fuisse
576 883 623 926 in
650 882 809 942 quibus
843 883 1167 943 beneplacitum
1199 892 1263 928 est
1293 887 1383 929 Deo
1401 887 1413 910 ¹
1438 903 1447 930 ε
1473 885 1518 928 in
1539 885 1620 930 isto
1655 893 1801 930 autem

413 955 490 1016 qui
519 954 731 1014 sequitur,
762 970 834 999 eos
870 964 1231 999 commemoratos
1263 955 1340 1015 qui
1369 955 1415 998 in
1445 955 1600 1000 eodem
1636 955 1800 1016 populo

411 1026 780 1082 amaricaverunt3
811 1041 891 1069 nec
918 1035 1066 1069 tamen
1083 1026 1212 1070 etiam
1233 1026 1334 1085 ipsis
1360 1026 1438 1070 Dei
1460 1026 1799 1071 misericordiam

411 1096 614 1142 defuisse.
641 1096 855 1141 Dicuntur
875 1105 1021 1139 autem
1042 1096 1121 1139 ista
1141 1112 1193 1139 ex
1214 1111 1365 1140 eorum
1387 1112 1569 1156 persona
1583 1132 1593 1152 ,
1628 1098 1704 1157 qui
1722 1113 1799 1141 ve-

410 1169 528 1213 niam
560 1167 756 1213 conversi
788 1176 1051 1227 precantur3
1091 1175 1134 1210 et
1164 1166 1359 1226 exempla
1401 1177 1799 1213 commemorantur

410 1238 587 1283 illorum
602 1274 613 1294 ‚
639 1239 685 1282 in
706 1253 814 1298 quos
844 1238 973 1281 etiam
995 1246 1243 1297 peccatores
1266 1236 1384 1282 dives
1407 1239 1608 1298 apparuit
1630 1239 1798 1283 miseri-

407 1310 553 1356 cordia
582 1310 676 1354 Dei.
714 1309 873 1368 Incipit
902 1324 1004 1367 ergo
1036 1308 1165 1352 etiam
1201 1309 1281 1353 iste
1314 1309 1510 1354 Psalmus
1543 1311 1655 1354 sicut
1690 1310 1792 1355 ille:

412 1400 434 1424 «
467 1380 749 1426 Confitemini
771 1380 972 1424 Domino.
1002 1398 1022 1421 »
1057 1378 1142 1424 Sed
1170 1379 1232 1422 ibi
1262 1381 1460 1440 sequitur
1486 1400 1494 1425 :
1520 1383 1577 1425 Et
1597 1381 1797 1426 invocate

407 1471 428 1496 n
464 1468 626 1498 nomen
640 1454 675 1513 ej
684 1468 731 1496 us
748 1472 757 1496 2
772 1470 791 1493 n
809 1451 879 1496 hic
893 1460 1061 1495 autem:
1083 1470 1100 1491 «
1120 1451 1337 1504 Quoniam
1354 1452 1512 1509 bonus,
1528 1453 1737 1513 quoniam
1750 1453 1796 1497 in

408 1543 429 1566 »
466 1523 676 1568 saeculum
714 1521 1006 1576 misericordia
1042 1522 1174 1581 ejus².
1194 1540 1213 1562 »
1235 1524 1512 1582 Quapropter
1549 1532 1693 1582 potest
1724 1523 1796 1567 hic

405 1595 585 1657 quidem
604 1592 789 1652 intelligi
811 1593 939 1637 etiam
963 1591 1176 1637 confessio
1197 1602 1476 1651 peccatorum
1493 1609 1502 1636 :
1523 1610 1625 1638 nam
1638 1603 1683 1639 et
1697 1603 1796 1654 post

405 1680 566 1727 paucos
582 1679 730 1710 versus
751 1664 946 1724 sequitur
967 1682 976 1707 ε
1007 1681 1027 1704 «
1047 1662 1327 1707 Peccavimus
1355 1679 1457 1708 cum
1474 1664 1670 1724 patribus
1692 1681 1794 1709 nos-

407 1755 429 1780 ³)
465 1737 562 1791 tris,
587 1736 745 1796 injuste
766 1735 948 1793 egimus,
973 1733 1249 1794 iniquitatem
1266 1734 1474 1779 fecimus²³
1499 1754 1508 1779 z
1536 1753 1556 1777 ³>
1582 1735 1658 1781 sed
1675 1737 1720 1780 in
1741 1751 1793 1781 eo

405 1806 527 1870 quod
541 1806 666 1851 dicit:
691 1825 712 1848 ‹<
729 1805 947 1859 Quoniam
964 1804 1123 1859 bonus,
1144 1805 1354 1865 quoniam
1375 1805 1422 1849 in
1435 1805 1644 1850 saeculum
1663 1807 1792 1851 mise-

406 1898 428 1923 »
463 1877 648 1924 ricordia
665 1879 774 1938 ejus,
795 1895 816 1918 »
845 1876 941 1921 laus
962 1876 1115 1936 utique
1137 1875 1216 1920 Dei
1237 1885 1316 1932 est,
1342 1885 1472 1937 atque
1489 1877 1536 1921 in
1558 1879 1648 1938 ejus
1661 1877 1791 1923 laude

403 1948 631 1997 confessio.
667 1951 930 2008 Quanquam
958 1947 1087 1990 etiam
1115 1962 1216 1991 cum
1243 1963 1321 1991 sua
1353 1948 1538 2008 quisque
1559 1949 1791 1993 confitetur

402 2029 579 2082 peccata
594 2053 605 2074 ,
626 2034 727 2063 cum
745 2018 823 2062 Dei
844 2017 973 2061 laude
995 2017 1192 2061 confiteri
1210 2017 1367 2061 debet:
1387 2033 1467 2062 nec
1489 2017 1612 2062 aliter
1634 2018 1705 2078 pia
1727 2028 1790 2064 est

401 2091 614 2137 confessio
652 2098 930 2149 peccatorum
950 2123 960 2142 ‚
1001 2088 1083 2132 nisi
1117 2103 1207 2132 non
1239 2086 1496 2147 desperans,
1534 2097 1577 2133 et
1610 2104 1789 2148 poscens

399 2159 740 2208 misericordiam
763 2159 853 2204 Dei.
882 2159 1025 2203 Habet
1058 2173 1160 2217 ergo
1195 2159 1287 2218 ejus
1310 2157 1508 2214 laudem,
1546 2159 1634 2203 sive
1657 2160 1789 2204 etiam

401 2235 448 2278 in
469 2233 611 2279 verbis
629 2267 640 2285 ‚
670 2246 770 2276 cum
800 2245 900 2274 eum
929 2229 1097 2273 bonum
1126 2237 1168 2272 et
1188 2228 1508 2273 misericordem
1543 2229 1674 2287 dieit3
1699 2231 1787 2275 sive

398 2306 446 2349 in
468 2305 559 2350 solo
586 2304 747 2348 affectu
762 2338 773 2357 7
799 2317 900 2346 cum
917 2301 1000 2345 hoc
1023 2299 1174 2345 credit.
1199 2302 1309 2344 Nam
1331 2309 1374 2344 et
1400 2299 1473 2344 ille
1497 2300 1782 2357 Publicanum,

399 2377 523 2436 cujus
540 2374 630 2419 sola
647 2374 720 2418 illa
741 2373 871 2417 verba
889 2380 1224 2417 commemorata
1246 2380 1348 2415 sunt
1368 2387 1376 2412 τ
1405 2391 1425 2413 ‹<
1454 2372 1659 2427 Domine,
1680 2389 1784 2433 pro-

404 2465 425 2488 »
462 2447 592 2506 pitius
615 2454 704 2490 esto
726 2444 832 2488 mihi
860 2443 1077 2503 peccatori
1093 2443 1125 2496 4,
1147 2460 1166 2483 n
1193 2442 1271 2485 etsi
1294 2457 1382 2486 non
1405 2441 1511 2486 dixit
1530 2462 1538 2487 ;
1566 2444 1783 2496 Quoniam

398 2518 542 2561 bonus
557 2526 600 2560 et
617 2514 856 2559 misericors
875 2529 932 2569 eS,
954 2513 1023 2557 vei
1045 2511 1209 2571 aliquid
1230 2512 1502 2571 hujusmodi:
1526 2529 1615 2557 non
1636 2523 1782 2558 tamen

450 2610 456 2626 ¹
481 2613 491 2633 1
516 2603 587 2634 Cor.
609 2612 642 2644 x,
662 2601 692 2633 5.
713 2618 753 2624 -—·
771 2607 782 2624 2
807 2599 886 2633 rsal.
905 2610 955 2641 cv,
980 2611 1007 2631 ι.
1036 2616 1073 2621 —
1092 2596 1104 2621 3
1128 2598 1208 2630 Ihm.
1230 2598 1262 2629 G.
1283 2615 1324 2621 -
1343 2597 1358 2628 4
1376 2601 1452 2632 Luc.
1470 2610 1562 2643 xvxii,
1587 2600 1636 2632 13.
