1848 3261
417 229 500 269 176
849 237 883 267 3.
920 238 1151 267 AUGUSTINI
1183 239 1365 268 Emscom

413 306 484 349 hic
507 318 680 364 serpens
703 304 782 348 iste
798 338 810 359 ,
835 312 893 359 et,
920 313 971 348 ut
992 303 1133 348 dicere
1152 319 1370 363 coeperam
1386 338 1397 359 ,
1422 303 1567 363 lapsus
1597 301 1796 347 diabolus

414 374 470 419 de
492 374 604 419 coelo
625 375 744 418 hunc
764 374 911 419 locum
934 374 1098 433 accepit
1119 394 1130 430 3
1162 374 1362 418 observet
1385 382 1516 433 eaput
1543 375 1658 433 ejus,
1686 389 1710 416 a
1737 374 1797 415 ti-

412 462 533 492 more
554 445 724 501 saeculi,
765 455 806 490 et
835 462 858 489 a
879 446 1116 504 cupiditate
1149 444 1309 489 saeculi.
1338 446 1448 489 Hinc
1470 445 1587 488 enim
1608 443 1800 502 suggerit

413 515 600 577 aliquid,
625 525 701 560 aut
726 516 845 560 unde
878 515 1026 570 times,
1058 523 1133 559 aut
1163 514 1280 559 unde
1313 514 1462 573 cupis,
1503 523 1579 558 aut
1607 528 1800 557 amorem

412 596 541 631 tuum
558 595 721 641 tentat,
750 595 826 629 aut
839 585 1055 629 timorem.
1074 588 1139 629 Tu
1152 586 1186 629 si
1208 585 1403 630 timueris
1418 585 1657 643 gehennas,
1683 598 1801 627 ama-

411 658 523 703 veris
545 671 728 715 regnum
750 656 853 710 Dei,
880 656 1129 701 observabis
1151 665 1284 716 caput
1301 657 1406 716 ejus.
1438 655 1612 700 Evitato
1634 655 1798 714 capite,

412 742 586 772 securus
608 727 718 783 eris,
743 741 824 770 nec
852 725 926 770 ille
957 725 1127 785 lapsum
1149 735 1277 770 tuum
1305 725 1495 780 tenebit,
1527 741 1608 769 nec
1640 724 1695 769 de
1726 734 1803 769 tua

413 798 538 843 ruina
571 796 792 855 gaudebit.
837 799 975 842 Nemo
1017 807 1163 841 autem
1195 796 1338 852 dicat,
1379 806 1430 841 ut
1457 796 1567 851 dixi,
1598 799 1804 855 Magnam

410 869 543 913 habet
565 876 861 927 protestatem.
889 866 1052 911 Vident
1073 867 1189 911 enim
1210 867 1408 911 homines
1437 867 1562 927 quasi
1587 876 1804 926 quantum

414 939 629 998 acceperit
650 938 902 998 potestati53
942 937 1050 997 quid
1085 936 1349 997 perdiderit,
1385 953 1475 981 non
1509 936 1674 981 vident.
1708 940 1805 996 Ipse

413 1019 560 1054 autem
584 1018 756 1053 sanctus
778 1011 799 1052 J
808 1008 864 1052 ob
882 1008 926 1051 in
948 1008 1090 1052 verbis
1112 1008 1197 1051 suis
1214 1007 1408 1064 mysticis
1432 1016 1474 1051 et
1495 1006 1580 1050 alte
1602 1007 1773 1051 secretis
1789 1042 1801 1063 ,

415 1079 563 1124 dicens
595 1079 649 1123 de
676 1079 755 1123 ista
777 1087 989 1138 potestate
1006 1113 1017 1131 ,
1044 1093 1177 1137 quam
1199 1077 1359 1121 dicitur
1391 1077 1591 1121 diabolus
1613 1077 1772 1121 habere
1789 1112 1800 1133 ,

415 1160 459 1194 et
473 1149 720 1193 describens
734 1147 859 1192 illum
879 1147 1026 1191 multis
1051 1148 1191 1191 modis
1216 1148 1261 1190 in
1286 1147 1432 1205 figuris
1450 1146 1800 1203 similitudinum,

415 1237 634 1281 exponens
660 1220 769 1281 quid
791 1219 863 1263 ille
884 1220 936 1263 sit
957 1241 968 1276 3
992 1219 1061 1263 vel
1083 1219 1190 1278 quid
1207 1217 1350 1263 valeat
1365 1255 1375 1274 ,
1411 1219 1495 1263 1100
1518 1234 1695 1279 quoque
1716 1219 1774 1262 ait
1789 1254 1800 1274 ,

421 1312 441 1333 «
475 1295 571 1336 Non
601 1300 665 1335 est
700 1291 942 1350 quidquam
963 1288 1100 1332 simile
1123 1290 1162 1332 ei
1192 1288 1357 1332 factum
1380 1305 1509 1348 super
1546 1299 1724 1343 terram,
1749 1288 1806 1333 ad

420 1382 437 1402 »
473 1359 751 1404 illudendum
774 1360 812 1402 ei
834 1359 889 1402 ab
923 1357 1100 1416 Angelis
1122 1359 1242 1402 meis.
1268 1376 1287 1398 >›
1314 1361 1427 1403 Deus
1449 1358 1511 1401 ibi
1541 1358 1738 1418 loquitur
1758 1360 1805 1403 in

417 1431 529 1476 libro
552 1431 636 1475 Job
665 1447 672 1470 :
709 1450 729 1471 «
755 1432 853 1474 Non
881 1438 942 1472 est
975 1428 1217 1488 quidquam
1255 1429 1293 1472 ei
1319 1444 1448 1488 super
1479 1438 1639 1473 terram
1667 1429 1805 1475 simile

417 1521 437 1544 )›
474 1501 637 1546 tactum
651 1535 661 1555 ,
683 1499 738 1544 ad
754 1498 1031 1543 illudendum
1054 1499 1092 1542 ei
1111 1499 1166 1542 ab
1183 1499 1356 1556 Angelis
1369 1499 1489 1543 meis.
1509 1501 1649 1544 Omne
1666 1500 1804 1545 altum

418 1591 438 1613 »
473 1571 622 1628 videt,
647 1570 797 1629 etipse
821 1585 893 1612 rex
922 1569 1116 1613 omnium
1141 1586 1239 1629 quae
1269 1570 1315 1612 in
1347 1570 1468 1630 aquis
1491 1573 1635 1615 suntl.
1674 1589 1694 1612 »
1721 1571 1804 1616 Cui

415 1642 662 1687 testimonio
685 1641 889 1699 congruit
905 1641 988 1684 1100
1010 1640 1053 1685 in
1075 1640 1258 1685 Psalmo.
1284 1643 1395 1685 Cum
1426 1642 1543 1685 enim
1564 1641 1726 1686 diceret
1749 1641 1804 1686 de

416 1714 523 1757 mari
540 1727 699 1770 magno
723 1720 767 1755 et
796 1711 982 1770 spatioso
1000 1745 1010 1765 ,
1036 1710 1114 1753 ubi
1137 1710 1337 1755 animalia
1366 1711 1524 1771 pusilla
1551 1722 1595 1756 et
1620 1729 1800 1771 magna,

415 1783 493 1827 ubi
505 1782 697 1842 repentia
712 1796 899 1841 quorum
914 1797 1003 1824 non
1025 1790 1086 1824 est
1104 1796 1330 1836 numerus,
1350 1782 1427 1825 ubi
1449 1798 1578 1826 naves
1598 1783 1804 1841 navigant

415 1853 535 1912 ligno
558 1862 664 1896 tutae
682 1887 693 1906 ,
719 1852 801 1905 ait,
827 1870 846 1892 «
869 1854 1006 1895 Draco
1029 1851 1099 1894 hic
1119 1866 1248 1910 quem
1272 1851 1434 1895 finxisti
1452 1851 1506 1895 ad
1528 1852 1803 1897 illudendum

420 1943 441 1966 )›
476 1925 530 1967 ei.
552 1924 669 1968 »Sed
692 1923 725 1967 si
753 1923 807 1966 ad
840 1921 1141 1978 illudendum,
1169 1922 1390 1983 quomodo
1412 1929 1521 1968 Deus
1550 1923 1612 1967 illi
1630 1923 1803 1969 illudit?

417 1997 486 2039 An
507 1992 687 2037 tradidit
709 2008 809 2036 011111
830 1992 1129 2048 illudendum,
1153 1993 1238 2038 hoc
1259 2003 1322 2037 est
1337 2029 1347 2048 ,
1382 2003 1430 2038 ut
1451 1993 1686 2038 illudatur?
1712 1999 1802 2039 Pu-

422 2074 606 2108 [aremus
630 2062 751 2123 quod
779 2066 892 2107 Deus
913 2062 977 2106 illi
998 2062 1225 2119 illuderet,
1261 2064 1341 2107 nisi
1366 2064 1586 2124 Scriptura
1608 2065 1693 2109 Job
1715 2065 1802 2110 sol-

417 2135 546 2179 visset
574 2133 858 2194 quaestionem
887 2152 894 2177 z
923 2133 985 2176 ibi
1017 2134 1133 2177 enim
1163 2134 1328 2178 dictum
1352 2144 1415 2179 est
1442 2154 1450 2179 :
1481 2155 1500 2177 «
1524 2135 1593 2179 Ad
1610 2135 1802 2180 illuden-

419 2224 439 2247 »
475 2205 580 2249 dum
605 2205 643 2248 ei
665 2205 718 2248 ab
750 2203 924 2262 Angelis
945 2204 1066 2248 meis.
1096 2223 1116 2246 »
1143 2205 1217 2249 Vis
1252 2204 1435 2250 illudere
1464 2205 1671 2251 draconi?
1698 2210 1802 2252 Esto

416 2275 608 2335 Angelus
634 2275 725 2319 Dei.
756 2274 839 2319 Sed
864 2274 1062 2319 nondum
1093 2291 1135 2319 es
1161 2275 1351 2334 Angelus
1374 2276 1466 2320 Dei.
1494 2280 1639 2321 Donec
1660 2277 1714 2321 sis
1733 2313 1745 2333 ,
1767 2277 1802 2321 si

417 2363 518 2391 eum
539 2361 715 2390 cursum
738 2354 856 2389 tenes
879 2355 928 2389 ut
950 2346 1031 2403 sis3
1056 2355 1157 2390 sunt
1185 2345 1340 2404 Angeli
1371 2347 1446 2406 qui
1474 2346 1663 2391 illudant
1698 2347 1800 2392 dra-

417 2419 531 2472 coni,
553 2433 607 2461 ne
624 2417 704 2461 tibi
728 2425 895 2460 noceat.
919 2417 1142 2476 Praepositi
1162 2417 1276 2460 enim
1294 2416 1565 2476 suntAngeli
1588 2417 1800 2462 coelorum

417 2504 545 2548 super
572 2496 803 2548 potestates
827 2491 986 2542 aereas,
1011 2497 1055 2532 et
1071 2487 1172 2533 inde
1188 2487 1385 2547 procedit
1406 2488 1590 2532 verbum
1613 2489 1733 2548 quod
1751 2489 1799 2533 fit

466 2580 474 2596 ¹
496 2573 567 2605 sol».
584 2584 651 2616 xm,
679 2572 735 2615 24,
751 2572 805 2615 25,
821 2572 913 2613 juxta
930 2582 1000 2604 Lxx.
