1848 3261
450 225 690 255 ENARRATIO
721 228 767 255 m
799 224 1002 254 PSALMUM
1033 229 1129 255 cxv.
1363 219 1446 259 365

63 311 84 333 »
119 307 235 337 mors
255 302 500 338 sanctorum
523 295 658 354 ejus1.
675 311 695 334 »
716 293 834 338 Emit
853 308 947 337 eam
969 294 1179 352 sanguine
1201 308 1294 350 suo,
1315 311 1449 356 quem

60 363 179 423 prior
206 363 323 408 fudit
353 379 432 423 pro
455 363 593 408 salute
620 379 840 409 servorum
865 398 875 418 ,
901 378 956 407 nc
975 379 1056 423 pro
1076 363 1247 407 Domini
1271 366 1448 410 nomine

32 444 38 448 ·
60 435 170 478 servi
200 433 385 478 fundere
412 433 691 493 dubitarent,
728 433 850 494 quod
877 442 1023 478 tamen
1043 448 1194 479 eorum
1215 469 1226 489 ,
1249 449 1339 479 non
1361 438 1448 481 Do-

60 503 168 548 mini
190 503 395 559 utilitati,
421 505 665 563 proficeret.

117 576 194 618 VI.
227 575 499 619 Confiteatur
519 576 666 634 itaque
695 572 991 619 conditionem
1026 589 1146 618 suam
1180 574 1450 634 mancipium

61 654 182 689 tanto
203 646 342 705 pretio
365 655 681 706 comparatum,
708 654 752 689 et
769 644 884 690 dicat
903 665 911 690 :
931 664 952 688 «
974 646 1010 690 Ο
1029 646 1214 690 Domine
1231 681 1242 702 ,
1268 662 1347 705 ego
1365 662 1452 691 ser-

61 733 82 756 »
117 731 196 759 vus
217 724 340 770 tuus,
366 726 409 760 et
430 715 544 760 filius
565 714 734 760 ancillae
750 724 839 760 tuae
853 717 886 759 2.
914 733 934 757 »
961 718 1077 774 Ergo
1098 726 1142 760 et
1163 725 1334 777 emptus
1352 726 1416 762 est
1434 752 1447 773 ,

59 794 102 830 et
124 785 381 831 vernaculus
411 796 489 831 est.
526 790 597 831 An
629 802 729 831 cum
750 795 888 830 matre
910 786 1038 831 simul
1061 797 1124 831 est
1146 790 1349 847 emptus?
1379 790 1451 833 An

59 857 161 917 quia
183 857 439 901 vernaculus
466 866 530 901 est
550 893 560 913 ,
587 874 666 917 pro
691 867 870 917 peccato
891 858 1008 917 fugae
1031 874 1119 903 suae
1139 858 1415 918 depraedatus
1434 894 1446 914 ,

60 937 104 972 et
126 927 225 973 ideo
251 938 422 988 emptus
440 964 450 984 ,
476 929 578 989 quia
599 928 850 989 redemptus
873 931 967 974 est?
989 928 1123 974 Filius
1145 931 1262 974 enim
1284 941 1349 975 est
1369 947 1449 975 an-

60 998 170 1043 cillae
191 1000 433 1044 secundum
451 1000 570 1060 quod
592 1001 731 1045 omnis
749 1010 945 1045 creatura
962 1001 1132 1045 subdita
1153 1002 1346 1046 Creatori
1368 1011 1446 1057 est,

59 1079 104 1115 et
122 1070 342 1114 verissimo
364 1071 550 1114 Domino
567 1070 837 1114 verissimum
861 1071 993 1114 debet
1009 1070 1295 1116 famulatum:
1319 1087 1451 1131 quem

60 1156 161 1185 cum
183 1140 373 1195 exhibet,
393 1139 529 1184 libera
544 1149 622 1196 est,
640 1141 754 1185 hanc
776 1141 987 1200 accipiens
1006 1158 1029 1186 a
1043 1143 1226 1186 Domino
1250 1142 1446 1201 gratiam,

59 1219 111 1255 ut
131 1211 170 1254 ei
198 1226 287 1254 non
308 1211 581 1265 necessitate,
612 1211 688 1254 se'd
709 1210 935 1255 voluntate
970 1212 1196 1257 deserviat.
1226 1215 1343 1271 Ergo
1371 1213 1450 1257 iste

59 1281 173 1325 filius
194 1290 256 1325 est
280 1280 519 1325 Jerusalem
543 1280 730 1325 eoelestis
745 1317 755 1336 ,
784 1298 883 1341 quae
905 1297 1075 1326 sursum
1098 1292 1177 1338 cst,
1198 1292 1336 1327 mater
1353 1299 1450 1328 om-

60 1353 183 1396 nium
206 1361 404 1395 nostrum
437 1351 573 1395 libera
591 1353 622 1395 3.
648 1354 705 1395 Et
726 1350 863 1396 libera
886 1351 1066 1412 quidem
1088 1369 1111 1396 a
1143 1363 1322 1412 peccato
1340 1389 1351 1410 ,
1377 1354 1452 1398 sed

61 1423 217 1467 ancilla
235 1423 415 1483 justitiae
446 1442 456 1469 2
490 1424 612 1482 cujus
645 1422 741 1466 filiis
776 1423 918 1468 adhuc
941 1425 1319 1483 peregrinantibus
1342 1425 1452 1469 dici-

60 1503 133 1538 tur
154 1513 162 1538 :
191 1513 212 1536 «
234 1495 321 1537 Vos
337 1493 382 1536 in
398 1492 644 1537 libertatem
665 1494 806 1536 vocati
830 1494 928 1537 estis
942 1495 981 1539 ⁴:
1008 1512 1027 1535 »
1049 1504 1092 1538 ct
1114 1510 1260 1539 rursus
1282 1511 1353 1540 eos
1369 1511 1454 1539 ser-²

60 1580 135 1609 vos
157 1563 287 1618 facit,
315 1563 462 1607 dicens
487 1582 496 1607 :
529 1582 548 1604 «
575 1563 660 1607 Sed
682 1563 728 1606 in
749 1563 959 1607 charitate
980 1564 1135 1608 servite
1155 1565 1352 1609 invicem
1373 1567 1403 1609 ⁵.
1427 1584 1448 1606 »

62 1634 230 1687 Quibus
250 1634 354 1677 item
380 1632 539 1677 dicitur
559 1651 567 1676 ;
587 1635 700 1677 Cum
717 1633 965 1677 serviebatis
988 1643 1188 1693 peccato,
1208 1633 1334 1678 liberi
1356 1651 1452 1679 era.—

63 1723 84 1746 »
119 1703 172 1749 tis
193 1720 215 1748 a
229 1704 397 1764 justitia
416 1725 427 1761 3
452 1719 570 1747 nunc
591 1719 694 1747 vero
711 1703 883 1747 liberati
904 1720 927 1747 a
950 1715 1128 1763 peccato
1151 1740 1162 1759 ,
1182 1705 1288 1749 facti
1304 1715 1452 1750 autem

65 1794 85 1817 »
120 1775 230 1819 servi
263 1777 375 1829 Deo,
409 1774 577 1818 habetis
614 1772 808 1817 fructum
839 1783 1032 1818 vestrum
1064 1775 1110 1818 in
1145 1776 1452 1820 sanctificatio-

65 1863 85 1886 »
119 1860 220 1888 nem
240 1879 251 1897 ,
293 1845 425 1887 finem
456 1858 560 1887 vero
587 1843 721 1887 vitam
753 1847 1005 1888 aet01·nam⁶.
1042 1864 1061 1885 n
1089 1845 1213 1889 Dicat
1235 1861 1337 1905 ergo
1360 1850 1452 1891 Deo

62 1930 208 1959 servus
229 1915 308 1958 iste
329 1932 338 1958 ;
358 1912 488 1958 Multi
505 1929 549 1957 se
571 1923 781 1971 martyres
802 1913 955 1958 dicunt
974 1950 985 1970 ,
1014 1915 1142 1959 multi
1164 1931 1306 1961 servos
1324 1927 1420 1962 tuos
1437 1952 1448 1972 ,

63 1986 164 2046 quia
185 1996 345 2029 nomen
362 1993 487 2028 tuum
507 1984 672 2027 habent
688 1984 733 2027 in
748 1985 874 2029 variis
890 1985 1124 2029 haeresibus
1145 1995 1188 2030 et
1210 1988 1450 2046 erroribus,

63 2056 138 2100 sed
159 2057 261 2116 quia
283 2064 440 2114 praeter
462 2053 700 2099 Ecclesiam
730 2064 848 2099 tuam
871 2065 994 2111 sunt,
1020 2072 1110 2100 non
1140 2067 1243 2101 sunt
1270 2057 1349 2101 filii
1372 2074 1452 2102 an-

63 2126 174 2171 cillae
190 2135 299 2170 tuae:
321 2128 446 2183 «Ego
468 2137 609 2169 autem
628 2140 775 2169 servus
797 2135 914 2181 tuus,
931 2137 973 2171 et
995 2126 1110 2171 filius
1128 2127 1296 2171 ancillae
1314 2137 1447 2172 tuae.»

122 2199 221 2240 Vll.
251 2215 271 2238 «
297 2196 523 2255 Disrupisti
553 2195 730 2240 vincula
751 2212 845 2241 mea
867 2232 877 2251 ,
913 2197 991 2241 tibi
1013 2198 1264 2243 sacrificabo
1295 2200 1451 2244 sacrifi-

66 2287 87 2309 »
124 2268 239 2312 cium
267 2266 406 2310 laudis
427 2268 458 2310 ⁷.
493 2285 512 2308 n
539 2269 690 2327 Neque
714 2268 827 2311 enim
861 2268 1008 2312 inveni
1031 2269 1120 2313 ulla
1151 2270 1304 2314 merita
1326 2286 1447 2328 nica,

65 2338 242 2398 quando
265 2346 313 2380 tu
331 2336 550 2396 disrupisti
571 2337 745 2381 vincuia
768 2353 891 2396 mea3
915 2338 1013 2384 ideo
1036 2341 1293 2385 sacrificium
1309 2341 1449 2386 laudis

66 2409 146 2453 tibi
172 2408 312 2453 debeo
345 2427 352 2453 :
388 2408 490 2468 quia
511 2408 590 2452 etsi
612 2407 828 2467 gloriabor
863 2409 984 2470 quod
1015 2426 1160 2455 servus
1185 2421 1283 2456 tuus
1305 2412 1385 2455 sim
1407 2421 1450 2456 et

114 2511 124 2527 ¹
142 2504 221 2536 Psal.
243 2515 317 2544 cxv,
340 2503 443 2536 15.-
461 2510 473 2526 2
493 2503 573 2535 ibid.
598 2504 648 2538 16.
669 2522 710 2527 -—
731 2502 743 2526 3
758 2504 825 2537 Gal.
842 2516 887 2546 iv,
906 2506 960 2538 26.
975 2524 1016 2530 —
1035 2506 1050 2536 4
1064 2509 1109 2540 Id.
1124 2520 1157 2549 v,
1181 2510 1231 2540 13.
1251 2525 1292 2531 -
1312 2507 1326 2531 5
1346 2508 1447 2541 Galat.

69 2571 100 2601 v,
123 2561 174 2593 13.
196 2578 235 2583 -—
255 2557 270 2579 Γ)
296 2562 383 2592 Rom.
403 2571 445 2601 vi,
460 2569 500 2592 20
517 2565 549 2593 ct
568 2569 620 2593 22.
643 2576 683 2583 »-
703 2567 713 2593 ῖ
735 2561 813 2593 psat.
835 2573 907 2604 cxv,
928 2574 975 2604 ¹7·
