1848 3261
375 203 429 243 26
787 209 820 237 S.
857 211 1086 238 Aucus'ruw
1122 210 1299 237 EPISCOPI

374 278 638 337 suspicatum
660 276 857 336 quisnam
882 276 934 319 sit
950 275 1028 318 iste
1050 289 1214 333 pauper
1233 294 1242 319 ι
1261 274 1496 319 orationem
1509 275 1750 333 audiamus,

372 359 415 393 et
443 363 669 407 personam
692 361 999 404 agnoscamus3
1024 346 1178 389 necubi
1208 361 1318 389 erres
1336 382 1350 400 ,
1375 346 1551 406 quando
1569 347 1753 393 audieris

371 418 535 478 aliquid
551 454 561 467 ,
593 417 712 477 quod
735 417 924 475 coaptari
947 416 1075 475 capiti
1098 415 1214 460 illius
1231 432 1320 460 non
1336 418 1469 476 possit
1489 437 1496 462 :
1521 417 1620 462 ideo
1637 434 1752 478 prae-

370 489 541 533 locutus
569 503 690 541 sum,
725 495 771 530 ut
805 484 925 545 quod
956 484 1041 529 tale
1066 485 1250 530 audieris
1268 522 1279 541 ,
1309 502 1359 530 ex
1379 487 1630 532 infirmitate
1654 504 1753 533 cor-

369 560 485 619 poris
507 557 702 602 advertas
725 571 898 610 sonare,
925 565 967 600 et
989 571 1140 600 vocem
1162 558 1460 601 membrorum
1484 573 1686 616 agnoscas
1707 560 1753 603 in

370 630 524 690 capite.
561 648 581 671 «
606 628 755 679 Oratio
783 627 922 686 inopis
941 663 951 681 ‚
979 646 999 668 »
1020 628 1104 672 hoc
1127 628 1261 672 habet
1281 629 1462 674 titulus:
1494 649 1510 670 «
1539 632 1651 674 Cum
1676 647 1754 675 an-

371 720 392 744 »
427 709 613 758 geretur,
631 707 673 742 et
688 699 732 741 in
749 706 984 756 conspeetu
997 698 1169 742 Domini
1188 698 1346 743 effudit
1364 715 1535 758 precem
1557 702 1720 745 suam1.
1732 720 1749 743 »

370 775 467 832 Ipse
489 770 561 814 ille
578 784 745 829 pauper
767 777 856 823 est,
876 768 952 828 qui
975 768 1076 812 alibi
1100 769 1206 812 dicit
1227 788 1235 813 :
1267 788 1287 810 «
1311 772 1349 814 Α
1365 770 1527 814 finibus
1549 779 1676 814 terrae
1699 771 1754 815 ad

370 860 390 884 »
426 850 468 885 te
489 840 686 894 clamavi,
702 854 802 882 cum
823 848 1054 897 angeretur
1077 854 1151 882 cor
1172 843 1360 884 meum2.
1380 858 1400 882 »
1428 843 1514 884 Iste
1534 842 1624 900 ipse
1646 857 1754 901 pau-

366 928 443 972 per
460 920 547 965 est,
569 911 669 970 quia
690 909 806 953 idem
828 910 917 968 ipse
937 910 1134 954 Christus
1156 919 1234 965 est,
1263 911 1339 971 qui
1360 926 1403 955 se
1427 912 1544 971 apud
1564 914 1754 972 Prophe-

368 992 456 1027 tam
477 1018 488 1037 ,
519 991 562 1025 et
595 996 800 1040 sponsum
830 979 961 1034 dixit,
1001 989 1044 1024 et
1074 996 1276 1039 sponsam
1310 1001 1318 1026 :
1356 1001 1376 1024 «
1412 982 1532 1027 Sicut
1564 999 1750 1042 sponso,

368 1073 390 1096 »
425 1053 616 1112 alligavit
632 1052 739 1096 mihi
760 1052 929 1095 mitram
948 1072 959 1109 3
985 1061 1026 1095 et
1043 1052 1154 1096 sieut
1176 1068 1376 1112 sponsam
1395 1089 1406 1108 ,
1426 1054 1571 1098 induit
1594 1070 1663 1098 me
1686 1071 1753 1099 or-

369 1143 390 1166 »
424 1133 629 1168 namento
645 1125 675 1164 3.
695 1143 710 1162 υ
743 1125 795 1166 Se
817 1121 926 1165 dixit
943 1137 1172 1181 sponsum,
1198 1139 1242 1167 se
1264 1123 1370 1168 dixit
1388 1140 1589 1184 sponsam
1606 1145 1615 1170 :
1632 1125 1750 1170 unde

366 1197 450 1240 hoe
466 1230 476 1249 ,
513 1194 595 1238 nisi
616 1194 718 1253 quia
740 1208 944 1252 sponsum
966 1203 1144 1253 propter
1166 1203 1318 1254 caput,
1352 1211 1553 1254 sponsam
1572 1206 1751 1256 propter

367 1267 554 1325 corpus?
576 1268 670 1309 Vox
691 1280 793 1323 ergo
816 1280 924 1319 una,
951 1265 1052 1324 quia
1075 1281 1175 1310 caro
1191 1282 1294 1310 una.
1316 1267 1578 1322 Audiamus,
1604 1277 1646 1312 et
1667 1283 1750 1327 po-

367 1338 451 1381 tius
473 1337 519 1379 in
541 1336 605 1379 his
616 1335 796 1379 vocibus
814 1350 891 1379 nos
905 1351 1081 1395 quoque
1097 1351 1379 1395 agnoscamus
1399 1347 1464 1382 :et
1481 1338 1514 1382 si
1537 1354 1615 1383 nos
1632 1347 1749 1383 extra

366 1424 455 1454 esse
476 1407 711 1451 viderimus
727 1443 737 1461 ,
761 1407 822 1451 ibi
844 1423 931 1450 esse
951 1407 1215 1452 laboremus.

425 1482 506 1523 ΙΙΙ.
547 1497 567 1520 «
599 1478 791 1533 Exaudi,
817 1478 1023 1533 Domine,
1056 1478 1297 1523 orationem
1321 1494 1485 1533 meam,
1516 1488 1560 1522 et
1586 1478 1751 1524 clamor

366 1569 388 1593 »
422 1565 544 1594 meus
566 1548 621 1593 ad
638 1558 680 1593 te
701 1550 924 1608 perveniat
939 1550 970 1593 4.
1002 1569 1019 1590 »
1046 1551 1140 1594 Hoc
1161 1558 1246 1604 est,
1277 1568 1295 1590 α
1320 1549 1521 1605 Exaudi,
1547 1550 1746 1606 Domine,

366 1639 388 1664 »
422 1620 662 1665 orationem
693 1634 859 1673 meam,
888 1637 909 1661 »
940 1618 1061 1679 quod
1086 1629 1176 1674 est,
1215 1637 1235 1661 «
1260 1619 1434 1663 Clamor
1467 1635 1590 1664 meus
1627 1618 1681 1664 ad
1705 1630 1749 1665 te

364 1710 386 1734 »
420 1691 656 1750 perveniat.
688 1710 706 1731 »
731 1693 782 1733 In
805 1690 1095 1749 geminatione
1128 1690 1309 1734 affectus
1331 1690 1515 1749 petentis
1539 1699 1617 1734 est.
1647 1709 1666 1732 «
1684 1693 1749 1736 Ne

368 1782 385 1803 »
421 1769 586 1805 avertas
617 1759 768 1804 faciem
799 1769 920 1804 tuam
953 1776 976 1804 a
1004 1762 1122 1803 me5.
1151 1778 1172 1801 »
1197 1759 1380 1813 Quando
1415 1763 1528 1804 Deus
1551 1776 1575 1804 a
1603 1760 1749 1805 Filio?

364 1831 540 1892 quando
562 1834 689 1874 Pater
715 1847 738 1874 a
767 1831 969 1875 Christo?
993 1829 1077 1875 Sed
1104 1840 1282 1889 propter
1312 1831 1614 1874 membrorum
1634 1846 1748 1890 pau-

362 1911 590 1962 pertatem,
609 1903 707 1946 «Ne
729 1911 894 1945 avertas
915 1901 1068 1945 faciem
1090 1910 1212 1945 tuam
1236 1916 1259 1944 a
1280 1916 1365 1944 me.
1395 1904 1448 1944 In
1469 1917 1748 1962 quacumque

367 1990 388 2013 »
422 1972 492 2015 die
520 1971 729 2025 tribulor,
768 1970 928 2014 inclina
964 1986 1113 2014 aurem
1145 1980 1265 2014 tuam
1295 1972 1350 2014 ad
1371 1986 1456 2015 me.
1485 1989 1505 2012 »
1546 1971 1748 2017 Tribulor

365 2041 480 2086 enim
503 2040 702 2085 deorsum
719 2077 729 2095 ,
750 2050 799 2084 tu
817 2050 962 2084 autem
985 2057 1028 2084 es
1049 2056 1232 2084 sursum.
1258 2040 1301 2085 Si
1322 2056 1391 2084 me
1413 2040 1572 2085 extollo
1587 2076 1598 2095 ‚
1617 2041 1747 2100 longe

365 2113 414 2156 fis
436 2131 445 2156 ι
470 2112 504 2155 si
525 2127 593 2155 me
612 2111 812 2165 humilio,
836 2110 1017 2156 inclinas
1035 2127 1183 2155 aurem
1206 2121 1325 2155 tuam
1346 2110 1401 2154 ad
1422 2127 1505 2155 me.
1534 2111 1618 2156 Sed
1639 2112 1745 2172 quid

367 2192 450 2237 est,
483 2202 502 2224 α
534 2186 583 2226 In
605 2198 882 2243 quacumque
904 2183 974 2226 die
992 2183 1206 2228 tribulor?
1227 2202 1245 2223 υ
1268 2185 1394 2227 Nunc
1417 2183 1531 2226 enim
1554 2199 1644 2227 non
1667 2185 1746 2228 tri-

366 2252 542 2298 bulatur
561 2255 579 2297 P
600 2257 688 2297 Aut
719 2254 799 2297 ista
829 2253 1018 2308 diceret,
1055 2255 1136 2298 nisi
1165 2253 1480 2297 tribularetur?
1518 2255 1744 2299 Sufficeret

364 2339 465 2382 ergo
481 2359 491 2378 ,
517 2323 682 2367 Inclina
706 2339 852 2367 aurem
875 2333 991 2367 tuam
1013 2324 1067 2368 ad
1089 2340 1182 2379 me,
1204 2323 1411 2384 quoniam
1436 2323 1634 2368 tribulor.
1652 2344 1671 2367 «
1691 2329 1742 2369 In

364 2413 385 2438 »
420 2409 696 2454 quacumque
712 2393 782 2438 die
805 2394 990 2439 tribulor
1007 2430 1017 2450 ‚
1043 2395 1204 2440 inclina
1223 2410 1370 2438 aurem
1393 2404 1514 2438 tuam
1533 2394 1588 2439 ad
1609 2411 1694 2440 me.
1717 2414 1738 2438 »

413 2496 422 2512 ¹
449 2489 527 2521 Psal.
557 2500 587 2521 cr
605 2514 612 2528 ,
642 2500 670 2521 1.
692 2506 724 2511 —
763 2496 776 2511 ²
806 2489 852 2521 ld.
884 2501 935 2530 Lx,
961 2490 990 2522 3.
1013 2507 1054 2512 —
1075 2489 1088 2513 3
1108 2493 1177 2522 lsai.
1207 2502 1278 2529 ιιι,
1302 2502 1351 2523 10.
1374 2508 1415 2512 —
1434 2489 1449 2519 4
1471 2491 1550 2523 psal.
1571 2501 1622 2532 ci,
1642 2499 1674 2523 2.
1700 2509 1740 2514 —

367 2543 382 2567 5
405 2545 484 2577 Ibid.
510 2546 537 2576 3.
