1848 3261
390 225 475 264 330
832 233 867 265 s.
902 233 1133 264 Aucus'mm
1165 235 1346 262 131>1scom

391 320 412 344 »
447 299 562 346 coelo
582 309 626 345 et
650 300 697 344 in
717 309 852 359 terra3
879 319 899 343 »
921 302 1022 361 quia
1043 299 1337 345 meminerunt
1357 300 1532 361 utrique
1553 300 1663 361 quid
1678 301 1768 347 fue-

388 372 477 417 rint
498 387 574 432 per
605 387 726 416 suam
754 372 964 416 malitiam
982 407 992 427 ‚
1020 369 1128 431 quid
1148 369 1251 415 facti
1273 371 1358 415 sint
1375 386 1453 431 per
1473 371 1647 415 Domini
1675 387 1770 430 gra-

387 442 507 487 tiam.
534 444 685 502 Neque
704 443 819 486 enim
840 440 924 485 illis
953 439 1257 485 tantummodo
1279 439 1385 484 dicit
1407 443 1490 485 Vas
1509 441 1730 486 electionis
1756 462 1766 487 2

391 531 412 556 «
446 513 604 557 Fuistis
641 512 757 555 enim
789 511 1024 570 aliquando
1057 511 1276 566 tenebras,
1317 526 1436 555 nunc
1461 521 1607 555 autem
1628 511 1703 556 lux
1723 513 1771 557 in

390 601 411 625 »
446 583 659 628 Domino1
687 601 695 626 ε
720 600 740 623 »
781 591 824 625 et
853 582 1037 637 iterum,
1082 601 1102 624 «
1127 581 1273 626 Gratia
1308 581 1412 625 salvi
1446 580 1549 625 facti
1568 583 1665 626 estis
1693 598 1770 641 per

389 672 410 696 »
446 653 578 697 fidem
594 687 605 708 ,
633 661 676 696 et
704 653 788 697 hoc
817 667 907 696 non
926 667 976 695 ex
998 652 1121 696 vobis
1136 687 1147 706 ‚
1171 651 1246 696 sed
1268 652 1344 695 Dei
1367 650 1534 695 donum
1565 661 1650 708 est,
1681 668 1772 697 non

390 742 411 765 »
447 739 497 766 ex
532 722 761 782 operibus,
799 738 854 766 ne
886 720 998 767 forte
1020 722 1116 782 quis
1138 721 1370 766 extollatur
1396 741 1405 767 z
1427 740 1447 763 »
1472 723 1547 766 sed
1568 723 1697 766 etiam
1727 738 1772 767 se

387 795 530 854 ipsum
553 795 749 855 adjungit
770 803 1102 854 consequenter,
1135 792 1284 838 dicens
1324 813 1333 838 :
1370 812 1390 836 «
1414 792 1535 837 Illius
1558 794 1674 837 enim
1696 809 1771 838 su-

389 883 409 906 »
445 881 541 909 mus
559 866 838 923 figmentum,
859 864 991 909 creati
1012 864 1058 908 in
1079 864 1283 923 operibus
1297 864 1437 908 bonis.
1461 882 1481 905 »
1507 864 1622 909 Dicit
1642 865 1773 909 etiam

387 952 580 982 seorsum
604 936 658 980 de
681 952 725 980 se
747 946 790 980 et
810 936 910 996 ipsis
926 936 1001 996 qui
1017 936 1308 995 respiciuntur
1324 935 1369 978 in
1386 934 1498 979 coelo
1526 951 1537 977 z
1561 936 1773 980 «Fuimus

389 1025 411 1049 »
446 1007 563 1051 enim
581 1042 592 1062 ‚
616 1007 759 1067 inquit
778 1041 788 1061 ,
825 1015 868 1050 et
896 1022 975 1050 nos
997 1005 1254 1049 naturaliter
1270 1005 1348 1049 filii
1363 1006 1438 1048 irae
1454 1039 1465 1060 ‚
1490 1005 1600 1049 sicut
1622 1015 1665 1049 et
1686 1021 1772 1050 cae-

389 1096 411 1120 »
444 1078 526 1121 teri
544 1081 576 1121 ².
605 1095 625 1118 η
662 1079 719 1120 Et
750 1076 934 1131 iterum,
971 1077 1191 1120 «Fuimus
1225 1076 1342 1119 enim
1369 1084 1413 1119 et
1449 1091 1555 1130 nos,
1599 1075 1770 1136 inquit,

391 1168 409 1189 »
444 1147 564 1192 stulti
586 1146 820 1206 aliquando
841 1156 883 1190 et
903 1145 1117 1189 increduli
1134 1181 1144 1200 ,
1171 1155 1383 1201 errantes,
1404 1146 1636 1191 servientes
1656 1145 1772 1190 desi-

389 1237 410 1260 »
446 1218 573 1262 deriis
595 1227 637 1261 et
660 1217 961 1277 voluptatibus
984 1217 1109 1261 variis
1139 1217 1184 1260 in
1207 1216 1368 1260 malitia
1391 1226 1433 1261 et
1456 1217 1617 1262 invidia
1640 1233 1773 1277 agen-

389 1307 410 1330 »
445 1297 531 1343 tes,
556 1287 886 1342 abominabiles,
906 1288 1092 1331 invicem
1115 1286 1216 1331 odio
1234 1287 1441 1331 habentes
1467 1306 1476 1332 :
1501 1303 1603 1332 cum
1626 1297 1773 1332 autem

389 1377 410 1401 »
444 1359 688 1417 benignitas
722 1367 764 1402 et
796 1358 1041 1402 humanitas
1073 1357 1214 1402 illuxit
1239 1357 1469 1402 Salvatoris
1496 1360 1574 1402 Dei
1607 1360 1769 1415 nostri,

391 1450 409 1472 »
445 1446 534 1474 non
559 1445 612 1473 ex
634 1428 835 1489 operibus
859 1428 1039 1489 justitiae
1061 1445 1160 1488 quae
1181 1427 1363 1473 fecimus
1386 1444 1464 1473 nos
1480 1464 1490 1484 ,
1515 1429 1590 1473 sed
1614 1445 1772 1475 secun-

390 1521 410 1544 »
446 1501 551 1546 dum
571 1517 692 1545 suam
716 1500 1054 1544 misericordiam
1072 1499 1209 1544 salvos
1232 1516 1310 1544 nos
1333 1499 1435 1545 fecit
1456 1517 1532 1560 per
1553 1500 1774 1546 lavacrum

388 1591 409 1614 »
446 1572 823 1632 regenerationis?
853 1590 874 1612 »
915 1574 1028 1615 Ecce
1056 1571 1238 1616 humilia
1275 1587 1373 1631 quae
1406 1572 1696 1631 respiciuntur
1727 1574 1774 1617 in

387 1643 514 1688 coelo.
543 1641 761 1702 Spiritales
784 1642 900 1685 enim
921 1651 1047 1696 sunt,
1078 1651 1121 1685 et
1159 1643 1303 1685 omnia
1322 1641 1551 1701 judicant4
1575 1663 1584 1688 :
1610 1642 1686 1687 sed
1708 1655 1772 1687 ta-

386 1730 487 1758 men
504 1712 690 1757 humiles
708 1748 718 1767 ,
738 1728 793 1756 ne
815 1711 968 1772 dejecti
984 1712 1252 1772 judicentur.
1280 1712 1396 1765 Quid
1418 1713 1472 1756 de
1495 1729 1539 1757 se
1567 1714 1661 1772 ipso
1681 1715 1772 1758 sin-

388 1784 610 1844 gulariter,
630 1798 778 1827 nonne
800 1782 899 1826 talia
922 1792 1024 1826 sunt
1044 1799 1143 1843 quae
1170 1786 1515 1827 commemorat?
1541 1786 1656 1837 «Qui
1683 1800 1773 1830 non

392 1876 410 1897 ,υ
446 1871 541 1899 sum
556 1890 566 1909 ‚
598 1855 766 1915 inquit,
791 1855 974 1899 idoneus
991 1855 1135 1900 vocari
1159 1856 1389 1914 Apostolus
1407 1891 1418 1911 ,
1444 1857 1546 1916 quia
1567 1873 1773 1916 persecu-

389 1946 410 1969 »
445 1937 516 1971 tus
530 1943 625 1972 sum
640 1926 878 1972 Ecclesiam
899 1928 1002 1972 Dei⁵
1030 1946 1039 1971 ε
1060 1927 1135 1971 sed
1158 1926 1493 1971 misericordiam
1517 1938 1774 1973 consecutus

391 2014 413 2039 »
448 2013 544 2041 sum
561 2032 571 2052 ‚
594 1997 698 2057 quia
717 1998 918 2055 ignorans
939 1998 1022 2042 feci
1043 1998 1088 2041 in
1108 1996 1454 2042 incredulitatess.
1485 2015 1506 2039 »

446 2070 546 2112 VII.
582 2068 773 2128 Denique
803 2078 901 2128 post
929 2068 1032 2112 istos
1053 2084 1200 2112 versus
1217 2102 1228 2122 ‚
1265 2067 1426 2128 quibus
1455 2068 1514 2112 ait
1535 2067 1581 2110 in
1602 2067 1773 2112 Psalmo

389 2139 572 2200 Spiritus
596 2157 605 2183 z
630 2138 766 2191 «Quis
788 2139 899 2183 sicut
930 2139 1138 2183 Dominus
1168 2141 1280 2182 Deus
1308 2147 1470 2192 noster,
1508 2137 1584 2197 qui
1605 2137 1651 2181 in
1678 2137 1774 2182 altis

389 2229 410 2253 »
446 2210 614 2254 habitat
631 2244 641 2264 ‚
677 2218 720 2253 et
749 2209 929 2254 humilia
951 2209 1124 2269 respicit
1145 2209 1190 2252 in
1207 2207 1320 2252 coelo
1342 2218 1385 2252 et
1406 2208 1452 2251 in
1473 2216 1586 2252 terra
1608 2227 1617 2252 z
1645 2225 1667 2249 »
1691 2223 1772 2252 vo·-

386 2281 479 2326 lens
501 2280 656 2325 docere
677 2296 754 2324 nos
777 2296 910 2340 quare
932 2280 978 2323 in
1000 2279 1113 2324 coelo
1137 2279 1316 2323 humilia
1330 2314 1341 2333 ‚
1367 2294 1467 2322 cum
1485 2279 1575 2338 jam
1598 2278 1771 2337 spirita-

386 2351 447 2395 les
483 2350 630 2410 magni
658 2360 700 2394 et
716 2350 952 2410 judiciariis
985 2350 1159 2394 sedibus
1187 2349 1329 2407 digni,
1365 2347 1442 2393 tali
1477 2349 1772 2406 significentur

388 2423 586 2483 eloquio3
611 2422 794 2483 subjecit
809 2422 955 2466 statim
986 2442 994 2467 :
1024 2421 1146 2475 «Qui
1166 2420 1289 2480 erigit
1317 2436 1339 2464 a
1365 2430 1479 2464 terra
1502 2420 1675 2479 inopem
1691 2455 1702 2475 ,
1728 2429 1771 2465 et

436 2526 445 2542 z
467 2519 579 2561 Ephes.
597 2530 629 2561 v,
654 2519 686 2551 8.
707 2535 749 2541 —-
773 2525 785 2541 ²
805 2519 852 2551 Id.
875 2529 911 2560 11,
933 2519 1028 2552 3-10.
1051 2535 1091 2541 —
1109 2516 1122 2542 3
1141 2518 1202 2550 Tit.
1219 2529 1267 2557 ιιι,
1283 2515 1350 2549 3-5.
1372 2533 1414 2539 -
1438 2515 1455 2546 l·
1475 2527 1486 2548 ι
1509 2517 1580 2549 Cor.
1599 2527 1634 2557 11,
1655 2526 1707 2558 19.
1728 2533 1769 2538 —

390 2572 404 2596 5
422 2574 467 2606 Id.
491 2585 547 2616 xv,
568 2585 601 2616 9.
622 2572 693 2597 ...6
718 2586 729 2605 1
753 2575 833 2607 Tim.
853 2584 878 2615 ι,
901 2574 948 2605 ι3,
