1848 3261
282 232 522 262 ENARRATm
556 234 570 259 1
603 235 644 260 m
679 231 882 261 PsALMUM
913 233 979 270 m,
1013 229 1150 259 SERMO
1183 233 1214 258 1.
1399 219 1448 258 41

78 297 236 357 modo,
264 298 525 342 aedificantes
549 296 649 341 Sion
672 304 817 352 orant,
854 289 1036 355 gemunt
1059 314 1069 339 ι
1100 294 1173 338 ille
1201 310 1313 340 unus
1342 310 1453 355 pau-

78 383 182 427 per,
207 368 328 429 quod
359 382 568 427 pauperes
595 366 751 424 multi,
787 365 889 426 quia
918 364 1054 409 millia
1087 364 1134 409 in
1161 374 1228 409 tot
1255 366 1454 423 gentibus

76 453 191 482 unus
209 459 220 496 3
239 438 340 499 quia
360 438 503 482 unitas
525 437 640 497 pacis
663 436 878 481 Ecclesiae.
896 439 996 495 Ipse
1015 450 1152 490 unus,
1176 434 1267 494 ipse
1288 435 1416 479 multi
1443 454 1452 480 z

76 524 217 563 unus,
252 517 427 568 propter
448 508 728 565 charitatem3
763 506 920 562 multi,
960 514 1137 566 propter
1159 505 1451 549 latitudinem.

77 581 193 639 Ergo
226 596 344 625 nunc
373 588 521 624 oratur
537 614 548 634 ,
573 594 691 623 nunc
713 579 901 623 curritur
931 596 940 622 :
965 591 1082 621 nunc
1098 612 1108 631 ,
1141 576 1176 621 si
1212 576 1309 636 quis
1333 575 1457 620 aliter

77 659 184 706 erat,
197 659 240 694 et
258 649 380 694 ahter
402 665 445 694 se
461 649 668 705 habebat,
681 647 917 692 manducet
937 647 1127 691 cinerem
1149 646 1260 691 sicut
1281 661 1454 706 panem,

76 731 120 765 et
139 731 294 781 potum
317 737 444 766 suum
466 737 567 765 cum
591 721 697 765 fletu
715 720 1005 765 commisceat.
1029 721 1156 764 Nunc
1178 727 1350 778 tempus
1371 725 1455 773 est,

76 808 174 838 cum
188 792 428 836 aedificatur
452 792 576 849 Sion3
600 808 719 836 nunc
739 791 904 835 intrant
924 789 1090 849 lapides
1106 789 1152 833 in
1168 798 1456 833 structuram:

74 862 268 923 perfecto
290 862 474 908 aedificio
497 872 540 907 et
557 862 754 907 dedicata
772 861 919 917 domo,
937 860 1044 921 quid
1060 861 1211 915 curris,
1232 875 1325 905 sero
1343 874 1461 920 quae-

75 935 256 986 siturus,
290 934 476 977 inaniter
502 933 717 993 petiturus
737 967 749 988 ,
779 931 939 977 frustra
958 930 1210 992 pulsaturus
1226 965 1237 986 ,
1262 929 1365 975 foris
1388 945 1459 974 re-

76 1019 304 1048 mansurus
336 1018 440 1048 cum
472 1003 669 1063 quinque
704 1002 945 1061 virginibus
979 1000 1166 1046 fatuis¹?
1196 1003 1323 1046 Nunc
1356 1015 1460 1058 ergo

74 1090 214 1120 curre.
249 1093 269 1117 «
295 1075 496 1134 Respexit
517 1074 633 1118 enim
663 1074 708 1118 in
729 1073 968 1118 orationem
998 1071 1255 1127 humilium,
1288 1080 1332 1116 et
1369 1085 1459 1115 non

78 1164 98 1188 »
133 1145 328 1205 despexit
345 1160 519 1204 precem
539 1160 706 1189 eorum.
732 1163 752 1185 »

132 1218 254 1261 XIX.
286 1234 305 1257 «
333 1216 586 1260 Scribantur
618 1215 714 1259 haec
749 1214 795 1258 in
826 1213 1148 1272 generationem
1187 1211 1364 1256 alteram
1379 1215 1411 1255 ².
1437 1231 1456 1253 »

74 1285 260 1339 Quando
276 1285 577 1330 scribebantur
591 1285 701 1340 haec,
717 1300 805 1329 non
820 1283 878 1327 ita
894 1283 1129 1343 proderant
1147 1281 1206 1326 eis
1223 1282 1336 1326 inter
1350 1297 1459 1341 quos

73 1357 377 1402 scribebantur
399 1376 407 1402 :
440 1357 742 1400 scribebantur
763 1356 880 1399 enim
901 1355 956 1398 ad
988 1353 1338 1414 prophetandum
1368 1356 1458 1397 No-

57 1444 178 1473 ·vum
200 1431 541 1483 Testamentum,
561 1429 674 1472 inter
695 1427 892 1472 homines
914 1426 990 1486 qui
1010 1426 1218 1471 vivebant
1238 1440 1288 1468 ex
1302 1427 1459 1468 Vetere

75 1503 365 1544 Testamento.
376 1500 460 1545 Sed
474 1508 517 1543 et
530 1499 638 1543 illud
653 1502 787 1543 Vetus
802 1501 1127 1542 Testamentum
1135 1499 1249 1541 Deus
1262 1495 1456 1552 dederat,

73 1580 116 1614 et
136 1570 182 1613 in
210 1569 283 1614 illa
307 1578 416 1613 terra
438 1569 731 1628 promissionis
753 1567 966 1628 populum
990 1583 1118 1612 suum
1151 1566 1453 1612 collocaverat.

74 1640 159 1686 Sed
178 1640 385 1701 quoniam
399 1660 417 1683 «
430 1640 683 1685 Memoriale
702 1648 830 1684 tuum
851 1640 895 1684 in
924 1638 1248 1698 generationem
1263 1647 1306 1682 et
1324 1653 1458 1697 gene-

75 1730 95 1752 »
130 1713 341 1756 rationem
356 1712 371 1737 ³
388 1746 399 1765 ‚
418 1726 542 1755 »non
562 1711 811 1771 iniquorum
836 1718 925 1764 est,
946 1709 1021 1753 sed
1034 1711 1282 1770 justorum,
1304 1709 1350 1751 in
1372 1724 1458 1752 una

60 1782 350 1841 *generatione
365 1782 554 1841 pertinet
571 1780 626 1826 ad
640 1783 774 1824 Vetus
796 1782 1136 1834 Testamentum,
1147 1779 1193 1821 in
1210 1778 1292 1822 alia
1311 1787 1456 1822 autem

71 1854 345 1910 generatione
360 1852 549 1911 pertinet
567 1850 621 1895 ad
638 1854 809 1896 Novum
825 1853 1165 1894 Testamentum.
1181 1851 1239 1893 Et
1250 1849 1351 1909 quia
1371 1850 1456 1893 hoc

69 1924 378 1983 prophetatum
394 1932 472 1976 est,
488 1925 659 1967 Novum
678 1924 1000 1965 Testamentum
1014 1920 1301 1980 praenuntiat3
1321 1921 1458 1965 «Scri-

74 2012 94 2035 »
129 1994 289 2038 bantur
310 1994 404 2037 haec
425 1993 471 2036 in
494 1993 817 2051 generationem
846 1991 1022 2036 alteram
1057 2011 1067 2036 ε
1103 2001 1146 2035 et
1167 1991 1357 2052 populus
1379 1992 1455 2051 qui

74 2083 95 2106 »
130 2064 372 2119 creabitur,
396 2063 595 2107 laudabit
616 2063 896 2107 Dominum.»
908 2065 1005 2107 Non
1028 2061 1215 2122 populus
1232 2062 1310 2123 qui
1332 2078 1454 2107 crea-

71 2144 140 2179 tus
158 2143 245 2189 est,
270 2133 345 2178 sed
361 2169 372 2188 ‚
401 2153 421 2175 «
444 2132 639 2192 Populus
656 2133 733 2193 qui
754 2133 987 2177 creabitur.
1014 2151 1033 2174 n
1054 2132 1172 2186 Quid
1193 2132 1450 2189 evidentius,

71 2206 223 2250 fratres
246 2206 361 2249 mei?
394 2204 473 2248 Hic
502 2203 711 2263 praedicta
733 2212 796 2248 est
821 2202 892 2247 illa
916 2212 1111 2248 creatura
1127 2238 1139 2258 ,
1164 2203 1219 2247 de
1240 2219 1326 2263 qua
1348 2204 1454 2249 dicit

72 2275 303 2336 Apostolus
322 2294 331 2319 ε
362 2294 382 2317 «
410 2275 451 2319 Si
474 2290 560 2335 qua
581 2275 711 2332 igitur
731 2274 778 2317 in
799 2274 969 2319 Christo
989 2289 1101 2318 nova
1125 2283 1321 2319 creatura
1341 2309 1352 2329 ,
1376 2289 1454 2320 ve-

75 2365 95 2387 »
130 2357 221 2390 tera
253 2345 536 2399 transierunt,
570 2360 669 2389 ecce
706 2342 818 2388 facta
848 2353 950 2388 sunt
972 2345 1115 2389 omnia
1141 2360 1281 2399 nova,
1307 2345 1453 2390 omnia

75 2435 96 2458 »
131 2425 276 2460 autem
298 2431 349 2459 ex
370 2418 474 2460 Deo.
503 2434 523 2456 »
550 2415 667 2468 Quid
689 2423 777 2469 est,
807 2433 827 2455 «
851 2415 1008 2459 Omnia
1037 2423 1182 2458 autem
1213 2430 1264 2458 ex
1286 2417 1409 2459 Deo?
1427 2433 1449 2457 »

73 2489 129 2531 Et
145 2496 290 2531 vetera
313 2495 356 2530 et
378 2501 512 2530 nova:
529 2485 631 2545 quia
652 2483 898 2530 memoriale
920 2493 1046 2528 tuum
1064 2485 1109 2528 in
1127 2485 1450 2544 generationem

123 2579 130 2594 ¹
157 2571 268 2604 Matth.
294 2582 370 2612 xxv,
395 2580 445 2603 12.
466 2588 506 2593 —
526 2577 538 2592 ²
558 2570 637 2603 Psal.
655 2581 695 2611 ci,
719 2581 769 2612 19·
793 2587 833 2592 —-
858 2568 870 2593 3
893 2581 904 2601 1
922 2572 994 2604 Cor.
1019 2582 1053 2612 v,
1072 2581 1124 2612 17,
1143 2570 1192 2603 18.
