1848 3261
374 202 458 242 336
808 212 841 240 S.
877 210 1106 242 Aueusnm
1138 212 1318 242 Emscom

372 280 523 322 beatus
545 278 732 321 Joannes
754 278 920 334 scribit,
947 279 1052 323 hora
1074 278 1303 324 novissima
1320 281 1352 335 ¹,
1378 279 1641 341 quotidianis
1662 284 1749 326 Ec·-

370 347 510 392 clesiae
538 346 718 392 foetibus
739 348 784 393 in
802 364 1068 409 unoquoque
1092 347 1294 393 credente
1313 351 1572 410 completur,
1598 350 1747 395 audite

368 417 626 478 Apostolum
647 419 870 463 doctorem
891 420 1084 477 gentium
1107 418 1336 463 docentem
1359 429 1402 464 et
1429 421 1716 465 instruentem
1735 439 1745 466 ε

372 507 390 529 «
419 488 529 534 Nolo
561 488 675 531 enim
702 503 778 532 vos
796 522 807 543 ,
832 488 996 548 inquit,
1022 489 1242 547 ignorare,
1273 487 1447 544 fratres,
1474 491 1575 550 quia
1598 505 1748 535 omnes

370 578 390 601 »
425 569 567 619 patres
605 558 741 602 nostri
769 558 850 602 sub
884 559 1002 602 nube
1031 559 1237 615 fuerunt,
1271 568 1314 603 et
1352 575 1500 604 omnes
1524 576 1599 620 per
1631 576 1748 605 mare

370 649 390 672 »
426 630 710 684 transierunt,
747 637 790 672 et
808 644 956 674 omnes
984 629 1030 672 in
1047 633 1196 688 Moyse
1217 630 1418 690 baptisati
1446 640 1546 676 sunt
1563 631 1609 675 in
1630 631 1748 675 nube

367 720 388 743 »
424 711 467 745 et
487 702 532 745 in
553 700 683 756 mari,
714 709 758 744 et
779 716 927 745 omnes
952 700 1155 745 eumdem
1191 702 1338 746 cibum
1367 702 1602 762 spiritalem
1620 718 1746 746 man-

367 789 388 813 »
424 771 696 816 ducaverunt
713 806 723 826 ,
749 780 792 815 et
814 786 962 815 omnes
980 771 1182 815 eumdem
1204 781 1358 831 potum
1376 772 1610 832 spiritalem
1628 773 1747 816 bibe-

366 860 386 884 »
422 851 539 886 runt.
565 841 782 886 Bibebant
803 842 918 885 enim
938 843 992 886 de
1022 842 1199 901 spiritali
1221 852 1427 903 sequente
1454 853 1599 902 petra:
1624 853 1747 903 petra

363 931 385 955 »
421 922 566 957 autem
579 921 670 956 erat
684 912 896 957 Christus.
920 912 1004 957 Sed
1019 928 1105 956 non
1120 912 1165 956 in
1179 913 1382 957 omnibus
1403 913 1485 957 illis
1503 914 1614 957 bene
1627 928 1747 957 com-

350 1003 385 1046 .»
421 983 583 1044 placuit
601 986 690 1027 Deo
713 1002 721 1027 :
744 983 945 1042 prostrati
962 982 1077 1026 enim
1098 992 1200 1026 sunt
1221 982 1266 1026 in
1278 982 1463 1027 deserto.
1482 985 1586 1027 Haec
1600 992 1746 1027 autem

365 1074 385 1098 »
421 1057 570 1114 figurae
591 1064 750 1100 nostrae
772 1053 898 1098 factae
918 1063 1019 1098 sunt
1041 1057 1074 1097 ².
1106 1074 1123 1095 1>
1146 1053 1258 1106 Quid
1279 1052 1410 1098 vultis
1433 1053 1633 1113 amplius,
1653 1055 1745 1098 fra-

362 1135 446 1170 tres
464 1124 751 1170 dilectissimi?
768 1126 895 1168 Certe
909 1123 1188 1167 manifestum
1213 1133 1277 1168 est
1291 1140 1381 1168 non
1397 1125 1589 1168 humana
1606 1124 1747 1183 suspi-

362 1197 508 1251 cione,
538 1195 613 1240 sed
634 1194 891 1254 apostolico,
923 1192 969 1236 id
997 1202 1080 1248 est,
1107 1193 1255 1237 divino
1283 1202 1325 1236 et
1353 1193 1571 1238 dominico
1594 1195 1745 1252 magis-

362 1266 469 1311 terio
489 1282 498 1307 :
523 1270 636 1310 Deus
651 1266 767 1309 enim
788 1264 1051 1323 loquebatur
1066 1263 1111 1306 in
1137 1264 1194 1306 eis
1208 1298 1218 1318 ,
1240 1272 1283 1306 et
1299 1263 1495 1323 quamvis
1507 1263 1561 1307 de
1579 1264 1743 1308 carneis

360 1338 574 1392 nubibus,
600 1346 746 1381 tamen
768 1335 972 1379 Dominus
994 1335 1242 1378 intonabat:
1265 1344 1380 1378 certe
1402 1350 1504 1393 ergo
1524 1344 1645 1379 tanto
1664 1345 1745 1379 tes-

364 1408 541 1453 timonio
568 1406 849 1451 manifestum
881 1415 945 1449 est
977 1403 1051 1448 illa
1084 1405 1228 1449 omnia
1248 1406 1432 1463 figurate
1460 1415 1598 1464 gesta,
1623 1422 1742 1451 nunc

360 1481 405 1524 in
428 1488 572 1523 nostra
602 1478 738 1522 salute
766 1475 1000 1535 compleri,
1027 1475 1130 1535 quia
1160 1484 1265 1520 tunc
1296 1474 1444 1519 sutura
1473 1477 1741 1535 praenuntia-

359 1550 545 1605 bantur,
573 1564 690 1593 nunc
718 1547 934 1607 praeterita
962 1546 1191 1605 leguntur,
1222 1555 1265 1590 et
1296 1547 1522 1606 praesentia
1557 1563 1741 1606 cognos-

360 1631 535 1666 cuntur.

419 1695 495 1737 IV.
521 1690 681 1736 Audite
699 1689 815 1750 quod
840 1698 903 1733 cst
925 1688 1163 1732 mirabilius
1178 1724 1188 1744 ,
1214 1688 1428 1732 librorum
1448 1698 1645 1734 veterum
1673 1705 1744 1734 sa-

360 1770 578 1807 cramenta
619 1759 832 1805 occultata
867 1768 996 1818 atque
1030 1758 1197 1812 velata,
1232 1758 1442 1803 nonnulla
1479 1775 1531 1803 ex
1565 1769 1686 1818 parte
1719 1775 1744 1804 a

359 1833 479 1877 libris
511 1831 729 1877 veteribus
760 1828 954 1874 revelari.
993 1831 1099 1873 Nam
1128 1828 1331 1872 Michaeas
1352 1830 1564 1888 propheta
1590 1831 1648 1873 ita
1676 1829 1744 1874 lo-

359 1903 508 1964 quitur
530 1921 538 1946 :
582 1921 602 1943 «
640 1905 776 1945 Prout
816 1899 905 1943 dies
930 1934 940 1954 ,
984 1898 1127 1958 inquit
1142 1933 1152 1953 ,
1194 1897 1472 1957 profectionis
1507 1915 1655 1944 eorum
1692 1916 1743 1944 ex

361 1993 381 2017 »
417 1977 631 2032 AEgypto,
667 1971 892 2015 ostendam
920 1969 1135 2014 mirabilia
1156 1968 1254 2014 illis.
1277 1970 1501 2014 Videbunt
1526 1972 1738 2027 nationes,

362 2065 383 2088 »
418 2055 458 2089 et
489 2042 816 2089 confundentur
842 2042 897 2085 ab
921 2041 1035 2085 omni
1059 2042 1206 2100 vigore
1227 2056 1376 2085 eorum
1400 2061 1409 2086 ε
1435 2043 1635 2086 manibus
1668 2059 1743 2088 ora

361 2135 382 2159 »
417 2131 493 2160 sua
507 2115 749 2168 obstruent,
767 2127 889 2156 aures
901 2111 983 2155 illis
996 2110 1369 2166 obsurdabuntur,
1382 2110 1651 2170 delingentes
1662 2122 1743 2157 ter-

362 2206 383 2229 »
418 2202 507 2231 ram
522 2221 533 2241 ,
552 2184 673 2230 velut
685 2192 902 2243 serpentes
921 2183 1139 2226 trahentes
1153 2191 1336 2226 terram:
1357 2183 1741 2227 conturbabuntur

361 2277 381 2301 »
417 2258 471 2302 de
498 2254 850 2302 conclusionibus
877 2267 1028 2297 eorum
1046 2287 1056 2307 ,
1079 2252 1125 2296 in
1142 2253 1327 2296 Domino
1350 2256 1440 2297 Deo
1455 2259 1608 2297 nostro
1624 2254 1740 2298 exci-

361 2349 381 2373 »
418 2329 523 2374 dent
553 2336 723 2382 mente,
744 2335 787 2369 et
808 2324 1089 2369 terrebuntur
1110 2339 1133 2367 a
1160 2332 1216 2367 te.
1242 2324 1347 2376 Quis
1369 2327 1459 2368 Deo
1488 2333 1563 2368 tuo
1592 2325 1739 2370 similis

361 2419 381 2442 »
417 2397 615 2445 auferens
637 2395 930 2456 iniquitatem,
962 2403 1004 2438 et
1030 2392 1348 2452 transgrediens
1381 2394 1646 2453 impietatem
1674 2411 1740 2439 rc-

362 2489 382 2513 »
417 2470 548 2515 siduis
559 2466 824 2513 haereditatis
838 2466 957 2510 tuae?
974 2467 1031 2509 Et
1044 2480 1131 2512 non
1150 2464 1366 2510 continuit
1379 2464 1425 2509 in
1442 2464 1736 2511 testimonium

406 2561 414 2578 ¹
440 2566 451 2587 x
473 2557 565 2587 Joan.
583 2564 619 2595 11,
640 2550 690 2585 18.
706 2566 747 2578 -ο
768 2556 781 2576 ⁹
803 2562 814 2583 ι
835 2550 906 2583 Cor.
928 2559 963 2589 x,
985 2550 1057 2583 1·6.
