1848 3261
364 219 449 262 540
808 227 843 259 s.
877 229 1109 261 Auous‘nm
1141 231 1324 262 EPISCOPI

362 301 452 345 cit:
481 317 501 341 «
525 299 638 344 Cum
661 298 815 343 timore
838 307 882 343 et
914 307 1102 345 tremore
1128 308 1314 344 vestram
1344 300 1539 360 ipsorum
1566 299 1750 345 salutem

364 388 386 413 »
420 369 673 430 operamini.
703 387 722 411 n
748 372 806 414 Et
832 385 910 415 cur
945 370 1029 415 hoc
1059 370 1215 416 dixerit
1241 370 1461 430 aperiens,
1493 390 1514 413 «
1542 376 1652 416 Deus
1686 381 1750 416 est

351 460 385 497 N»
420 442 538 486 enim
557 476 568 497 ,
603 441 772 501 inquit,
808 442 884 502 qui
907 451 1111 501 operatur
1131 443 1178 487 in
1198 442 1348 498 vobis,
1373 451 1418 487 et
1437 441 1551 487 velle
1574 451 1618 487 et
1645 457 1752 503 ope-

365 530 386 556 »
421 512 505 558 rari
523 528 601 572 pro
620 512 736 557 bona
758 511 985 556 voluntate
1001 515 1030 557 ¹.
1059 531 1080 555 »
1106 513 1175 558 Ad
1193 514 1279 558 hoc
1300 522 1402 558 sunt
1423 528 1528 572 ergo
1554 512 1601 558 in
1622 529 1752 559 cons-

361 592 494 644 pectu
522 582 697 629 Domini
725 582 806 627 viae
828 583 1045 642 justorum
1063 619 1073 639 ,
1114 593 1165 629 ut
1196 584 1351 644 dirigat
1375 600 1543 644 gressus
1565 600 1718 629 eorum
1737 619 1765 641 ,,

361 655 569 716 quoniam
593 654 695 713 ipsae
717 663 818 698 sunt
837 654 918 697 viae
941 653 995 698 de
1016 654 1177 714 quibus
1199 655 1407 715 scriptum
1423 664 1486 700 est
1506 655 1552 699 in
1575 658 1754 700 Prover-

362 725 444 770 biis
466 744 474 770 ε
506 744 526 767 «
552 724 652 769 Vias
674 734 821 769 autem
843 740 943 786 quae
967 741 990 770 a
1012 725 1173 770 dextris
1200 735 1302 771 sunt
1321 761 1332 782 ‚
1366 726 1488 771 novit
1509 726 1718 772 Dominus
1740 745 1751 773 ι

365 816 383 838 »
418 810 630 855 perversae
666 804 812 840 autem
843 805 969 851 sunt,
996 796 1163 856 inquit,
1195 813 1296 857 quae
1328 813 1351 841 a
1383 796 1629 842 sinistris²z
1660 817 1678 838 »
1705 805 1756 841 ut

359 865 700 925 intelligeremus
735 866 855 926 quod
884 881 952 910 eas
976 882 1066 911 non
1096 867 1266 912 noverit
1302 868 1512 913 Dominus
1530 902 1542 923 ,
1574 876 1756 928 propter

361 937 483 999 quod
504 938 713 998 perversis
731 937 928 983 dicturus
951 948 1016 984 est
1035 958 1044 984 :
1074 958 1094 981 «
1114 941 1213 985 Non
1235 940 1336 984 novi
1361 940 1483 984 vos³.
1508 957 1529 981 »
1555 942 1690 984 Porro
1707 947 1757 984 ut

362 1009 641 1065 ostenderet,
674 1025 763 1071 quo
791 1009 941 1055 fructu
975 1010 1067 1056 vias
1097 1026 1196 1072 quae
1220 1028 1243 1056 a
1266 1011 1426 1056 dextris
1449 1020 1574 1066 sunt,
1599 1010 1646 1055 id
1668 1020 1752 1066 est,

356 1082 599 1142 justorum,
636 1082 807 1126 noverit
841 1082 1047 1127 Dominus
1068 1117 1080 1138 ,
1115 1083 1326 1128 continuo
1363 1082 1577 1144 subjecit,
1614 1101 1634 1124 «
1660 1085 1757 1142 Ipse

365 1170 386 1194 »
412 1153 528 1195 enim
561 1160 701 1196 rectos
723 1151 852 1196 faciet
875 1167 1041 1210 gressus
1080 1161 1176 1198 tuos
1194 1188 1204 1208 ‚
1235 1162 1279 1198 et
1300 1153 1455 1198 itinera
1483 1162 1559 1197 tua
1580 1152 1627 1196 in
1647 1167 1753 1212 pace

364 1240 385 1264 »
411 1220 671 1282 producet4.
713 1242 730 1263 »
767 1225 881 1266 Ecce
904 1238 1037 1283 quare
1063 1223 1123 1268 ait
1154 1224 1285 1269 etiam
1322 1224 1401 1268 iste
1421 1259 1432 1280 ,
1473 1242 1494 1266 «
1525 1222 1752 1269 Custodivi

367 1312 385 1334 »
421 1290 627 1336 mandata
650 1300 725 1336 tua
748 1301 792 1337 et
813 1293 1061 1337 testimonia
1084 1302 1174 1337 tua.
1197 1315 1214 1335 »
1238 1296 1295 1338 Et
1316 1292 1438 1339 velut
1459 1308 1753 1354 quaereremus

363 1363 447 1408 hoe
472 1362 591 1407 unde
628 1363 834 1423 potuerit.
865 1382 885 1405 «
910 1363 1019 1417 Quia
1051 1378 1224 1421 omnes,
1259 1365 1432 1425 inquit,
1466 1365 1548 1411 viae
1577 1380 1686 1409 meae
1707 1363 1753 1409 in

365 1452 388 1478 »
422 1443 658 1494 conspectu
676 1443 779 1491 tuo,
802 1435 1003 1481 Domine.
1035 1454 1053 1476 »

819 1750 1050 1795 SERMO
1091 1752 1310 1792 XXXII.

425 1924 461 1967 I.
487 1922 641 1966 VocEM
662 1935 780 1965 nunc
810 1920 972 1965 orantis
1002 1919 1226 1965 audiamus
1252 1934 1262 1961 t
1293 1919 1502 1980 quoniam
1530 1920 1629 1981 quis
1660 1928 1757 1966 oret

364 1993 586 2049 novimus,
612 2002 655 2038 et
676 2008 754 2038 nos
775 1993 904 2053 ipsoe,
929 1993 962 2036 si
991 1992 1165 2053 reprobi
1184 2007 1274 2037 non
1291 2006 1456 2047 sumus,
1481 1991 1527 2036 in
1549 1992 1756 2037 membris

364 2066 495 2126 hujus
519 2065 680 2110 orantis
709 2064 999 2124 agnoscimus.
1030 2083 1051 2106 «
1071 2063 1406 2124 Appropinquet
1427 2063 1564 2108 oratio
1593 2078 1688 2108 mea
1709 2063 1758 2108 in

366 2155 387 2179 »
423 2145 660 2196 conspeetu
682 2145 779 2190 tuo,
807 2136 988 2180 Domine
1004 2137 1036 2180 ⁵.
1065 2153 1085 2176 »
1114 2135 1166 2179 Id
1183 2144 1246 2179 est
1260 2169 1271 2191 ‚
1292 2134 1430 2179 oratio
1448 2149 1543 2179 mea
1559 2169 1571 2190 ,
1588 2151 1689 2196 quae
1706 2135 1757 2181 fit

362 2209 409 2253 in
428 2217 665 2267 conspectu
687 2216 786 2262 tuo,
814 2207 1134 2267 appropinquet
1159 2206 1252 2250 tibi.
1281 2209 1421 2266 Prope
1445 2214 1510 2250 est
1531 2206 1647 2250 enim
1669 2209 1758 2251 Do-

364 2280 509 2325 minus
536 2279 603 2323 his
636 2279 711 2339 qui
741 2279 1016 2323 obtriverunt
1049 2279 1165 2323 corf’.
1195 2297 1215 2320 ‹<
1243 2277 1496 2323 Secundum
1529 2277 1757 2338 eloquium

364 2360 493 2395 tuum
513 2351 568 2395 da
595 2350 701 2394 mihi
724 2349 1021 2405 intellectum,
1045 2367 1064 2390 »
1094 2348 1356 2393 Promissum
1381 2349 1503 2408 petit.
1533 2350 1642 2393 Nam
1671 2349 1756 2393 hoe

365 2422 425 2466 ait
449 2440 458 2467 z
482 2419 734 2467 Secundum
756 2419 978 2481 eloquium
1001 2429 1156 2477 tuum3
1182 2437 1203 2461 »
1229 2428 1439 2480 tanquam
1466 2419 1652 2475 diceret,
1677 2421 1755 2464 Se-

414 2536 423 2554 ¹
440 2530 555 2573 Philip.
571 2529 606 2571 1i‚
631 2538 685 2572 12,
706 2530 804 2562 13.—-
824 2535 837 2552 ²
852 2530 945 2562 Prov.
961 2540 1007 2571 iv,
1024 2538 1126 2571 27.—-
1141 2526 1154 2552 3
1168 2527 1280 2564 Matth.
1300 2538 1356 2573 vu,
1374 2526 1503 2564 23.-4
1520 2528 1614 2563 PrOV·
1636 2538 1687 2568 xv,
1697 2536 1753 2570 27.

367 2602 408 2611 —-
427 2583 442 2610 ⁵
459 2585 540 2621 Psah
557 2596 671 2628 cxvm,
692 2586 767 2628 169.
788 2601 831 2613 -
848 2583 864 2610 ⁶
882 2585 928 2620 Id.
950 2595 1061 2628 xxxin,
1083 2594 1134 2627 19.
