1848 3261
433 284 674 314 ENARRATIO
706 286 751 312 m
783 282 986 312 PSALMUM
1017 284 1052 309 e.
1231 302 1236 305 .
1377 275 1432 312 19

52 355 144 398 niet
164 362 208 397 et
236 351 413 412 judicii3
437 352 538 412 quia
561 350 620 396 sic
643 350 778 410 coepit
802 349 996 394 Psalmus
1022 367 1031 393 :
1057 348 1436 393 «Misericordiam

56 442 76 466 »
110 432 154 467 et
171 421 385 484 judicium
413 421 599 467 cantabo
631 421 733 476 tibi,
765 420 963 464 Domine,
991 437 1012 461 »
1040 422 1137 463 Jam
1165 420 1436 465 enumeravit

51 495 268 555 superius,
295 495 396 555 quia
426 510 516 539 non
538 493 600 537 illi
634 493 911 537 adhaeserunt
935 492 1016 535 nisi
1042 491 1162 535 boni.
1197 491 1321 536 Malis
1342 507 1434 536 non

52 565 253 621 adhaesit,
288 581 369 610 nec
397 564 695 610 delectabatur
718 563 855 624 epulis
890 563 1129 624 iniquitatis
1157 578 1331 618 eorum,
1355 562 1434 623 qui

51 637 133 681 sibi
155 637 456 681 ministrabant
473 671 484 691 ,
508 652 598 680 non
620 635 807 680 Domino
822 671 833 691 ,
858 635 904 679 id
932 643 1020 690 est,
1057 651 1133 679 sua
1154 635 1426 695 quaerebant.

52 710 110 751 Et
136 707 259 768 quasi
289 706 505 750 diceretur
538 706 630 751 illi:
656 709 713 750 Et
747 715 798 750 ut
829 706 937 766 quid
968 705 1075 750 tales
1095 706 1141 749 in
1163 706 1335 750 civitate
1359 714 1436 749 tua

53 787 175 822 tanto
204 787 394 837 tempore
422 776 638 821 tolerasti?
672 779 859 837 Tempus
888 777 1191 822 misericordiae
1227 786 1291 821 est
1308 811 1320 832 ,
1359 776 1432 820 ait.

54 848 171 902 Quid
192 858 280 904 est,
306 858 476 908 tempus
504 846 839 892 misericordiae?
867 847 1025 892 Adhuc
1048 847 1246 892 nondum
1267 847 1436 893 revela-

56 928 150 964 tum
171 929 233 964 est
248 919 462 979 judicium
482 939 490 963 z
516 934 601 963 nox
623 927 686 962 est
700 954 710 974 ‚
743 918 966 978 apparebit
987 918 1075 962 dies
1090 954 1101 974 ‚
1125 918 1350 979 apparebit
1365 919 1440 978 ju—

57 989 236 1035 dicium.
267 990 384 1034 Audi
414 989 672 1049 Apostolum
696 1008 705 1034 ε
740 1009 761 1032 «
784 992 937 1050 Itaque
962 988 1098 1033 nolite
1135 998 1235 1034 ante
1268 998 1441 1049 tempus

59 1080 79 1103 »
115 1061 355 1122 quidquam
371 1061 581 1121 judicare.
603 1079 622 1102 »
649 1060 763 1114 Quid
784 1070 848 1105 est
875 1080 895 1103 «
919 1063 1034 1105 Ante
1055 1063 1258 1120 tempus?
1279 1080 1298 1103 »
1324 1064 1439 1106 Ante

57 1131 188 1176 diem.
224 1131 340 1176 Audi
362 1132 464 1192 quia
486 1140 585 1175 ante
613 1131 729 1175 diem
754 1131 887 1176 dixit:
910 1150 930 1173 «
954 1135 1102 1176 Donec
1121 1132 1266 1176 veniat
1289 1131 1439 1176 Domi-

60 1220 81 1243 »
115 1217 220 1257 nus,
245 1211 289 1246 et
304 1201 521 1247 illuminet
541 1200 793 1246 abscondita
815 1202 1110 1258 tenebrarum,
1131 1212 1173 1246 et
1190 1202 1442 1247 manifesta-

60 1289 81 1314 »
117 1272 183 1316 bit
209 1272 490 1331 cogitationes
522 1271 663 1316 cordis
681 1307 692 1325 ‚
724 1281 768 1316 et
795 1280 900 1317 tunc
932 1272 1026 1317 laus
1054 1275 1134 1318 erit
1158 1274 1396 1334 unicuique
1420 1290 1444 1318 a

59 1360 82 1385 ))
116 1349 202 1388 Deo
221 1346 251 1387 ¹.
280 1362 300 1385 »
324 1338 435 1390 Nam
454 1342 587 1388 modo
603 1379 617 1399 ,
637 1342 835 1403 quandiu
853 1359 944 1388 non
970 1344 1089 1389 vides
1121 1360 1196 1389 cor
1222 1359 1371 1389 meum
1400 1353 1444 1389 et

57 1429 149 1459 non
179 1413 307 1459 video
337 1430 413 1459 cor
446 1424 572 1458 tuum
592 1449 603 1469 ,
633 1430 718 1458 nox
750 1424 829 1458 est.
863 1415 1016 1460 Nescio
1043 1415 1152 1476 quid
1177 1416 1232 1460 ab
1265 1416 1444 1460 homine

57 1486 229 1545 petisti,
265 1502 355 1531 non
382 1485 606 1546 accepisti,
643 1485 864 1530 contemni
896 1496 939 1531 te
971 1496 1123 1547 putas,
1155 1497 1199 1532 et
1219 1486 1333 1532 forte
1354 1503 1445 1532 non

58 1557 371 1615 contemneris3
408 1573 483 1602 cor
515 1558 629 1601 enim
661 1572 752 1601 non
781 1556 931 1602 vides:
957 1567 1000 1602 et
1022 1558 1106 1602 cito
1137 1558 1411 1618 blasphemas
1430 1593 1442 1614 ‚

57 1628 104 1671 in
120 1637 249 1672 nocte
263 1627 407 1672 danda
419 1636 483 1672 est
496 1627 577 1671 tibi
588 1628 713 1672 venia
731 1628 906 1672 erranti.
927 1628 1077 1688 Diligit
1093 1638 1136 1673 te
1153 1629 1285 1674 homo
1302 1629 1447 1674 nescio

57 1699 153 1758 quis
166 1734 177 1754 ,
207 1707 250 1742 et
269 1708 396 1759 putas
419 1698 521 1758 quia
547 1697 641 1743 odit
658 1707 701 1743 te
718 1716 729 1750 ;
749 1708 824 1743 aut
839 1698 932 1744 odit
953 1709 1020 1755 te,
1043 1709 1086 1744 et
1107 1710 1234 1760 putas
1257 1701 1358 1762 quia
1375 1699 1446 1744 di-

58 1767 156 1828 ligit
173 1777 244 1814 te:
270 1770 344 1814 sed
362 1767 593 1829 quodlibet
614 1768 688 1824 sit,
711 1785 798 1814 nox
816 1779 894 1814 est.
920 1769 1019 1815 Noli
1037 1770 1205 1827 timere,
1230 1787 1446 1831 praesume

58 1839 105 1883 in
121 1840 295 1885 Christo
311 1875 322 1896 ,
340 1840 387 1883 in
408 1839 484 1884 illo
505 1839 666 1884 habeto
688 1839 805 1884 diem
825 1859 833 1885 :
855 1850 1030 1885 nonest
1046 1841 1153 1901 quid
1175 1841 1278 1886 mali
1295 1842 1351 1886 de
1369 1842 1444 1888 illo

59 1910 215 1954 sentias
231 1945 242 1965 ‚
267 1911 370 1970 quia
391 1910 530 1954 securi
545 1925 692 1954 sumus
707 1945 718 1965 ,
743 1918 787 1955 et
807 1912 912 1955 certi
927 1926 1075 1956 sumus
1091 1947 1101 1967 ,
1124 1913 1226 1973 quia
1249 1911 1342 1957 falli
1359 1929 1451 1958 non

59 1988 227 2039 potest,
253 1987 366 2023 amat
387 1994 480 2024 nos.
506 1982 567 2023 De
595 1980 720 2023 nobis
743 1989 889 2024 autem
910 1981 1095 2026 invicem
1120 1982 1321 2027 nondum
1339 1984 1447 2029 certi

60 2065 224 2094 sumus.
238 2052 352 2094 Deus
369 2049 485 2093 enim
506 2050 628 2094 novit
648 2049 925 2095 dilectionem
948 2061 1140 2096 nostram
1161 2053 1208 2097 in
1225 2053 1413 2099 invicem
1436 2074 1445 2100 ε

61 2137 141 2166 nos
168 2131 313 2166 autem
331 2121 460 2166 etiam
481 2121 515 2165 si
537 2120 755 2180 diligimus
775 2137 854 2167 nos
874 2123 1059 2167 invicem
1074 2159 1085 2179 ,
1110 2124 1206 2184 quis
1227 2125 1348 2170 videt
1363 2142 1450 2187 qua

61 2192 382 2252 dispensatione
418 2208 442 2236 a
462 2192 587 2236 nobis
609 2192 717 2236 fiant
747 2192 859 2237 ista?
881 2198 1021 2247 Quare
1043 2210 1172 2239 nemo
1201 2195 1318 2241 videt
1344 2199 1449 2242 cor?

63 2265 176 2318 Quia
192 2280 279 2309 nox
297 2274 374 2309 est.
401 2268 454 2309 In
469 2265 548 2308 ista
565 2273 694 2309 nocte
710 2265 968 2309 tentationes
987 2266 1230 2311 abundant.
1247 2269 1379 2321 Quasi
1397 2268 1452 2312 de

64 2335 157 2395 ipsa
186 2344 316 2380 nocte
347 2334 457 2379 dixit
482 2334 678 2379 Psalmus
703 2353 711 2378 ε
750 2353 769 2377 «
795 2336 980 2380 Posuisti
1013 2337 1240 2393 tenebras,
1272 2348 1316 2382 et
1338 2336 1453 2383 facta

68 2423 91 2447 »
125 2415 189 2450 est
210 2422 294 2450 nox
309 2441 319 2461 ‚
343 2406 389 2450 in
411 2421 461 2450 ea
483 2405 808 2464 pertransibunt
840 2422 991 2452 omnes
1013 2408 1163 2452 bestiae
1190 2408 1352 2469 sylvae3
1377 2426 1452 2455 ca-

72 2494 94 2518 »
129 2475 211 2520 tuli
231 2476 410 2521 leonum
433 2476 649 2534 rugientes
670 2486 719 2520 ut
737 2477 927 2536 rapiant,
952 2488 995 2522 et
1016 2489 1065 2523 ut
1088 2489 1288 2539 quaerant
1311 2496 1335 2524 a
1361 2484 1451 2526 Deo

77 2563 96 2588 »
130 2561 271 2591 escam
293 2546 416 2591 sibi2.
446 2565 466 2588 »
491 2550 543 2591 In
565 2556 694 2591 nocte
716 2557 921 2606 quaerunt
941 2564 1081 2593 escam
1103 2550 1237 2594 catuli
1257 2549 1450 2596 leonum.

123 2637 131 2654 ¹
153 2643 166 2664 i
186 2634 258 2666 Cor.
280 2643 322 2674 iv,
347 2632 376 2665 5.
398 2649 439 2655 -—
466 2639 478 2655 ²
494 2631 571 2664 Psal.
597 2643 662 2673 cni,
684 2641 738 2673 20,
758 2641 811 2664 21.

1206 2689 1245 2727 2.
