1848 3261
476 207 718 239 ENARRATIO
749 211 795 239 IN
827 207 1028 238 PsALMUM
1059 212 1143 239 etv.
1424 202 1504 240 197

125 277 406 337 dispositione
423 277 622 321 futurum
637 286 701 322 est
720 296 730 324 :
749 277 851 336 quia
873 275 928 320 de
944 275 1020 320 illo
1044 276 1147 319 alibi
1169 275 1327 320 dicitur
1347 295 1357 322 ι
1385 296 1405 320 «
1424 278 1511 331 Qui

126 365 148 390 η
183 347 286 392 fecit
303 363 402 407 quae
419 346 567 392 futura
590 349 734 392 sunt1.
753 365 774 388 »
791 349 848 391 Et
858 346 928 390 hic
950 346 1128 406 quando
1148 347 1282 391 sames
1302 347 1413 391 facta
1429 357 1508 403 est,

124 426 228 462 tunc
251 416 366 462 dicta
388 427 451 462 est
477 427 629 462 vocata
644 453 655 473 ,
685 416 731 461 id
748 426 837 472 est,
863 425 914 461 ut
944 415 1111 460 adesset
1132 432 1231 476 quae
1256 417 1348 476 jam
1368 416 1513 462 fuerat

123 488 169 532 in
184 489 274 548 ejus
297 487 466 533 occulta
489 488 806 547 gubernatione
823 487 1043 546 disposita.
1069 487 1267 547 Denique
1287 487 1510 548 quomodo

123 559 342 603 vocaverit
358 557 540 614 famem,
562 559 705 603 statim
729 558 946 618 exposuit,
965 557 1111 603 dicens
1131 578 1140 603 :
1164 578 1184 601 «
1207 560 1347 603 Omne
1365 559 1513 602 firma-

128 647 149 671 »
184 639 381 673 mentum
399 629 520 689 panis
543 629 762 674 contrivit.
783 647 803 670 »
824 632 882 673 Et
904 629 999 673 baec
1016 629 1220 674 inusitata
1240 629 1407 674 locutio
1425 639 1509 674 est:

128 717 149 741 »
183 700 399 744 Contrivit
421 719 440 741 »
468 700 582 744 enim
606 699 736 753 dixit,
762 715 841 759 pro
864 715 915 744 eo
937 699 1057 759 quod
1081 709 1157 754 est,
1183 700 1479 760 Consumpsit.

183 773 287 815 XII.
305 770 453 815 «Misit
472 780 572 815 ante
593 787 664 816 eos
679 771 836 816 virum.
846 789 866 812 »
879 773 1018 823 Quem
1031 771 1199 815 virum?
1213 774 1236 815 J
1241 773 1388 831 oseph.
1402 775 1516 825 Quo-

125 840 256 885 modo
268 840 414 884 misit?
432 860 451 882 «
470 844 520 885 In
543 856 713 885 servum
730 840 1019 885 venumdatus
1033 850 1095 885 est
1110 843 1134 885 J
1138 842 1335 901 oseph².»
1347 844 1515 902 Nempe

125 909 302 971 quando
321 909 486 955 factum
504 920 582 965 est,
597 921 823 971 peccatum
841 921 933 955 erat
948 910 1149 967 fratrum,
1171 921 1213 956 et
1235 921 1383 956 tamen
1401 916 1515 957 Deus

126 981 242 1026 misit
264 982 424 1041 Joseph
452 981 498 1025 in
525 984 782 1041 AEgyptum.
806 983 1024 1026 Intuenda
1054 991 1117 1026 est
1148 998 1250 1041 ergo
1273 998 1338 1026 res
1360 998 1518 1042 magna

126 1062 170 1096 et
193 1052 526 1112 pernecessaria,
552 1053 774 1111 quomodo
790 1055 904 1095 Deus
924 1052 1037 1095 bene
1059 1062 1207 1097 utatur
1228 1053 1351 1098 malis
1373 1055 1517 1114 operi-

126 1123 208 1167 bus
226 1123 476 1177 hominum,
498 1121 609 1166 sicut
625 1121 689 1165 illi
710 1130 861 1166 contra
880 1121 992 1166 male
1014 1132 1201 1168 utuntur
1218 1124 1344 1170 bonis
1372 1125 1518 1185 operi-

126 1193 208 1236 bus
231 1194 322 1237 Dei.

182 1265 309 1306 XIII.
329 1262 533 1308 Contexit
550 1261 709 1306 deinde
730 1262 1039 1320 narrationem,
1061 1279 1402 1310 commemorans
1417 1283 1518 1327 quae

125 1332 356 1393 pertulerit
386 1334 547 1393 Joseph
578 1332 624 1377 in
654 1333 903 1378 bumilitate
926 1351 1022 1389 sua,
1060 1344 1103 1379 et
1135 1338 1359 1396 quomodo
1382 1338 1516 1383 fuerit

126 1403 397 1448 sublimatus.
440 1423 460 1446 ι(
488 1402 838 1448 Humiliaverunt
859 1405 905 1448 in
926 1405 1211 1465 compedibus
1236 1407 1368 1466 pedes
1398 1410 1513 1468 ejus,

127 1493 148 1516 >›
183 1474 347 1519 ferrum
370 1474 604 1534 pertransit
626 1474 815 1518 animam
838 1477 952 1536 ejus,
985 1476 1124 1521 donec
1141 1478 1310 1522 veniret
1331 1480 1516 1523 verbum

127 1562 147 1586 n
183 1545 219 1604 ej
228 1560 276 1588 us
291 1546 321 1588 3.
353 1562 371 1585 »
398 1543 640 1604 Compedes
660 1543 837 1604 quidem
855 1546 1067 1604 accepisse
1090 1550 1113 1590 J
1118 1549 1251 1607 oseph
1267 1583 1277 1603 ,
1299 1564 1389 1593 non
1405 1549 1516 1607 legi-

124 1631 221 1659 mus
244 1636 252 1660 :
285 1615 359 1659 sed
382 1614 547 1659 factum
575 1631 663 1659 esse
679 1651 690 1670 ,
728 1616 906 1659 minime
928 1616 1224 1662 dubitandum
1247 1628 1325 1663 est.
1357 1620 1516 1681 Aliqua

124 1685 238 1729 euim
261 1685 533 1745 praetermitti
555 1694 795 1744 potuerunt
829 1686 875 1729 in
906 1685 979 1731 illa
1012 1688 1189 1732 historia
1206 1724 1216 1743 ,
1243 1706 1342 1749 quae
1369 1699 1513 1736 tamen

127 1756 334 1815 Spiritum
359 1765 556 1800 sanctum
578 1772 668 1800 non
689 1756 902 1812 laterent,
928 1758 1002 1817 qui
1023 1758 1068 1801 in
1085 1759 1150 1802 his
1172 1759 1370 1819 loquitur
1393 1762 1515 1806 Psal-

123 1827 218 1871 mis.
246 1830 429 1871 Ferrum
451 1837 598 1871 autem
620 1826 741 1887 quod
764 1826 868 1871 dicit
889 1830 1168 1888 pertransisse
1186 1831 1375 1875 animam
1394 1835 1484 1893 ejus
1501 1869 1512 1889 ,

125 1899 452 1944 tribulationem
492 1898 613 1943 durae
655 1900 917 1944 necessitatis
964 1902 1198 1961 accipimus
1225 1918 1235 1944 t
1273 1919 1363 1948 non
1397 1907 1513 1950 enim

123 1985 301 2029 corpus,
340 1970 436 2025 sed,
467 1989 487 2011 ‹<
511 1969 715 2013 Animam
740 1987 761 2011 »
797 1969 920 2015 dixit.
960 1971 1071 2015 Talis
1106 1975 1221 2017 enim
1255 1973 1419 2020 locutio
1453 1985 1516 2021 est

122 2039 324 2100 quaedam
359 2040 404 2083 in
443 2040 711 2099 Evangelio,
745 2040 822 2084 ubi
864 2042 1038 2087 Simeon
1065 2042 1172 2087 dixit
1206 2043 1262 2088 ad
1292 2047 1474 2091 Mariam
1501 2068 1510 2094 z

126 2129 146 2152 «
180 2113 293 2154 Ecce
321 2110 484 2169 positus
514 2119 578 2155 est
610 2111 682 2155 hic
704 2111 750 2155 in
782 2112 976 2168 ruinam,
1009 2121 1051 2157 et
1078 2113 1124 2157 in
1152 2117 1512 2163 resurrectionem

126 2200 143 2221 ))
179 2179 420 2224 multorum
441 2180 486 2224 in
505 2179 658 2235 Israel,
691 2190 734 2225 et
751 2182 796 2225 in
814 2181 987 2241 signum
1009 2184 1079 2228 cui
1101 2184 1439 2244 contradicetur,
1469 2198 1512 2234 et

124 2268 143 2291 »
178 2259 300 2294 tuam
318 2251 450 2310 ipsius
474 2251 663 2295 animam
692 2253 951 2310 pertransiet
971 2253 1138 2313 gladius
1156 2291 1166 2310 ,
1191 2267 1241 2300 ut
1264 2257 1512 2303 revelentur

123 2338 143 2360 »
180 2335 231 2364 ex
248 2320 392 2364 multis
407 2321 612 2365 cordibus
626 2323 944 2380 cogitationes4.
957 2325 1125 2370 »Passio
1143 2327 1304 2386 quippe
1317 2329 1507 2386 Domini,

120 2406 220 2450 quee
243 2390 389 2436 multis
416 2392 539 2436 ruina
561 2391 671 2446 fuit,
698 2393 805 2436 etin
833 2409 919 2453 qua
943 2394 1184 2440 multorum
1216 2396 1412 2442 cordium
1436 2415 1510 2444 oc-

168 2494 178 2511 ¹
199 2490 272 2520 lsai.
292 2500 366 2531 nv,
391 2490 551 2532 11,j·1xta
572 2501 700 2522 1.xt.-—-
717 2498 729 2512 ²
750 2491 832 2523 psai.
859 2502 919 2534 civ,
943 2491 1066 2534 17.—3
1087 2494 1170 2526 Ibid.
1202 2495 1253 2535 18,
1278 2507 1380 2537 19.--
1397 2495 1412 2522 6
1428 2499 1504 2530 Luc.

119 2554 155 2584 u,
175 2543 228 2585 34,
249 2544 300 2576 35.
