1848 3261
353 208 438 246 296
785 217 818 246 S.
855 218 1086 249 Atsseus‘rmr
1117 222 1298 249 Emscopr

347 282 628 340 intelligimus
643 318 654 338 ,
679 284 713 327 si
734 300 822 329 non
852 286 945 329 fieri
961 288 1052 346 jam
1074 287 1286 331 videmus.
1316 287 1426 332 Sede
1457 303 1559 346 erge
1578 304 1600 332 a
1622 287 1728 332 dex-

345 353 423 397 tris
459 354 564 409 Dei,
591 355 810 399 occultare
838 365 888 400 ut
920 356 1130 411 credaris,
1166 356 1306 401 donec
1331 357 1594 417 impleantur
1622 368 1730 403 tem-

342 439 449 484 pora
469 424 679 482 gentium.
708 426 775 470 Sic
801 428 915 470 enim
942 428 1148 486 seriptum
1169 437 1232 472 est
1259 447 1267 472 :
1297 447 1317 470 «
1342 433 1479 481 Quem
1501 429 1732 488 oportebat

341 512 366 537 )›
401 494 565 539 coelum
586 495 792 554 recipere,
811 495 950 541 donec
971 497 1233 558 impleantur
1246 508 1436 558 tempora
1458 501 1724 558 gentium1.»

339 567 400 610 Ut
438 567 553 609 enim
575 581 818 624 resurgeres
835 601 845 620 ,
870 577 1069 611 mortuus
1104 584 1148 612 es
1169 589 1180 625 3
1203 579 1253 624 ut
1286 569 1560 625 ascenderes,
1585 585 1730 613 resur-

340 636 512 692 rexisti,
535 645 586 679 ut
617 635 786 679 sederes
821 635 876 680 ad
905 636 1127 681 dexteram
1151 629 1286 683 Patris
1307 674 1318 694 ,
1344 639 1571 684 ascendisti
1594 659 1602 684 :
1627 655 1730 698 ergo

338 715 392 750 ut
408 705 464 749 ad
482 705 701 750 dexteram
725 706 861 750 Patris
880 706 1065 763 sederes,
1080 717 1280 752 mortuus
1297 725 1355 752 es.
1376 712 1438 754 De
1453 719 1593 754 morte
1614 709 1731 753 enim

339 776 602 820 resurreetio
619 811 630 832 ,
673 775 728 820 de
754 778 1068 822 resurrectione
1089 779 1278 823 ascensio
1295 814 1305 834 ,
1332 779 1386 823 de
1409 780 1656 824 ascensione
1677 779 1733 824 ad

339 845 563 891 dexteram
587 843 716 893 sessio
746 868 754 893 :
781 849 865 892 hoe
886 858 1031 893 totum
1058 864 1161 907 ergo
1182 850 1318 908 coepit
1339 867 1362 893 a
1389 859 1542 894 morte.
1575 849 1731 894 Excel-

337 917 475 962 lentia
497 917 702 963 claritatis
736 920 888 979 hujus,
920 920 1184 979 principium
1210 921 1345 964 habet
1366 920 1639 964 humilitatis.
1673 923 1732 964 Te

337 989 489 1050 itaque
525 989 703 1034 sedente
736 991 793 1035 ad.
832 991 1054 1035 dexteram
1092 993 1250 1047 Patris,
1275 991 1513 1051 implentur
1536 1001 1734 1051 tempora

336 1060 560 1118 gentium,
585 1070 814 1119 ponuntur
835 1062 999 1106 inimici
1022 1078 1171 1106 omnes
1194 1062 1437 1106 scabellum
1454 1061 1617 1121 pedum
1639 1071 1732 1106 tuo-

331 1144 453 1174 rum:
481 1139 525 1174 et
546 1129 696 1175 adhoc
718 1140 769 1174 ut
786 1133 1078 1191 perveniatur,
1106 1133 1226 1192 prius
1257 1131 1550 1177 dominaberis
1568 1132 1615 1175 in
1637 1147 1732 1175 me-

337 1198 411 1243 dio
433 1200 711 1244 inimieorum
736 1211 930 1246 tuorum.
957 1203 1026 1246 Ad
1049 1203 1132 1246 hoc
1156 1203 1270 1246 enim
1293 1222 1301 1247 :
1327 1222 1346 1244 «
1369 1202 1545 1259 Virgam
1562 1201 1734 1246 virtutis

337 1288 359 1312 ³)
396 1279 484 1314 tuae
507 1271 676 1319 emittet
690 1273 900 1316 Dominus
918 1289 969 1315 ex
989 1273 1108 1316 Sion.
1138 1291 1158 1313 »
1186 1276 1243 1316 Ut
1255 1282 1399 1315 autem
1415 1272 1641 1315 morereris
1657 1307 1668 1326 ,
1689 1280 1733 1315 et

336 1356 416 1400 per
441 1350 627 1385 mortem
650 1351 770 1385 tuam
796 1341 1014 1385 deleretur
1036 1343 1375 1401 chirographum
1397 1351 1676 1401 peccatorum
1695 1344 1728 1397 ²,

340 1421 384 1455 et
415 1412 726 1471 praedicaretur
757 1412 1017 1471 poenitentia
1059 1421 1103 1456 et
1138 1412 1330 1456 remissio
1366 1411 1622 1456 delictorum
1655 1427 1733 1472 per

339 1497 489 1527 omnes
519 1485 709 1541 gentes3,
750 1483 1058 1542 incipientibus
1086 1483 1141 1527 ab
1163 1482 1425 1537 Jerusalem,
1451 1484 1621 1527 caecitas
1649 1486 1731 1527 Ju-

340 1552 537 1597 daeorum
554 1552 672 1596 fecit.
698 1552 804 1596 Aliis
821 1551 1120 1597 illuminandis
1137 1589 1147 1607 ,
1174 1553 1358 1597 aliorum
1375 1553 1543 1597 caeeitas
1569 1553 1732 1597 milita-

337 1623 416 1667 vit.
446 1642 467 1665 «
487 1623 667 1667 Caecitas
696 1623 811 1666 enim
828 1638 879 1666 ex
899 1632 1021 1682 parte
1044 1622 1175 1666 lsrael
1197 1622 1310 1667 facta
1325 1632 1387 1666 est
1403 1658 1413 1678 ,
1435 1632 1485 1666 ut
1501 1622 1732 1682 plenitudo

339 1711 363 1735 )›
401 1693 606 1736 Gentium
641 1692 851 1747 intraret,
896 1703 939 1736 et
976 1693 1036 1737 sic
1070 1693 1210 1737 omnis
1243 1693 1375 1736 lsrael
1397 1693 1539 1737 salvus
1562 1694 1727 1736 fieret4.

343 1781 366 1804 >›
401 1763 581 1807 Caecitas
599 1778 650 1806 ex
670 1772 793 1822 parte
814 1762 946 1807 Israel
958 1762 1071 1806 facta
1090 1783 1108 1804 »
1135 1762 1294 1806 oceidit
1313 1771 1382 1819 te,
1406 1763 1569 1807 occisus
1586 1779 1732 1806 resur-

339 1833 507 1888 rexisti,
533 1834 743 1891 sanguine
766 1841 843 1877 tuo
864 1842 1041 1892 peccata
1063 1833 1268 1876 Gentium
1291 1832 1481 1887 diluisti,
1503 1832 1558 1876 ad
1581 1833 1732 1877 dexte-

341 1919 435 1947 ram
456 1904 593 1947 Patris
616 1903 768 1947 sedens
790 1902 988 1963 undique
1009 1903 1222 1963 patientes
1244 1912 1288 1947 et
1306 1903 1362 1946 ad
1377 1912 1419 1946 te
1434 1902 1733 1962 confugientes

341 1973 565 2031 collegisti.
594 1992 612 2013 «
636 1976 770 2017 Facta
791 1982 855 2017 est
877 1989 979 2032 ergo
1002 1973 1170 2018 caeeitas
1200 1989 1252 2017 ex
1275 1982 1397 2032 parte
1428 1973 1577 2028 Issaei,
1619 1972 1734 2018 facta

342 2061 364 2085 »
401 2053 464 2088 est
485 2053 536 2087 ut
553 2042 780 2103 plenitudo
806 2044 1012 2088 Gentium
1040 2045 1222 2088 intraret
1237 2080 1247 2098 ,
1282 2053 1325 2088 et
1354 2044 1413 2088 sie
1436 2044 1577 2088 omnis
1600 2043 1733 2088 Israel

344 2131 366 2155 »
403 2113 544 2158 salvus
561 2114 683 2157 fieret
690 2149 706 2169 ,
734 2132 754 2155 »
782 2123 825 2157 et
841 2130 989 2158 omnes
1016 2115 1179 2159 inimici
1211 2114 1274 2158 tui
1305 2114 1461 2159 fierent
1493 2114 1751 2158 scabellum‘

343 2183 507 2244 pedum
526 2194 716 2229 tuorum.
745 2183 829 2229 Sed
843 2185 927 2229 hoc
944 2201 1063 2229 nunc
1086 2220 1097 2237 ,
1116 2194 1266 2244 postea
1289 2184 1430 2244 quid?

401 2257 505 2298 XII.
545 2274 566 2297 «
597 2258 758 2298 Tecum
783 2255 1043 2315 principium
1065 2256 1109 2299 in
1136 2255 1206 2299 die
1227 2255 1398 2299 virtutis
1416 2264 1503 2299 tuae
1519 2257 1549 2298 ⁵.
1580 2275 1598 2297 »
1625 2256 1732 2308 Quis

342 2325 422 2368 iste
440 2324 529 2368 dies
547 2334 610 2368 est
631 2325 802 2369 virtutis
825 2327 915 2385 ejus
933 2329 951 2370 Ρ
973 2326 1160 2379 Quando
1194 2341 1296 2369 cum
1328 2325 1402 2369 illo
1431 2326 1695 2385 principium
1716 2361 1728 2382 ,

343 2394 413 2437 vel
435 2393 556 2454 quod
577 2394 860 2453 principium,
885 2394 953 2439 vel
975 2396 1197 2456 quomodo
1220 2410 1320 2439 cum
1341 2394 1417 2439 illo
1437 2395 1728 2455 principium,

398 2496 406 2511 ¹
433 2492 506 2522 Act.
525 2501 576 2531 111,
599 2498 654 2522 21.
681 2507 723 2512 —
743 2497 755 2512 ²
775 2491 892 2522 Colosf.
910 2503 947 2531 u,
971 2503 981 2522 1
996 2492 1020 2532 ᾗ,
1043 2509 1083 2514 —-
1100 2490 1112 2514 3
1132 2494 1207 2523 Luc.
1229 2502 1316 2532 xviv,
1337 2489 1391 2532 [47.
1410 2509 1449 2514 —-
1468 2487 1484 2515 ⁴
1503 2494 1595 2524 Rom.
1617 2488 1728 2533 x1‚25.

347 2561 389 2567 —
408 2543 421 2567 ⁵
440 2544 521 2577 psal.
545 2555 608 2586 cix,
630 2546 660 2577 3.
