1848 3261
267 219 510 251 ENARRAno
541 222 589 250 nv
618 218 824 251 rsALMUM
853 221 1016 261 cxv111,
1051 219 1195 252 SERMo
1226 224 1306 252 ΧΠ.
1399 209 1480 251 431

102 286 312 332 clinatum
343 288 390 331 in
417 288 661 343 avaritiam,
686 290 825 333 Deum
859 301 949 330 non
984 285 1164 331 colimus
1198 288 1279 332 nisi
1310 298 1488 348 propter

101 359 242 401 Deum
262 392 274 412 ‚
309 366 360 401 ut
381 359 448 401 sui
470 357 611 402 cultus
634 358 724 418 ipse
740 357 796 401 sit
815 371 992 400 merces.
1018 359 1166 415 Ipsum
1189 357 1418 416 diligamus
1442 359 1490 402 in

101 427 272 486 seipso,
297 428 438 487 ipsum
460 427 689 487 diligamus
704 427 751 471 in
771 427 912 481 nobis,
938 427 1082 486 ipsum
1102 426 1148 470 in
1168 428 1372 485 proximis
1393 443 1489 472 nos-

100 497 176 541 tris
191 513 300 557 quos
318 497 535 556 diligimus
562 499 673 543 sicut
696 498 1007 556 nosmetipsos,
1039 497 1125 541 sive
1144 497 1334 540 habeant
1356 513 1454 541 eum
1475 533 1486 553 ,

101 568 189 612 sive
211 578 261 613 ut
282 569 472 613 habeant
494 585 608 613 eum.
635 569 761 621 Quod
794 568 920 613 nobis
946 568 1152 629 quoniam
1173 568 1266 627 ipso
1298 568 1490 612 donante

101 637 325 683 confertur
341 674 352 694 ,
378 639 476 684 ideo
496 638 560 683 ilfi
582 638 741 684 dieitur
767 659 777 684 ι
806 658 824 681 «
847 639 1013 684 [nelina
1037 655 1111 684 cor
1131 652 1280 683 meum
1299 638 1346 681 in
1367 638 1490 683 testi-

105 725 126 749 »
151 710 298 753 monia
319 719 394 754 tua
410 744 421 765 ‚
446 718 490 754 et
514 725 605 754 non
628 709 675 754 in
704 709 971 755 avaritiam.»
992 709 1077 757 Sed
1097 725 1197 771 quae
1218 718 1463 771 sequuntur
1477 743 1490 765 ,

102 777 188 824 alio
208 793 406 825 sermone
426 780 647 825 tractanda
667 789 784 825 sunt.

621 1058 833 1101 SERMO
880 1060 990 1098 XII.

160 1211 196 1252 Ι.
218 1210 451 1268 ‘SEQUITUR
472 1210 518 1254 in
538 1211 870 1270 Psalmo,quem
891 1209 1154 1269 suscepimus
1177 1208 1491 1264 disserendum,

101 1297 123 1320 »
151 1281 310 1323 Averte
342 1279 491 1323 oculos
513 1295 632 1324 meos
649 1315 660 1335 ,
695 1295 751 1324 ne
772 1279 950 1324 videant
970 1281 1203 1324 vanitatem
1222 1301 1232 1337 3
1262 1280 1308 1323 in
1329 1279 1398 1324 via
1420 1288 1496 1323 tua

106 1370 122 1390 »
148 1348 318 1394 vivifica
351 1352 462 1393 me1.
483 1369 504 1391 »
531 1354 568 1395 A
584 1350 800 1395 contrario
823 1349 1033 1394 differunt
1054 1350 1167 1393 inter
1189 1365 1232 1393 se
1256 1350 1421 1394 vanitas
1454 1358 1498 1393 et

98 1421 270 1465 veritas.
298 1422 437 1481 Hujus
451 1431 597 1465 autem
619 1421 775 1465 mundi
798 1421 1027 1481 cupiditas,
1052 1421 1218 1465 vanitas
1238 1440 1246 1466 ε
1266 1421 1340 1465 sed
1353 1421 1498 1466 Chris-

99 1499 191 1545 tus,
217 1490 292 1551 qui
315 1507 365 1534 ex
388 1492 471 1536 hoc
485 1493 653 1536 mundo
675 1491 853 1547 liberat,
878 1491 1050 1535 veritas.
1073 1494 1171 1551 Ipse
1193 1501 1256 1535 est
1274 1500 1316 1535 et
1331 1491 1399 1535 via
1415 1526 1426 1546 ,
1451 1490 1498 1535 111

99 1577 186 1621 qua
218 1577 262 1605 se
291 1560 388 1605 vult
425 1562 505 1606 iste
541 1562 778 1617 vivificari,
821 1561 924 1622 quia
960 1561 1051 1620 ipse
1083 1570 1146 1604 est
1176 1570 1219 1605 et
1244 1562 1332 1605 vita
1359 1581 1369 1617 3
1404 1561 1494 1620 ipse

99 1632 278 1692 quippe,
305 1632 385 1677 ait:
410 1651 426 1672 «
448 1635 541 1691 Ego
559 1648 656 1676 sum
672 1633 757 1687 via,
778 1631 937 1676 veritas
954 1639 998 1674 et
1015 1631 1144 1675 vita2.
1157 1651 1174 1672 »
1190 1631 1274 1675 Sed
1295 1631 1402 1691 quid
1416 1640 1493 1685 est,

104 1720 124 1743 «
149 1705 307 1745 Averte
330 1701 478 1746 oculos
500 1718 640 1758 meos,
665 1718 721 1746 ne
741 1702 919 1747 videant
940 1701 1207 1745 vanitatem?
1227 1719 1246 1742 »
1273 1700 1498 1761 Numquid

100 1772 297 1833 quandiu
319 1789 469 1817 sumus
489 1773 536 1817 in
556 1774 641 1818 hoc
668 1762 864 1828 mundo',
890 1788 1119 1832 possumus
1141 1788 1231 1816 non
1254 1772 1399 1816 videre
1425 1787 1498 1816 va-

99 1843 312 1888 nitatem?
339 1863 355 1883 «
378 1844 530 1887 Omnis
552 1844 669 1888 enim
702 1853 898 1887 ereatura
926 1843 1105 1887 vanitati
1123 1843 1316 1903 subjecta
1339 1845 1447 1899 est3‚
1473 1861 1494 1885 »

100 1929 199 1974 quae
217 1912 472 1971 intelligitur
487 1928 576 1958 esse
597 1914 643 1957 in
660 1913 837 1958 homine
854 1934 865 1970 3
882 1922 947 1967 et,
979 1932 995 1952 «
1014 1914 1169 1956 Omnia
1191 1913 1354 1956 vanitas
1372 1933 1380 1957 :
1399 1929 1497 1973 quae

102 2002 123 2025 >›
151 1985 418 2030 abundantia
446 1984 635 2029 hominis
658 1984 705 2028 in
735 1984 855 2028 omni
878 1983 1027 2027 labore
1059 1999 1137 2027 suo
1156 2019 1166 2037 ‚
1199 2000 1286 2044 quo
1317 1985 1406 2043 ipse
1433 1983 1498 2028 la-

103 2073 124 2096 »
151 2054 276 2098 borat
290 2055 371 2098 sub
392 2054 541 2098 sole4?
568 2075 584 2096 »
611 2058 681 2098 An
702 2055 781 2098 iste
804 2052 991 2098 fortassis
1008 2054 1091 2098 hoc
1114 2062 1208 2097 orat
1231 2089 1240 2108 ‚
1266 2063 1316 2097 ut
1337 2070 1426 2098 non
1443 2052 1497 2098 sit

102 2126 193 2186 ejus
213 2125 301 2169 vita
329 2125 411 2168 sub
435 2123 524 2168 sole
542 2159 553 2179 ,
579 2124 656 2168 ubi
684 2124 829 2168 omnia
861 2124 1050 2181 vanitas3
1078 2124 1152 2168 sed
1174 2124 1219 2167 in
1247 2123 1321 2168 illo
1349 2125 1426 2180 sit,
1451 2125 1498 2168 in

102 2211 192 2256 quo
214 2210 256 2238 se
281 2194 488 2239 vivificari
509 2195 644 2254 petit?
674 2194 754 2238 Ille
777 2196 939 2254 quippe
958 2195 1150 2239 ascendit
1170 2211 1259 2238 non
1282 2211 1411 2254 super
1427 2210 1498 2239 so-

102 2266 190 2309 lem
220 2275 421 2321 tantum,
463 2265 539 2310 sed
581 2280 710 2324 super
738 2280 888 2309 omnes
910 2264 1042 2308 coelos
1059 2300 1070 2320 ,
1113 2284 1132 2306 «
1159 2267 1214 2309 Ut
1242 2265 1499 2324 adimpleret

106 2355 127 2378 »
149 2337 359 2381 omnia⁵.»
375 2339 433 2380 Et
448 2336 494 2380 in
517 2335 592 2380 illo
611 2336 745 2395 magis
767 2350 898 2395 quarn
918 2336 999 2379 sub
1013 2335 1100 2380 sole
1117 2336 1294 2390 vivunt,
1313 2337 1388 2395 qui
1409 2352 1499 2380 non

103 2407 290 2451 inaniter
305 2405 491 2452 audiunt
507 2405 628 2467 quod
645 2405 751 2450 dixit
773 2405 1004 2465 Apostolus
1023 2425 1030 2450 :
1049 2425 1064 2445 «
1083 2408 1190 2459 Quae
1211 2423 1381 2450 sursum
1398 2416 1500 2451 sunt

153 2510 162 2526 ¹
183 2503 262 2535 Psal.
283 2513 393 2539 exvm,
413 2504 466 2545 37.
489 2521 528 2527 -
551 2510 564 2527 ²
585 2505 679 2536 Joan.
699 2514 746 2545 iv,
766 2500 878 2536 6.-3
892 2505 1070 2544 Rom.vu1‚
1089 2511 1141 2535 20.
1159 2520 1200 2526 -—
1218 2502 1233 2533 4
1251 2503 1351 2537 Eccli.
1374 2514 1397 2545 1,
1418 2503 1491 2544 2,3.

106 2575 148 2581 —
164 2557 178 2582 ⁵
197 2558 312 2601 Ephes.
328 2568 375 2599 ιν,
393 2569 447 2591 10.
