1848 3261
312 194 554 224 munuum
587 197 630 223 1v
663 181 716 223 ω’
740 193 943 224 PSALMUM
973 197 1070 234 cm,
1104 196 1242 226 sEaMo
1274 201 1333 228 ιν.
1431 191 1512 230 183

132 278 154 303 »
188 260 325 306 vobis.
351 278 372 302 »
397 260 502 305 Ideo
522 275 650 319 ergo,
678 274 779 304 cum
795 267 1006 316 tremore,
1031 260 1134 320 quia
1153 265 1266 306 Deus
1288 273 1506 323 operatur.

129 330 242 384 Quia
261 330 353 390 ipse
369 329 505 385 dedit,
537 346 627 375 non
655 345 708 374 ex
726 338 770 373 te
791 338 856 373 est
873 328 995 389 quod
1010 329 1158 386 habes,
1178 346 1280 375 cum
1296 333 1451 378 timore
1468 345 1513 380 et

126 410 315 445 tremore
336 402 582 461 operaberis
609 421 619 447 :
651 416 753 445 nam
779 400 815 445 si
847 415 936 445 non
959 402 1185 445 tremueris
1206 417 1324 457 eum,
1344 405 1514 450 auferet

123 470 245 531 quod
266 470 403 516 dedit.
424 474 538 517 Cum
556 481 743 516 tremore
759 485 862 529 ergo
884 485 1077 530 operare.
1102 470 1214 515 Vide
1237 471 1373 518 alium
1393 475 1508 518 Psal-

126 556 250 585 mum
275 559 285 585 ι
307 559 328 583 «
344 541 508 586 Servite
530 540 716 585 Domino
738 540 785 583 in
802 539 972 594 timore,
989 548 1033 583 et
1049 538 1238 585 exultate
1254 541 1294 584 ei
1306 556 1408 585 cum
1425 551 1512 587 tre-

128 629 150 654 »
185 615 351 656 more1.
367 630 387 653 »
417 613 460 657 Si
481 627 583 656 cum
599 621 787 655 tremore
801 610 1086 656 exultandum
1107 619 1186 667 est,
1210 614 1325 656 Deus
1345 613 1508 672 aspicit,

123 682 176 725 fit
208 690 334 726 terrae
360 691 505 726 motus
531 701 540 726 ε
570 682 802 741 aspiciente
825 684 939 736 De0,
969 690 1159 726 tremant
1184 681 1315 726 corda
1336 692 1506 742 nostra,

123 761 231 797 tunc
251 753 312 796 ibi
333 753 573 813 requiescet
597 756 726 796 Deus.
756 751 873 796 Audi
898 751 1023 796 illum
1045 752 1128 797 alio
1154 752 1251 798 loco
1278 773 1288 798 :
1323 773 1344 796 «
1371 756 1510 814 Super

126 841 148 865 »
182 838 314 883 quem
327 824 568 883 requiescet
589 823 763 882 spiritus
774 825 921 866 meus?
945 826 1082 882 Super
1098 824 1308 868 humilem
1324 834 1367 869 et
1383 827 1510 886 quie-

127 913 146 936 »
180 902 293 947 tum,
319 901 363 937 et
388 902 647 937 trementem
673 893 806 937 verba
826 896 964 937 mea2.
991 894 1076 946 Qui
1098 895 1248 953 aspicit
1271 904 1445 952 terram,
1466 905 1510 942 et

125 982 145 1005 »
176 961 280 1007 facit
297 978 391 1006 eam
415 972 620 1019 tremere,
638 963 715 1022 qui
735 963 870 1020 tangit
891 973 1076 1019 montes,
1102 974 1145 1008 et
1160 963 1455 1023 fumigabunt.
1484 983 1505 1008 »

120 1036 292 1079 Montes
305 1033 482 1092 superbi
496 1042 635 1088 erant,
644 1033 870 1093 jactabant
883 1049 942 1088 se,
959 1050 1049 1078 non
1062 1050 1134 1078 eos
1151 1035 1352 1093 tetigerat
1363 1039 1477 1080 Deus
1497 1055 1506 1081 ε

120 1103 260 1161 tangit
290 1103 408 1158 illos,
441 1113 484 1147 et
507 1102 804 1161 fumigabunt.
843 1104 960 1156 Quid
989 1114 1052 1149 est
1073 1103 1286 1162 fumigare
1307 1108 1507 1150 montes?

121 1177 300 1217 Precem
328 1173 512 1218 Domino
540 1172 734 1216 reddere.
767 1176 880 1217 Ecce
906 1175 1052 1232 magni
1084 1184 1270 1230 montes,
1299 1175 1503 1234 superbi,

120 1253 290 1288 montes
311 1245 524 1302 ingentes,
552 1259 641 1287 non
673 1244 888 1301 rogabant
912 1248 1051 1287 Deum
1084 1265 1092 1288 :
1123 1261 1167 1289 se
1207 1246 1349 1303 rogari
1383 1246 1507 1290 vole-

118 1314 242 1368 bant,
277 1322 321 1357 et
350 1313 616 1371 superiorem
647 1327 737 1356 non
767 1312 993 1370 rogabant.
1020 1314 1124 1365 Quis
1153 1315 1268 1357 enim
1286 1324 1440 1373 potens
1462 1325 1507 1360 et

118 1381 314 1427 tumidus
335 1391 378 1426 et
400 1381 612 1440 superbus
634 1382 681 1424 in
704 1391 817 1425 terra
833 1416 844 1436 ,
869 1382 945 1441 qui
967 1382 1169 1440 dignetur
1190 1382 1414 1427 humiliter
1435 1400 1508 1429 ro-

118 1468 219 1511 gare
240 1453 405 1496 Deum?
428 1454 489 1495 De
511 1451 653 1510 impiis
670 1450 844 1510 loquor,
869 1466 957 1495 non
975 1452 1030 1494 de
1052 1451 1190 1496 cedris
1214 1453 1380 1508 Libani,
1397 1469 1506 1514 quas

116 1523 331 1583 plantavit
362 1522 589 1567 Dominus.
623 1521 787 1580 Impius
811 1520 1015 1580 quilibet,
1048 1522 1198 1566 infelix
1230 1524 1388 1579 anima,
1432 1541 1505 1569 ro-

119 1609 219 1653 gare
241 1597 379 1638 Deum
401 1592 552 1646 nescit,
580 1601 623 1635 et
647 1591 743 1635 vult
765 1606 809 1635 se
832 1591 973 1650 rogari
1006 1591 1061 1635 ab
1084 1592 1351 1636 hominibus.
1377 1597 1504 1640 Mons

117 1673 202 1719 est,
225 1679 333 1723 opus
355 1671 418 1707 est
447 1671 498 1706 ut
520 1671 669 1720 tangat
700 1662 826 1705 illum
852 1665 982 1716 Deus,
1014 1671 1057 1706 et
1083 1660 1298 1722 fumiget:
1325 1665 1504 1724 quando

116 1734 298 1793 coeperit
314 1732 546 1791 fumigare,
568 1732 622 1776 da
630 1732 691 1775 bit
702 1735 791 1775 Deo
805 1747 995 1790 precem,
1012 1741 1223 1792 tanquam
1244 1734 1504 1779 sacrificium

116 1805 273 1850 cordis.
300 1804 504 1862 Fumigat
526 1802 582 1847 ad
605 1806 761 1857 Deum,
787 1802 945 1846 deinde
971 1802 1119 1846 tundit
1137 1814 1288 1863 pectus
1317 1823 1326 1849 z
1350 1805 1505 1865 incipit

118 1884 162 1919 et
189 1875 297 1918 flere
317 1909 328 1929 ‚
365 1874 468 1934 quia
497 1882 539 1917 et
567 1873 713 1917 fumus
746 1873 910 1917 excutit
937 1872 1165 1931 lacrymas.
1206 1892 1226 1916 «
1253 1875 1339 1927 Qui
1366 1876 1505 1934 tangit

119 1962 140 1986 »
174 1954 360 1999 montes,
386 1953 429 1987 et
442 1943 738 2002 fumigabunt.
768 1961 788 1984 »

173 2017 318 2058 XVII.
347 2032 364 2054 «
391 2014 589 2058 Cantabo
623 2013 809 2057 Domino
832 2013 878 2056 in
900 2014 988 2057 vita
1016 2029 1127 2058 mea.
1159 2032 1178 2056 >³
1215 2015 1329 2068 Quid
1353 2024 1504 2060 canta-

116 2084 207 2128 bit?
242 2087 400 2128 Totum
429 2082 646 2143 quidquid
680 2092 758 2139 est,
796 2084 1002 2127 cantabit.
1045 2086 1282 2130 Cantemus
1315 2086 1502 2130 Domino

114 2154 161 2197 in
178 2153 267 2198 vita
288 2162 450 2197 nostra.
467 2153 565 2197 Vita
583 2162 727 2197 nostra
754 2152 885 2197 modo
903 2169 998 2213 spes
1024 2163 1103 2210 est,
1128 2155 1215 2199 vita
1237 2164 1384 2199 nostra
1401 2171 1503 2214 pos-

114 2232 184 2268 tea
211 2222 428 2266 aeternitas
459 2222 554 2265 erit.
581 2223 681 2266 Vita
703 2223 804 2266 vitae
834 2224 1046 2280 mortalis,
1079 2240 1174 2284 spes
1209 2234 1273 2268 est
1291 2225 1393 2269 vitae
1416 2228 1502 2269 im-

115 2292 324 2337 mortalis.
360 2311 381 2334 «
414 2291 608 2336 Cantabo
637 2294 818 2337 Domino
839 2293 886 2337 in
913 2294 1001 2338 vita
1030 2310 1125 2339 mea
1156 2313 1164 2339 :
1195 2294 1377 2354 psallam
1411 2297 1502 2339 Deo

118 2381 139 2404 »
175 2378 295 2417 meo,
321 2361 517 2422 quandiu
539 2365 679 2407 sumss.
709 2382 729 2404 )›
759 2364 974 2417 Quoniam
995 2365 1041 2408 in
1063 2364 1140 2410 illo
1161 2365 1252 2409 sine
1277 2365 1364 2408 fine
1385 2380 1497 2421 sum,

117 2432 316 2492 quandiu
341 2448 435 2478 sum
452 2468 463 2489 ,
487 2432 669 2493 psallam
690 2437 791 2478 Deo
823 2449 936 2478 meo.
962 2437 1025 2481 Ne
1047 2435 1161 2480 forte
1184 2451 1286 2480 cum
1313 2435 1500 2494 coeperi-

166 2525 174 2542 ¹
198 2519 279 2552 Psal.
299 2531 337 2560 11,
361 2531 411 2552 11.
436 2537 477 2542 —
500 2526 512 2542 ²
530 2521 603 2552 Isai‘.
625 2531 712 2560 var,
731 2529 764 2552 2.
786 2537 827 2543 —
848 2519 861 2543 3
881 2521 961 2553 Psal.
981 2532 1047 2562 cin,
1067 2521 1119 2554 33.
