1848 3261
421 265 662 296 ENARRATIO
692 267 739 295 m
769 263 971 295 PsALMUM
1002 268 1116 295 cxw.
1363 259 1447 299 355

69 332 234 392 privata
263 332 467 389 audacia,
499 349 586 394 qua
609 333 779 378 deserui
809 347 926 376 eum.
951 334 1008 375 Et
1048 333 1257 392 quoniam
1283 334 1449 395 ubique

66 403 158 462 ipse
178 413 352 462 regnat,
384 413 427 448 et
448 413 511 448 est
540 404 812 463 omnipotens
835 411 965 463 atque
987 402 1283 458 omnitenens,
1309 407 1448 449 merui

66 488 283 519 carcerem
309 494 318 520 :
343 474 389 519 id
402 484 486 530 est,
506 475 763 534 ignorantiae
779 474 979 519 tenebras
994 509 1004 529 ‚
1027 482 1071 518 et
1090 474 1318 533 compedes
1337 491 1450 520 mor-

66 542 241 589 talitatis
263 546 422 605 accepi.
453 564 470 586 «
495 549 547 589 In
567 545 632 589 his
655 544 806 588 diebus
827 544 933 588 meis
954 544 1151 588 invocavi
1173 563 1181 589 :
1203 562 1222 585 »
1247 546 1345 604 quia
1369 561 1449 604 ego

65 622 109 658 et
130 614 233 659 alibi
254 616 394 660 clamo
412 651 423 671 ,
455 634 472 655 «
501 614 628 660 Educ
656 615 711 659 de
738 630 906 659 carcere
928 616 1116 659 animam
1137 631 1277 659 meam
1294 618 1323 659 ¹.
1350 637 1366 657 »
1393 619 1451 660 Et

64 686 272 744 quoniam
294 687 339 730 in
361 686 430 730 die
451 686 599 730 salutis
619 721 629 741 ,
651 702 783 746 quam
800 686 905 729 mihi
924 686 1144 745 praestitit,
1170 685 1335 746 adjuvit
1349 703 1446 738 me;

63 754 198 799 intrat
208 755 254 799 in
269 765 553 816 conspectum
577 757 667 816 ejus
691 757 874 814 gemitus
897 756 1241 816 compeditorum
1253 761 1285 802 2.
1310 761 1361 801 ln
1383 758 1448 801 his

63 825 179 868 enim
202 824 356 869 diebus
374 828 478 870 meis
493 861 504 881 ,
532 845 550 866 «
587 825 981 871 Circumdederunt
1000 842 1068 870 me
1086 826 1256 871 dolores
1278 829 1444 882 mortis,

67 913 86 935 »
120 894 312 953 pericula
334 894 494 939 inferni
525 896 786 939 invenerunt
810 911 878 939 me
896 897 911 922 3
939 915 946 940 :
979 915 996 937 »
1022 912 1121 956 quae
1141 897 1222 940 nisi
1243 897 1449 942 aberran-

62 972 151 1007 tem
169 965 243 1009 abs
265 974 307 1009 te
327 981 417 1010 non
435 965 682 1010 invenirent
703 981 787 1009 me.
813 968 939 1011 Nunc
964 975 1109 1010 autem
1139 966 1213 1011 illa
1236 983 1305 1011 me
1326 968 1448 1012 inve-

61 1045 224 1080 nerunt
249 1055 257 1080 :
279 1052 359 1095 ego
380 1052 483 1081 vero
496 1052 545 1081 ea
556 1052 645 1081 non
658 1037 950 1092 inveniebam,
966 1037 1041 1096 qui
1060 1037 1302 1094 gaudebam
1324 1054 1448 1097 pros-

61 1106 173 1164 peris
201 1107 348 1151 saeculi
365 1141 376 1162 ,
400 1107 446 1150 in
468 1107 624 1167 quibus
640 1106 737 1166 plus
755 1106 915 1150 fallunt
933 1107 1126 1165 pericula
1141 1106 1318 1151 inferni.

120 1178 196 1221 IV.
230 1177 312 1222 Sed
323 1186 604 1236 posteaquam
619 1186 661 1220 et
677 1192 756 1235 ego
782 1196 802 1219 «
824 1177 1166 1221 Tribulationem
1195 1187 1237 1221 et
1252 1177 1447 1223 dolorem

64 1263 85 1287 »
101 1245 264 1302 inveni,
288 1263 451 1292 nomen
471 1247 645 1292 Domini
666 1248 928 1292 invocavi4.»
951 1248 1135 1292 Latebat
1149 1249 1265 1292 enim
1287 1265 1357 1293 me
1377 1250 1448 1293 tri-

60 1315 229 1361 bulatio
260 1326 303 1361 et
324 1317 449 1361 dolor
478 1316 621 1361 utilis:
648 1317 870 1362 tribulatio
887 1353 897 1371 ,
924 1317 978 1361 de
999 1334 1086 1377 qua
1108 1317 1183 1361 dat
1204 1318 1411 1363 auxilium
1433 1355 1443 1373 ,

60 1387 131 1431 cui
150 1386 317 1431 dictum
339 1395 427 1431 est:
459 1405 479 1428 «
504 1390 567 1431 Da
596 1387 722 1430 nobis
755 1386 962 1430 auxilium
995 1388 1049 1431 de
1072 1387 1352 1432 tribulatione
1368 1424 1378 1444 ,
1404 1398 1451 1433 et

61 1474 82 1497 »
116 1472 228 1501 vana
249 1456 363 1500 salus
388 1456 610 1500 hominis⁵.
639 1474 658 1497 ³>
685 1459 779 1515 Ego
802 1457 916 1500 enim
939 1456 994 1500 de
1020 1473 1131 1501 vana
1145 1458 1283 1501 salute
1300 1459 1444 1502 homi-

59 1526 126 1570 nis
164 1525 446 1584 gaudendum
491 1535 534 1570 et
581 1526 865 1570 exultandum
907 1527 1150 1570 arbitrabar
1189 1547 1198 1571 :
1237 1527 1313 1573 sed
1346 1544 1449 1572 cum

57 1598 272 1643 audissem
295 1614 318 1641 a
340 1597 526 1642 Domino
550 1612 648 1640 meo
666 1615 676 1642 :
706 1616 726 1638 α
747 1597 865 1640 Beati
886 1596 1106 1655 lugentes,
1127 1599 1336 1657 quoniam
1364 1599 1447 1658 ipsi

59 1685 81 1708 »
115 1667 477 1712 consolabuntur6
505 1702 516 1721 ,
545 1686 564 1709 η
601 1682 691 1711 non
721 1668 943 1726 expectavi
976 1676 1026 1710 ut
1064 1668 1182 1726 prius
1205 1669 1447 1712 amitterem

61 1756 79 1778 »
114 1737 231 1782 bona
260 1736 540 1796 temporalia,
567 1737 727 1796 quibus
750 1735 862 1780 male
890 1736 1163 1792 oblectabar,
1191 1747 1234 1781 et
1252 1746 1357 1782 tunc
1379 1738 1446 1782 lu-

57 1823 228 1867 gerem:
262 1807 337 1851 sed
370 1807 536 1852 attendi
562 1807 608 1850 in
641 1805 839 1850 eamdem
873 1807 1009 1866 ipsam
1031 1807 1249 1851 miseriam
1277 1824 1440 1865 meam,

55 1895 143 1939 qua
163 1877 323 1922 talibus
344 1877 610 1931 oblectabar,
626 1893 724 1936 quae
737 1877 985 1921 etamittere
1003 1876 1298 1934 formidarem,
1316 1889 1358 1923 et
1380 1889 1442 1924 te-

53 1964 158 1993 nere
174 1964 264 1993 non
280 1963 448 2008 possem
466 1967 475 1992 2
500 1947 666 1992 attendi
686 1947 732 1990 iu
749 1963 842 1991 eam
857 1948 1139 1992 vehementer
1155 1983 1170 2003 ,
1194 1958 1237 1992 et
1249 1948 1436 2006 fortiter,

53 2029 98 2064 et
117 2035 186 2063 me
213 2035 304 2063 non
325 2017 466 2063 solum
500 2018 733 2062 excruciari
755 2018 1086 2062 adversitatibus
1113 2019 1244 2079 hujus
1265 2020 1451 2076 saeculi,

52 2088 129 2134 sed
153 2089 282 2133 etiam
313 2087 496 2147 obligari
518 2087 876 2147 prosperitatibus
898 2087 984 2131 vidi
1026 2107 1034 2132 z
1061 2097 1192 2148 atque
1220 2089 1279 2133 ita
1304 2109 1321 2130 «
1346 2091 1441 2134 Tri-

58 2180 76 2202 »
111 2160 379 2203 bulationem
411 2168 453 2203 et
482 2158 676 2203 dolorem
710 2158 785 2218 qui
808 2174 876 2201 me
897 2158 1058 2202 latebat
1081 2159 1255 2217 inveni3
1292 2170 1335 2204 et
1355 2177 1439 2205 no-

58 2250 76 2271 »
111 2245 212 2274 men
230 2229 403 2274 Domini
422 2228 634 2273 invocavi.
651 2230 687 2271 Ο
702 2229 904 2282 Domine,
922 2244 1023 2272 eruc
1045 2230 1234 2274 animam
1254 2234 1435 2275 meam⁷.

56 2317 76 2341 n
91 2299 220 2345 Miser
233 2300 347 2343 enim
363 2314 443 2357 ego
453 2299 600 2353 homo,
618 2298 713 2357 quis
729 2313 798 2341 me
813 2297 1016 2343 liberabit
1027 2300 1080 2343 de
1094 2315 1272 2359 corpore
1290 2301 1439 2345 mortis

55 2387 78 2411 »
106 2370 251 2429 hujus,
272 2369 351 2413 nisi
370 2369 504 2427 gratia
518 2368 595 2413 Dei
613 2384 689 2428 per
701 2371 725 2412 J
729 2384 848 2412 esum
861 2369 1082 2413 Christum
1098 2370 1330 2414 Dominum
1343 2386 1438 2416 nos-

57 2459 77 2482 »
94 2441 230 2485 trumS
240 2441 283 2484 Ρ»
301 2439 425 2484 Dicat
434 2438 565 2498 igitur
578 2447 750 2484 sanetus
764 2439 952 2499 populus
965 2440 1058 2495 Dei,
1071 2460 1087 2482 «
1098 2443 1130 2485 T
1133 2441 1440 2489 ribulationem

101 2542 110 2559 ¹
131 2535 212 2568 Psal.
231 2545 298 2568 oxu
314 2560 322 2576 ,
341 2536 372 2568 8.
402 2550 441 2558 -
465 2540 478 2557 ²
504 2534 552 2567 Id.
573 2545 714 2576 mcxv-111,
739 2546 788 2567 11.
810 2551 851 2559 -—-
876 2533 889 2558 ³
905 2536 952 2568 Id¹
972 2547 1062 2578 cxxv,
1087 2536 1117 2568 3.
1137 2553 1179 2560 —
1195 2535 1212 2567 4
1235 2537 1316 2570 Ibid.
1342 2536 1374 2579 4.
1393 2553 1434 2560 --

54 2587 70 2614 5
92 2590 142 2624 Id.
162 2601 228 2632 ux,
250 2589 302 2623 13.
319 2605 360 2613 —
378 2585 394 2613 6
412 2587 526 2623 matth,
547 2598 579 2632 v,
598 2588 630 2622 5.
654 2604 695 2612 -
715 2596 728 2623 7
747 2589 828 2623 Psal.
845 2600 927 2632 cxiv,
947 2590 977 2623 5.
999 2607 1040 2614 —
1058 2589 1073 2614 8
1091 2593 1182 2624 Rom.
1197 2603 1268 2634 vm,
1286 2591 1342 2634 24,
1357 2591 1413 2624 25,

1235 2646 1300 2686 23.
