1848 3261
401 235 483 271 112
829 241 863 271 S.
898 240 1128 273 AUGUSTINI
1161 245 1341 273 EPISCOPI

392 307 527 353 sibilis
543 316 606 352 est
618 317 771 353 ventus
783 329 794 367 3
806 310 1001 370 quamvis
1019 325 1085 354 res
1098 325 1319 370 corporea,
1337 324 1517 370 corpora
1532 309 1777 370 impellens,

392 387 540 422 tamen
561 379 663 439 quia
684 379 864 424 humani
897 379 1011 424 oculi
1040 380 1176 424 aciem
1205 378 1315 439 fugit
1332 415 1342 435 ,
1366 390 1431 425 est
1464 390 1610 425 autem
1639 380 1781 424 anima

392 448 640 505 invisibilis,
681 459 908 510 propterea
944 450 1056 493 bene
1098 449 1381 509 intelligimus
1417 452 1579 496 animas
1608 459 1778 495 ventos.

393 521 502 564 Inde
531 530 594 565 est
627 522 746 581 quod
782 531 825 565 et
856 524 969 565 Deus
1004 521 1242 566 insufflasse
1269 521 1427 567 dicitur
1455 523 1655 582 spiritum
1681 521 1782 566 vitae

392 591 580 636 formato
602 591 771 635 homini
793 610 801 635 :
825 610 845 634 «
866 594 923 635 Et
952 590 1092 637 faetus
1115 601 1178 636 est
1198 593 1330 637 homo
1351 593 1397 636 in
1420 593 1608 636 animam
1630 592 1783 637 viven-

392 665 524 707 tem1.
550 681 569 703 »
591 665 707 722 Ergo
729 663 847 707 venti
869 698 880 718 ,
906 655 1060 708 anirriae
1081 664 1127 707 in
1146 663 1349 722 allegoria
1371 679 1461 708 non
1493 663 1680 708 absurde
1709 679 1782 708 ac-

393 733 630 793 cipiuntur.
669 733 823 778 Videte
860 743 1007 779 autem
1045 750 1100 779 ne
1129 734 1290 794 putetis
1323 735 1544 779 nominata
1582 734 1784 793 allegoria

392 807 652 865 pantomimi
674 806 839 867 aliquid
858 822 925 851 mc
948 807 1118 851 dixisse.
1143 809 1250 852 Nam
1269 805 1471 867 quaedam
1492 805 1650 861 verba,
1678 821 1785 866 quo-

392 877 511 921 niam
551 876 684 921 verba
717 887 841 932 sunt,
882 887 925 921 et
958 893 1008 921 ex
1041 877 1190 937 lingua
1224 878 1495 937 procedunt⁷
1537 876 1785 921 communia

393 948 519 991 nobis
545 957 647 992 sunt
682 948 814 992 etiam
847 964 948 992 cum
981 948 1111 992 rebus
1139 948 1340 1003 ludicris,
1373 957 1416 991 et
1440 962 1528 992 non
1556 946 1748 990 honestis
1772 965 1781 990 :

392 1027 539 1062 tamen
572 1018 720 1062 locum
756 1034 884 1063 suum
916 1019 1082 1063 habent
1113 1020 1246 1063 verba
1280 1020 1359 1063 ista
1401 1019 1447 1062 in
1488 1016 1702 1071 Ecclesia,
1743 1025 1786 1060 et

393 1088 538 1133 locum
558 1105 685 1133 suum
706 1089 751 1133 in
770 1105 911 1133 scena.
940 1092 1037 1134 Non
1053 1090 1169 1132 enim
1189 1105 1268 1148 ego
1287 1090 1372 1133 dixi
1389 1124 1398 1144 ,
1420 1088 1539 1149 quod
1554 1086 1786 1147 Apostolus

395 1175 485 1204 non
503 1160 612 1203 dixit
629 1195 639 1214 ,
671 1175 771 1204 cum
793 1159 847 1203 de
870 1159 1043 1204 duobus
1067 1159 1162 1204 filiis
1194 1160 1381 1203 Abrahae
1411 1159 1575 1203 diceret
1597 1177 1605 1203 :
1636 1176 1656 1198 α
1681 1163 1786 1211 Quae

397 1249 415 1271 »
451 1239 578 1284 sunt,
619 1230 785 1289 inquit,
824 1229 870 1272 in
903 1229 1107 1288 allegoria
1121 1234 1152 1272 ².
1182 1249 1200 1270 »
1236 1229 1453 1289 Allegoria
1483 1228 1657 1283 dicitur,
1685 1243 1786 1272 cum

394 1299 559 1359 aliquid
581 1299 701 1343 aliud
724 1299 896 1343 videtur
918 1315 1069 1344 sonare
1097 1300 1142 1343 in
1171 1299 1334 1355 verbis,
1368 1309 1410 1343 et
1434 1299 1553 1342 aliud
1581 1299 1626 1342 in
1653 1297 1785 1342 intel-

395 1370 513 1414 lectu
536 1370 792 1429 significare.
810 1369 1038 1422 Quomodo
1061 1370 1220 1413 dicitur
1243 1385 1378 1428 agnus
1398 1370 1612 1414 Christus³
1629 1388 1636 1412 :
1653 1383 1785 1412 num-

394 1440 502 1500 quid
520 1447 676 1501 pecus'!
699 1443 786 1484 Leo
807 1440 1026 1485 Christus4
1047 1460 1055 1484 :
1076 1439 1293 1500 numquid
1311 1440 1480 1483 bestia?
1502 1443 1628 1483 Petra
1646 1438 1786 1483 Chris-

394 1515 487 1556 tus5
512 1531 520 1556 2
548 1511 763 1571 numquid
777 1511 962 1555 duritia?
981 1515 1105 1556 Mons
1128 1512 1348 1557 Christus6
1368 1531 1376 1555 2
1398 1510 1615 1571 numquid
1637 1520 1783 1554 tumor

394 1584 547 1627 terrae?
569 1585 626 1625 Et
657 1582 715 1625 sic
738 1581 1016 1625 multa'aliud
1042 1582 1245 1626 videntur
1272 1597 1447 1637 sonare,
1476 1580 1594 1624 aliud
1617 1580 1782 1638 signifi-

394 1669 515 1710 carc3
540 1662 584 1696 et
605 1661 786 1697 vocatur
808 1652 1027 1711 allegoria.
1060 1655 1169 1697 Nam
1194 1652 1270 1712 qui
1292 1661 1417 1711 putat
1443 1667 1512 1695 me
1536 1652 1590 1695 de
1613 1651 1782 1695 theatro

395 1725 547 1769 dixisse
578 1723 852 1782 allegoriam,
887 1733 1010 1783 putet
1041 1733 1084 1768 et
1116 1724 1348 1768 Dominum
1382 1723 1436 1767 de
1465 1723 1783 1782 amphitheatro

395 1795 548 1839 dixisse
573 1794 841 1854 parabolam.
870 1794 1036 1838 Videtis
1058 1795 1166 1854 quid
1187 1793 1318 1838 saciat
1340 1794 1487 1838 civitas
1504 1828 1514 1848 ‚
1540 1793 1617 1836 ubi
1639 1793 1783 1837 abun-

396 1867 503 1910 dant
526 1867 770 1926 spectacula
789 1882 797 1906 :
823 1867 867 1910 in
881 1882 984 1925 agro
1003 1866 1193 1910 securius
1214 1865 1440 1925 loquerer3
1465 1864 1572 1925 quid
1593 1865 1647 1909 sit
1668 1865 1783 1909 enim

396 1941 598 1999 allegoria
614 1977 624 1996 ‚
646 1957 735 1985 non
757 1941 818 1985 ibi
841 1940 953 1984 forte
975 1940 1226 1984 didicissent
1244 1939 1440 1983 homines
1455 1939 1564 1994 rnisi
1579 1939 1624 1982 in
1644 1939 1786 1998 Scrip-

396 2013 503 2056 turis
537 2013 628 2056 Dei.
668 2016 784 2071 Ergo
813 2011 933 2071 quod
965 2011 1148 2057 dicimus
1181 2010 1429 2069 allegoriam
1452 2011 1637 2068 figuram
1667 2025 1782 2065 esse,

397 2093 717 2128 sacramentum
740 2084 977 2142 figuratum
1000 2082 1201 2140 allegoria
1227 2091 1304 2125 est.
1331 2084 1388 2124 Et
1409 2080 1517 2141 quid
1539 2081 1609 2124 hic
1628 2081 1784 2140 accipi-

397 2171 493 2199 mus
525 2175 533 2200 :
572 2175 591 2197 ‹<
621 2155 828 2200 Ascendit
862 2170 990 2213 super
1024 2169 1186 2213 pennas
1213 2154 1470 2196 ventorum?
1506 2170 1525 2192 »
1565 2152 1781 2207 Diximus,

397 2227 510 2270 bene
546 2225 682 2284 accipi
711 2226 892 2283 figurate
923 2233 1076 2268 ventos
1117 2224 1296 2267 animas.
1338 2226 1497 2266 Pennae
1531 2232 1783 2278 ventorum,

398 2313 555 2357 pennae
583 2296 824 2339 animarum
854 2311 953 2355 quae
979 2303 1080 2338 sunt
1097 2330 1108 2349 ,
1131 2293 1211 2337 nisi
1231 2285 1255 2337 ἐι
1279 2293 1440 2353 quibus
1461 2308 1632 2337 sursum
1653 2292 1786 2337 attol-

399 2367 577 2411 luntur?
611 2370 770 2410 Pcnnae
814 2381 916 2424 ergo
958 2366 1199 2409 animarum
1231 2365 1434 2419 virtutes,
1476 2364 1592 2409 bona
1629 2379 1781 2424 opera,

400 2447 514 2481 recte
537 2438 665 2481 sacta.
697 2439 748 2480 In
770 2436 938 2480 duabus
967 2435 1042 2480 alis
1066 2435 1230 2480 habent
1252 2450 1401 2479 omnes
1424 2450 1584 2494 pennas
1605 2454 1613 2480 :
1640 2435 1783 2479 omnia

448 2541 455 2557 ¹
477 2538 557 2566 Gen.
577 2547 622 2575 n,
651 2544 682 2575 7.
703 2551 744 2556 -
777 2541 789 2555 2
817 2533 884 2565 Gal.
920 2545 964 2573 iv,
998 2533 1052 2575 24.
1087 2550 1126 2556 —
1147 2531 1159 2556 3
1177 2535 1268 2565 Joan.
1289 2544 1316 2574 1,
1337 2542 1390 2574 29.
1419 2549 1460 2555 —
1478 2531 1494 2562 4
1517 2535 1616 2575 Apoc.
1638 2543 1670 2575 v,
1689 2532 1721 2565 5.
1742 2549 1784 2556 —

399 2589 413 2614 5
435 2603 448 2623 1
471 2593 541 2624 Cor.
560 2602 589 2632 x,
611 2590 642 2632 4.
660 2608 701 2613 —
720 2588 734 2611 (3
750 2594 827 2622 Dan.
851 2601 886 2631 ιι,
910 2590 961 2622 35.
