1848 3261
408 208 489 252 122
817 215 850 244 s.
888 216 1116 247 Auens'rnvx
1150 217 1330 244 muscom

406 282 562 342 gusua,
579 281 698 342 quod
721 281 842 326 novit
863 292 906 326 et
928 282 1122 326 Charitas
1142 283 1292 325 Vestra
1314 279 1473 324 debere
1495 295 1573 325 nos
1595 278 1784 339 exequiis

404 352 544 397 fidelis
567 353 756 412 corporis
780 351 970 396 solemne
1001 351 1274 412 obsequium.
1299 354 1411 395 Ecce
1430 352 1520 411 jam
1553 366 1651 411 quae
1672 349 1787 393 dicta

407 432 508 466 sunt
533 435 726 482 repetere
747 457 758 477 ,
799 432 841 466 et
863 438 1008 465 rursus
1031 437 1243 481 exponere
1264 437 1353 464 non
1380 436 1584 479 cogamur
1611 440 1620 466 2
1651 420 1685 464 si
1706 419 1788 463 de-

407 493 588 537 fuerunt
619 493 753 553 aiiqui
770 528 780 547 ‚
816 493 891 552 qui
914 509 1002 537 non
1036 493 1269 536 audierunt
1286 527 1296 546 ,
1318 507 1407 535 non
1433 492 1628 535 deessent
1649 512 1659 548 3
1681 506 1787 550 pro-

408 564 503 608 dest
525 573 669 607 autem
703 563 785 607 iilis
817 562 993 607 fortasse
1010 599 1020 618 ‚
1047 563 1165 623 quod
1188 579 1277 606 non
1299 561 1482 605 audiunt
1512 562 1642 605 modo
1670 559 1790 620 quod

411 636 642 679 audierunt
673 634 747 693 qui
770 633 1012 689 affuerunt,
1038 643 1088 677 ut
1106 643 1148 677 et
1170 633 1249 693 ipsi
1271 633 1439 676 discant
1456 631 1617 676 adesse.
1650 634 1790 690 Lega-

408 721 504 749 mus
527 720 626 763 ergo
649 705 822 748 cursim.

469 780 526 820 ΙΙ.
557 796 576 817 «
602 774 805 827 Benedic,
825 775 965 818 anima
989 790 1100 830 mea,
1119 776 1354 818 Dominum
1376 777 1439 817 ¹.»
1465 773 1672 817 Omnium
1690 787 1792 816 nos-

412 856 529 891 trum
549 846 691 889 anima
715 845 828 889 dicat
848 881 858 900 ,
886 862 970 889 una
995 844 1106 889 facta
1128 845 1173 889 in
1199 846 1369 890 Christo
1396 864 1404 889 z
1435 864 1454 886 «
1481 844 1662 889 Domine
1682 847 1794 888 Deus

412 935 433 958 »
468 932 605 971 meus⁷
631 917 928 974 magnificatus
956 932 998 960 es
1022 917 1160 960 nimis.
1190 935 1208 957 >›
1238 915 1362 960 Unde
1396 916 1698 974 magnificatus
1722 916 1794 958 es‘?

416 1006 436 1029 «
471 985 797 1031 Confessionem
834 996 877 1030 et
898 987 1100 1031 decorem
1133 985 1341 1040 induisti,
1370 1004 1390 1027 »
1413 985 1693 1030 Confitemini
1711 1020 1721 1039 ‚
1746 993 1797 1028 ut

413 1057 673 1102 decoremini
694 1093 704 1111 ‚
730 1067 779 1101 ut
802 1057 956 1101 induat
979 1073 1067 1101 vos.
1094 1077 1112 1098 «
1138 1057 1498 1101 Circumamictus
1521 1055 1663 1100 lucem
1687 1056 1798 1099 sicut

416 1147 436 1170 n
455 1129 778 1180 ,vestimentum
794 1132 825 1170 2.
850 1146 868 1168 »
884 1127 1244 1171 Circumamietus
1262 1126 1498 1171 Ecclesiam
1521 1141 1640 1170 suam
1660 1145 1669 1171 ε
1696 1126 1798 1186 quia

414 1199 504 1258 ipsa
528 1198 639 1242 iacta
674 1208 737 1242 est
758 1199 833 1242 lux
862 1198 906 1240 in
935 1197 1010 1241 illo
1029 1233 1039 1252 ‚
1065 1213 1164 1257 quae
1187 1197 1305 1256 prius
1327 1206 1418 1240 erat
1439 1197 1632 1239 tenebrae
1654 1196 1697 1239 in
1721 1212 1766 1240 se
1783 1231 1794 1251 ‚

413 1269 584 1314 dicente
607 1268 815 1328 Apostolo
838 1289 846 1313 :
875 1288 891 1308 «
922 1272 953 1312 F
960 1269 1079 1312 uistis
1100 1268 1335 1328 aliquando
1358 1268 1564 1322 tenebrae,
1587 1283 1705 1311 nunc
1724 1283 1800 1311 au-

418 1360 438 1382 »
474 1351 559 1384 tem
582 1340 657 1384 lux
677 1341 722 1384 in
745 1341 929 1385 Domino
943 1343 975 1384 ³.
1001 1340 1251 1384 Extendens
1268 1339 1429 1383 coelum
1449 1340 1557 1383 sicut
1577 1337 1735 1398 pellem
1753 1358 1760 1383 :
1775 1357 1795 1380 η

415 1411 484 1456 vel
508 1421 593 1456 tam
614 1410 738 1455 facile
761 1427 890 1471 quam
915 1421 962 1454 tu
985 1409 1159 1470 pellem,
1186 1411 1218 1454 si
1238 1420 1324 1453 tam
1350 1409 1473 1453 facile
1495 1410 1572 1464 sit,
1592 1419 1801 1469 tanquam

418 1482 472 1526 ad
493 1482 681 1526 litteram
706 1482 887 1541 accipias
910 1501 919 1526 ;
944 1481 1013 1525 vel
1046 1482 1346 1525 auctoritatem
1378 1481 1699 1540 Scripturarum
1730 1480 1802 1523 in-

420 1551 662 1611 telligamus
685 1552 915 1596 distentam
940 1567 1015 1610 per
1038 1561 1180 1595 totum
1210 1550 1423 1595 mundum
1449 1551 1624 1595 nomine
1646 1550 1768 1610 pellis
1789 1570 1800 1607 3

419 1625 520 1684 quia
543 1623 779 1667 mortalitas
799 1623 842 1666 in
867 1622 979 1682 pelle
1001 1623 1289 1680 significatui*7
1305 1622 1549 1681 dispensata
1573 1631 1635 1665 est
1658 1631 1802 1665 autem

420 1694 545 1739 nobis
568 1695 707 1738 omnis
739 1694 971 1738 auctoritas
1004 1693 1321 1752 Scripturarum
1354 1693 1599 1736 divinarum
1623 1708 1699 1752 per
1721 1692 1802 1736 ho-

421 1765 558 1809 mines
590 1764 817 1819 mortales,
858 1780 1046 1824 quorum
1074 1765 1163 1824 jam
1195 1773 1468 1808 mortuorum
1503 1762 1616 1808 fama
1638 1763 1804 1808 disten-

422 1835 554 1880 ditur.

483 1909 564 1949 III.
593 1925 611 1947 «
633 1906 713 1959 Qui
737 1907 923 1965 protegit
946 1906 987 1949 in
1011 1905 1132 1965 aquis
1153 1905 1371 1964 superiora
1394 1906 1528 1965 ejus4.
1554 1906 1719 1966 »Cujus
1741 1921 1806 1950 su-

425 1977 627 2035 periora?
649 1976 776 2020 Coeli.
799 1976 913 2029 Quid
935 1988 995 2019 est
1027 1975 1219 2020 eoelum?
1241 1976 1443 2033 Figurate
1465 1975 1677 2020 duntaxat
1698 1975 1808 2020 dixi-

426 2063 522 2091 mus
540 2083 550 2102 ‚
578 2048 839 2106 Scripturam
865 2048 1072 2092 divinam.
1099 2051 1207 2101 Quae
1235 2048 1453 2107 superiora
1479 2048 1711 2113 Scriptura}
1738 2048 1807 2091 di-

426 2117 573 2163 vinae?
597 2121 865 2177 Praeceptum
884 2154 894 2173 ‚
921 2135 1008 2179 quo
1040 2118 1148 2162 nihil
1176 2127 1239 2162 est
1259 2119 1518 2162 eminentius
1535 2154 1545 2173 ‚
1571 2119 1806 2163 charitatis.

427 2193 570 2244 Quare
588 2200 730 2234 autem
749 2192 870 2251 aquis
892 2201 1137 2251 comparata
1153 2200 1215 2235 est
1237 2191 1447 2235 charitas?
1465 2191 1605 2244 «Quia
1628 2189 1810 2233 charitas

431 2280 451 2302 »
488 2261 564 2305 Dei
589 2260 747 2305 diffusa
769 2272 832 2305 est
865 2262 907 2304 in
931 2261 1134 2306 cordibus
1167 2262 1321 2305 nostris
1350 2277 1426 2320 per
1457 2261 1662 2320 Spiritum
1685 2275 1810 2304 sanc-

431 2351 450 2373 »
487 2341 580 2375 tum
598 2368 608 2385 ,
634 2332 709 2392 qui
732 2332 858 2376 datus
876 2342 938 2376 est
963 2333 1086 2377 nohis
1102 2335 1132 2376 ⁵.
1162 2351 1181 2373 »
1209 2332 1333 2376 Unde
1352 2348 1461 2392 aqua
1485 2333 1574 2391 ipse
1598 2331 1810 2391 Spiritus?

432 2421 452 2444 «
487 2402 594 2454 Quia
617 2402 756 2446 stabat
773 2405 895 2447 Jesus
907 2439 921 2458 ,
947 2413 988 2447 et
1011 2402 1225 2448 clamabat
1244 2422 1252 2447 ε
1277 2402 1318 2447 Si
1339 2403 1434 2462 quis
1454 2403 1543 2446 sitit
1558 2439 1568 2457 7
1588 2402 1734 2446 veniat
1757 2402 1812 2445 ad

477 2506 485 2521 ¹
519 2500 599 2531 Psai.
635 2511 708 2541 cin,
737 2512 764 2532 1.
792 2518 832 2523 -
863 2507 873 2523 ²
894 2501 974 2532 Ibid.
1007 2510 1038 2532 ¹2.
1061 2519 1102 2523 —
1123 2500 1136 2524 3
1155 2500 1268 2543 Ephes
1301 2511 1341 2541 v,
1364 2500 1394 2532 8.
1419 2517 1460 2523 —
1478 2498 1494 2529 4
1519 2500 1598 2532 Psal.
1627 2511 1698 2541 cnr,
1719 2500 1748 2531 3.
1771 2516 1811 2521 --

431 2552 445 2576 5
464 2557 553 2586 Rom.
576 2566 606 2592 v,
630 2555 658 2586 5.
