1848 3261
199 226 439 255 munaum
471 228 522 257 111
553 228 597 253 m
632 224 834 253 PsALMUM
865 226 968 264 (3111,
1001 225 1139 254 SERMO
1169 229 1235 255 111.
1316 218 1398 256 139

22 293 138 338 filius
160 293 301 352 pacis,
336 291 471 336 dividi
491 290 629 335 voluit
644 326 654 346 ,
674 299 913 335 revertetur
935 289 989 333 ad
1010 299 1054 334 te
1075 306 1158 350 pax
1177 301 1251 336 tua
1268 314 1279 350 3
1300 294 1401 353 quia

22 379 121 409 aves
153 379 243 407 non
275 362 433 407 divisit.
471 362 628 405 Veniet
660 370 703 405 et
733 360 958 405 caminus:
988 376 1090 404 nam
1124 362 1319 406 consedit
1339 364 1402 407 ibi

21 435 242 480 Abraham
264 448 402 494 usque
424 433 479 476 ad
500 448 744 491 vesperam,
765 440 808 475 et
822 431 938 475 venit
958 446 1139 490 magnus
1160 441 1298 476 terror
1316 432 1402 476 diei

20 503 188 565 judicii.
215 506 401 563 Vespera
420 503 536 546 enim
558 502 631 546 illa
652 502 748 545 finis
771 509 834 544 est
856 499 1028 559 saeculi3
1051 511 1095 545 et
1116 502 1312 546 caminus
1329 501 1402 546 ille

24 575 202 620 veniens
223 573 313 617 dies
341 572 506 634 judicii.
545 572 697 617 Divisit
716 572 828 615 inter
863 570 1005 615 media
1034 570 1107 615 illa
1135 588 1234 632 quae
1267 571 1404 616 divisa

22 654 171 700 erant,
206 644 336 688 etiam
360 644 589 688 caminus1.
619 643 660 688 Si
687 643 799 686 inter
826 642 966 686 media
996 643 1164 687 transiit
1185 644 1401 699 caminus,

24 715 105 760 3113
126 716 172 759 111
188 714 399 768 dextram,
421 713 502 757 alia
520 714 564 757 in
581 713 794 757 sinistram
813 713 1039 772 separavit.
1059 716 1170 758 Sunt
1185 729 1287 773 ergo
1304 714 1405 774 qui-

23 785 122 830 dam
145 783 336 829 carnales
351 818 363 838 ,
383 793 426 827 et
447 793 593 828 tamen
615 783 820 828 Ecclesiae
841 783 1003 841 gremio
1028 784 1324 840 continentur,
1346 784 1406 829 vi-

22 845 172 901 ventes
193 853 436 899 secundum
457 853 692 913 quemdam
713 853 895 897 modum
916 868 1045 897 suum
1060 889 1070 908 ,
1096 855 1257 914 quibus
1278 855 1406 899 time-

23 942 120 970 mus
141 941 197 970 ne
223 925 487 969 seducantur
522 924 578 968 ab
605 924 832 968 haereticis.
864 924 1066 977 Quandiu
1078 925 1195 968 enim
1215 925 1408 969 carnales

23 1006 141 1052 sunt,
166 994 396 1040 divisibiles
417 1004 533 1039 sunt.
563 1014 583 1037 «
615 998 726 1039 Aves
754 995 916 1054 quippe
937 1011 1027 1039 non
1058 995 1202 1039 divisit
1228 1015 1238 1039 ι
1264 1014 1284 1036 1)
1310 1011 1408 1040 car-

23 1067 142 1112 nales
160 1065 276 1110 divid
283 1075 432 1110 untur.
448 1085 468 1108 «
478 1068 575 1110 Non
586 1065 709 1125 potui
724 1064 846 1124 loqui
858 1065 979 1109 vohis
992 1065 1114 1125 quasi
1127 1065 1406 1124 spiritalibus,

27 1156 47 1179 »
83 1137 159 1181 sed
190 1137 313 1196 quasi
335 1135 594 1179 carnalibus.
632 1154 651 1176 »
691 1138 747 1178 Et
769 1134 1010 1194 quomodo.
1028 1135 1261 1194 probatur,
1307 1136 1408 1196 quia

26 1207 218 1253 carnales
251 1207 541 1250 dividuntur?
562 1205 799 1265 Adjungst,
828 1224 845 1245 «
871 1207 980 1250 Cum
1007 1206 1122 1250 enim
1149 1205 1253 1250 dicit
1275 1222 1412 1251 unus-

28 1297 49 1320 »
85 1277 270 1338 quisque
285 1285 500 1320 vestrum:
526 1279 620 1335 Ego
642 1291 738 1319 sum
761 1275 906 1330 Pauli,
938 1291 1018 1335 ego
1040 1286 1186 1321 autem
1218 1276 1376 1336 Apollo
1396 1312 1408 1332 ,

28 1367 49 1390 »
84 1362 165 1406 ego
196 1362 299 1391 vero
332 1347 520 1405 Cephae3
555 1361 701 1389 11011110
726 1345 919 1390 carnales
941 1347 1066 1402 estis,
1097 1356 1140 1390 et
1169 1346 1410 1390 secundum

28 1436 50 1460 >›
85 1416 308 1462 hominem
341 1416 632 1460 ambulatis²P
669 1419 791 1474 Rogo
812 1431 903 1471 vos,
937 1415 1123 1472 fratres,
1160 1417 1335 1472 audite,
1369 1426 1414 1461 et

26 1487 249 1548 proficite:
270 1487 456 1530 excutite
476 1501 551 1530 vos
569 1486 623 1530 de
644 1485 741 1530 1000
754 1485 931 1541 03111311,
951 1487 1117 1546 pergite
1133 1486 1180 1530 in
1196 1496 1412 1531 turturem

28 1568 71 1602 et
92 1557 359 1612 columbam,
389 1576 408 1598 «
433 1560 544 1601 Aves
566 1556 681 1600 enim
705 1572 793 1600 non
816 1556 974 1601 divisit.
995 1575 1015 1598 »
1040 1557 1124 1602 Sed
1145 1558 1414 1618 quicumque

28 1627 125 1673 talis
146 1627 449 1685 permanserit,
488 1635 531 1670 et
551 1625 793 1670 secundum
820 1625 1056 1686 quemdam
1095 1627 1278 1671 modum
1314 1629 1414 1672 vitae

29 1708 181 1759 aptum
209 1696 476 1752 carnalibus,
496 1706 539 1741 et
561 1696 615 1741 de
640 1697 802 1755 gremio
825 1697 1030 1742 Ecclesiae
1052 1714 1143 1743 non
1164 1700 1384 1744 recesserit
1401 1734 1412 1754 ,

29 1779 73 1815 et
90 1785 179 1815 non
196 1769 328 1813 fuerit
344 1770 550 1813 seductus
573 1769 628 1812 ab
652 1769 866 1814 haereticis
879 1805 889 1824 ‚
909 1778 960 1812 ut
988 1784 1037 1813 ex
1060 1771 1273 1815 contraria
1293 1780 1416 1831 parte

29 1840 275 1899 dividatur,
299 1841 445 1885 veniet
473 1840 668 1885 caminus
684 1875 695 1894 ,
739 1849 782 1884 et
803 1839 859 1884 ad
885 1839 1079 1884 dextram
1105 1842 1210 1901 poni
1233 1842 1324 1886 sine
1342 1857 1417 1885 03-

29 1912 149 1956 mino
171 1927 261 1956 non
277 1911 451 1971 poterit.
477 1910 561 1956 Sed
583 1911 616 1955 si
649 1911 869 1954 caminum
891 1911 980 1970 pati
998 1927 1088 1956 non
1107 1911 1224 1968 vult,
1263 1921 1416 1971 pergat

30 1982 76 2026 in
97 1990 312 2025 turturem
333 1990 377 2024 et
407 1979 672 2025 columbam.
705 1981 788 2034 Qui
809 1990 951 2040 potest
973 1997 1147 2041 capere,
1183 1982 1339 2041 capiat.
1374 1982 1417 2027 Si

32 2044 178 2096 autem
199 2067 289 2095 non
303 2051 362 2095 sic
380 2051 484 2106 erit,
511 2060 554 2094 et
579 2069 600 2092 α
618 2050 913 2095 AEdificaverit
929 2066 1058 2110 super
1078 2050 1417 2097 fundamentum

33 2139 54 2163 »
85 2122 226 2180 ligna,
265 2121 458 2175 foenum,
498 2120 726 2180 stipulam,
756 2140 776 2162 »
812 2121 858 2165 id
880 2130 966 2177 est,
1003 2137 1168 2167 amores
1190 2121 1416 2167 saeculares

31 2191 320 2237 fundamento
337 2193 438 2237 fidei
457 2208 546 2236 suae
570 2192 1001 2251 superaedificaverit,
1018 2202 1166 2237 tamen
1186 2194 1220 2238 si
1242 2194 1288 2237 in
1309 2193 1416 2237 fun-

5 2307 8 2309 *
34 2262 239 2307 damento
261 2264 315 2307 sit
342 2264 559 2317 Christus,
596 2272 646 2306 ut
673 2263 861 2322 primum
897 2263 1039 2307 locum
1070 2265 1161 2323 ipse
1192 2264 1351 2308 habeat
1372 2264 1419 2307 in

35 2332 165 2378 corde
180 2368 191 2388 ,
212 2343 255 2377 et
265 2333 303 2376 ei
321 2333 430 2377 nihil
447 2333 626 2377 omnino
645 2342 931 2392 anteponatur
947 2355 959 2392 3
983 2344 1213 2393 portantur
1234 2344 1278 2378 et
1295 2334 1415 2389 tales,

34 2402 276 2448 tolerantur
300 2412 343 2446 et
363 2403 470 2447 tales
497 2423 506 2447 2
533 2404 676 2448 veniet
704 2404 922 2458 caminus,
947 2404 1152 2449 incendet
1178 2405 1309 2463 ligna,
1334 2403 1420 2448 foe-

36 2489 170 2528 num,
196 2473 398 2533 stipulam
425 2493 433 2518 :
472 2493 492 2516 «
519 2478 614 2534 Ipse
654 2483 802 2518 autem
819 2509 830 2529 ,
864 2475 1007 2535 inquit
1024 2511 1035 2531 ‚
1070 2475 1212 2521 salvus
1235 2476 1340 2530 erit,
1361 2475 1420 2519 sic

86 2566 94 2580 ⁵
113 2560 192 2591 Gen.
212 2570 268 2600 xv,
285 2570 384 2600 9-17.
404 2576 442 2582 —-
463 2566 476 2581 ²
500 2571 510 2590 1
529 2561 602 2591 Cor.
622 2571 646 2600 1,
670 2567 722 2600 12,
742 2558 792 2599 13,
810 2563 908 2599 01111,
932 2558 1026 2592 1-15.
