1848 3261
443 221 684 254 ENARRATm
714 225 762 253 m
792 199 993 251 PsAL'Mmr
1026 224 1122 252 cxv.
1362 213 1440 252 361

69 299 159 346 est,
180 276 271 335 non
293 289 438 334 animo
467 290 650 349 simplici
671 299 714 334 et
734 304 866 349 puro,
893 297 935 332 et
958 286 1044 331 fide
1075 287 1237 332 sincera
1255 305 1353 349 quae
1371 305 1448 350 per

67 360 342 405 dilectionem
361 368 564 419 operatur
580 362 609 404 ¹.
628 360 821 404 Terrenis
841 358 1002 418 quippe
1020 357 1326 417 cupiditatibus
1345 376 1450 404 con-

65 432 284 487 sulentes,
314 447 499 491 regnum
539 431 751 476 coelorum
785 429 1131 484 annuntiabant,
1164 429 1373 474 habentes
1404 431 1451 474 in

65 511 242 562 pectore
277 502 512 547 falsitatem
533 538 543 558 ,
581 503 628 547 in
659 502 808 560 lingua
837 502 1076 545 veritatem.
1124 500 1268 545 Sciens
1304 500 1451 561 itaque

66 573 298 633 Apostolus
320 574 448 618 etiam
461 588 537 632 per
551 573 711 617 Judam
730 571 1095 630 evangelizantem
1117 571 1342 616 credentes
1364 586 1453 615 esse

64 643 271 689 liberatos
287 679 297 699 ‚
322 645 425 688 istos
446 659 622 704 quoque
638 644 698 688 ita
721 643 932 704 permittit
955 662 962 687 :
993 662 1010 683 «
1037 642 1155 697 Sive,
1175 642 1319 702 inquit
1339 658 1453 697 ‚oc-

71 733 89 755 »
126 715 318 769 casione‚
344 714 432 758 sive
455 715 638 759 veritate
659 715 854 759 Christus
877 714 1160 758 annuntietur
1173 717 1204 758 ².
1235 734 1253 754 -»
1280 714 1452 758 'Verita-

64 791 154 828 tem
182 785 345 845 quippe
373 785 714 840 annuntiabant,
754 784 919 829 etiamsi
946 800 1035 828 non
1055 783 1259 837 veritate,
1287 783 1333 827 id
1354 793 1449 838 est,

65 869 154 899 non
178 869 281 898 vero
303 855 461 898 animo.
482 855 556 898 Isti
573 854 816 914 loquuntur
833 854 954 915 quod
972 870 1060 898 non
1079 855 1280 909 credunt,
1293 863 1333 898 et
1354 853 1453 898 ideo

64 924 287 983 reprobati
308 933 410 968 sunt
429 944 441 980 3
465 924 661 983 quamvis
683 924 768 968 sint
799 924 926 968 utiles
950 926 1008 969 eis
1031 941 1139 985 quos
1172 925 1350 969 instruit
1369 927 1454 968 Do-

63 994 222 1048 minus,
249 993 394 1038 dicens
417 1013 426 1038 ε
459 996 600 1046 «Quae
623 994 790 1050 dicunt,
812 994 938 1038 facite
957 1016 966 1052 3
986 1011 1085 1055 quae
1101 1004 1246 1038 autem
1268 993 1450 1048 faciunt,

69 1059 87 1105 ἑ)
123 1062 264 1108 facere
286 1063 447 1122 nolite3
481 1064 632 1107 dicunt
656 1064 798 1118 enim,
825 1074 868 1108 et
894 1080 983 1107 non
1006 1064 1220 1107 faciunt3.
1252 1084 1268 1104 »
1298 1062 1422 1108 {Inde
1441 1098 1452 1116 ,

64 1134 146 1178 nisi
167 1135 269 1194 quia
291 1134 411 1178 utilia
429 1150 518 1178 non
543 1134 728 1179 credunt
749 1150 838 1178 esse
855 1151 953 1195 quae
973 1135 1125 1180 dicunt
1142 1137 1159 1179 P
1177 1138 1286 1179 Sunt
1309 1143 1455 1178 autem

65 1204 136 1249 alii
172 1207 248 1265 qui
277 1203 464 1249 credunt
484 1240 494 1259 ,
521 1214 564 1249 et
601 1221 690 1250 non
712 1205 954 1265 loquuntur
991 1205 1113 1265 quod
1134 1207 1346 1260 credunt,
1385 1204 1456 1249 vel

63 1275 234 1334 pigritia
249 1310 260 1329 ,
285 1274 356 1319 vel
377 1275 546 1319 timore.
563 1278 673 1320 Nam
696 1286 739 1319 et
760 1275 832 1319 ille
855 1292 1001 1320 servus
1022 1277 1216 1336 quamvis
1239 1275 1456 1320 talentum

63 1344 288 1399 habuerit,
314 1354 461 1388 tamen
478 1346 580 1405 quia
603 1361 780 1404 erogare
802 1346 958 1399 noluit,
986 1346 1108 1389 audit
1130 1362 1153 1389 a
1177 1347 1363 1390 Domino
1380 1347 1456 1406 ju-

66 1414 184 1458 dice:
214 1433 232 1455 «
258 1417 386 1459 Serve
407 1430 597 1475 nequam
621 1425 664 1459 et
684 1416 851 1474 pig-012⁴.
884 1437 900 1456 »
927 1419 982 1460 Et
1005 1415 1090 1459 alio
1112 1414 1336 1473 Evangelii
1357 1413 1456 1459 loco

65 1484 233 1529 dictum
251 1494 336 1540 est,
361 1486 480 1546 quod
503 1485 630 1529 multi
655 1501 705 1529 ex
725 1486 996 1546 principibus
1033 1486 1287 1530 „ludaeorum
1313 1485 1456 1531 credi-

66 1556 228 1600 dissent
253 1557 299 1599 in
322 1571 447 1611 eum,
478 1555 553 1600 sed
586 1572 676 1600 nou
708 1572 806 1600 eum
843 1557 1191 1611 confitebantur,
1218 1572 1273 1600 ne
1307 1557 1456 1617 expel-

65 1625 260 1669 lerentur
285 1625 339 1669 de
374 1627 632 1684 synagogis:
673 1627 749 1670 sed
781 1626 910 1670 etiam
943 1627 1023 1686 ipsi
1057 1627 1306 1686 reprehensi
1328 1637 1459 1687 atque

66 1695 299 1755 improbati
321 1705 438 1740 sunt.
455 1696 658 1755 Sequitur
678 1697 792 1740 enim
809 1697 1083 1755 Evangelista
1102 1698 1269 1742 dicens:
1287 1717 1303 1736 «
1323 1700 1457 1742 Ama-

72 1785 90 1806 »
125 1775 284 1810 verunt
305 1766 421 1809 enim
445 1765 625 1824 gloriam
646 1767 876 1810 hominum
900 1767 1032 1824 magis
1056 1783 1188 1826 quam
1210 1768 1287 1811 Dei
1305 1770 1337 1811 ⁵.
1369 1790 1385 1809 ι)
1415 1768 1458 1813 Si

66 1850 166 1894 ergo
201 1845 244 1880 et
274 1836 337 1879 illi
365 1837 440 1896 qui
470 1851 622 1880 verum
646 1836 767 1896 quod
787 1836 1032 1897 loquuntur
1062 1853 1151 1882 non
1182 1839 1387 1894 credunt,
1415 1848 1459 1883 et

65 1905 128 1950 illi
150 1908 226 1966 qui
246 1922 398 1950 verum
427 1907 547 1966 quod
569 1907 755 1950 credunt
782 1922 871 1951 non
906 1907 1176 1967 loquuntur,
1201 1909 1357 1952 merito
1384 1924 1456 1952 re-

65 1975 334 2035 probantur3
360 1976 455 2036 quis
477 1976 556 2020 erit
578 1992 724 2020 servus
746 1992 846 2021 vere
869 1976 1080 2021 dicendus
1097 1977 1258 2033 fidelis,
1281 1979 1361 2022 nisi
1383 1978 1456 2023 ille

65 2046 308 2090 cuidicitur
330 2065 371 2090 :«
388 2049 528 2105 Euge,
551 2062 671 2091 serve
694 2047 824 2102 bone,
843 2049 1051 2107 quoniam
1074 2049 1120 2092 in
1141 2049 1313 2093 modico
1336 2049 1457 2094 fuisti

70 2136 88 2158 »
124 2115 285 2171 fidelis,
316 2132 445 2175 supra
476 2116 614 2161 multa
637 2126 679 2161 te
701 2118 990 2176 constituam3
1029 2119 1142 2163 intra
1174 2119 1219 2162 in
1246 2119 1455 2177 gaudium

70 2206 89 2228 »
124 2186 291 2230 domini
312 2187 437 2230 ῖηίθὶ)
464 2207 481 2227 »
510 2186 621 2231 Talis
644 2188 792 2247 itaque
814 2203 959 2232 servus
986 2204 1066 2233 nec
1103 2199 1336 2250 antequam
1359 2205 1454 2234 cre-

66 2255 141 2301 dat
160 2257 378 2318 loquitur,
403 2273 482 2302 nec
501 2274 599 2302 cum
618 2258 850 2303 crediderit
869 2268 982 2303 tacet
1004 2280 1012 2304 z
1038 2276 1117 2304 nec
1139 2260 1207 2304 vel
1225 2262 1282 2305 sic
1306 2271 1456 2320 eroget

66 2336 117 2370 ut
137 2328 227 2386 ipse
241 2343 329 2371 non
345 2327 520 2382 habeat,
541 2327 611 2371 vel
628 2328 746 2388 quod
760 2329 893 2373 habet
915 2345 1004 2374 non
1027 2331 1245 2389 erogando
1269 2347 1355 2376 non
1374 2332 1454 2376 ha—

66 2397 182 2441 beat.
211 2398 279 2442 Sic
302 2398 415 2442 enim
441 2398 606 2442 dictum
631 2408 694 2442 est
719 2418 727 2443 :
758 2419 773 2438 α
802 2400 887 2452 Qui
908 2401 1064 2456 habet,
1092 2400 1268 2445 dabitur
1286 2403 1352 2459 ei3
1378 2403 1455 2462 qui

116 2498 124 2513 ¹
145 2491 212 2524 Gal.
229 2503 260 2534 v,
280 2493 313 2524 6.
339 2509 381 2515 —-
399 2500 412 2515 2
431 2492 542 2535 Philip.
564 2504 588 2533 1,
617 2495 666 2525 18.
689 2510 730 2515 —
751 2491 763 2515 3
782 2493 893 2525 Mattb.
916 2506 1003 2536 xxm,
1031 2495 1059 2526 3.
1081 2513 1122 2520 ——
1141 2495 1216 2528 41t1.
1238 2508 1315 2538 xxv,
1336 2496 1389 2529 26.
1411 2513 1453 2520 —

70 2546 83 2568 5
100 2550 190 2580 Joan.
213 2560 268 2587 xn,
286 2548 340 2591 42,
359 2547 412 2590 43.
436 2566 476 2572 -
495 2547 510 2571 5
529 2549 642 2581 Matth.
666 2560 741 2589 xxv,
764 2549 817 2581 23.
