1848 3261
233 238 473 272 ENARRATm
504 243 538 269 11
569 242 614 269 nv
648 238 849 269 PsALMUM
879 239 1008 278 cxnr,
1043 240 1180 268 sERMo
1211 241 1260 268 11.
1365 227 1448 269 345

75 318 119 353 te
139 309 292 369 utique
316 307 501 368 puderet
523 308 714 352 adorare.
739 305 892 351 Melior
914 314 956 348 et
972 313 1021 348 tu
1038 339 1048 359 ,
1073 306 1267 364 quamvis
1290 321 1338 350 ea
1359 322 1449 351 non

76 377 249 437 feceris,
288 379 493 439 quoniam
523 394 621 438 quae
648 377 720 421 illa
753 391 843 420 non
873 382 1054 434 possunt
1084 373 1201 417 facis.
1227 375 1380 419 Melior
1408 386 1451 420 et

77 450 213 494 bestia
246 470 255 495 :
277 450 331 494 ad
356 451 440 494 hoc
467 450 582 493 enim
615 447 812 492 additum
839 455 900 490 est
926 465 934 490 z
965 465 981 485 «
1003 448 1099 489 Non
1121 444 1371 489 clamabunt
1406 447 1453 490 in

77 537 99 562 »
134 519 335 565 faucibus
362 521 462 564 suis.
491 538 512 561 »
544 522 742 578 Namque
770 533 870 562 cum
893 516 1086 576 superius
1115 515 1289 560 dixisset
1320 535 1329 560 :
1360 518 1451 560 «Os

75 607 97 631 »
131 591 297 634 habent
311 626 322 646 ,
341 600 384 635 et
405 606 494 635 non
511 590 748 649 loquentur
765 608 774 633 ε
793 606 812 629 n
837 587 943 647 quid
965 602 1072 646 opus
1091 595 1202 641 erat,
1221 595 1453 646 postquam

74 676 98 704 a
119 661 259 719 capite
281 676 420 721 usque
442 660 497 704 ad
517 659 648 719 pedes
677 659 873 703 membra
904 657 1083 701 decursa
1118 666 1241 712 sunt,
1277 656 1331 701 de
1354 655 1454 701 fau-

73 730 190 774 cium
213 729 402 774 clamore
422 739 643 789 repetere,
662 730 764 784 nisi„
789 728 944 783 credo,
965 728 1066 787 quia
1088 727 1160 771 illa
1179 744 1277 788 quae
1299 726 1354 771 de
1371 743 1455 771 cae-

71 801 174 844 teris
195 801 399 844 membris
422 801 805 855 commemorabat,
831 799 1078 843 communia
1095 814 1184 842 esse
1206 798 1456 842 hominibus

72 870 320 931 belluisque
337 872 576 916 sentimus?
596 875 704 917 Nam
725 881 767 915 et
788 871 937 916 vident
954 906 964 925 ,
992 879 1034 914 et
1056 869 1261 924 audiunt,
1287 879 1330 914 et
1351 869 1458 914 olfa-

71 942 193 986 ciunt
208 977 218 997 ,
240 952 283 986 et
305 942 553 998 ambulant,
574 951 616 986 et
631 941 834 1003 quaedam
857 942 967 985 sicut
979 941 1109 984 simiae
1132 941 1334 984 manibus
1351 956 1458 985 con-

70 1020 274 1055 trectant.
301 1011 417 1056 Illud
444 1021 588 1055 autem
621 1012 741 1072 quod
762 1012 817 1055 de
838 1026 911 1055 ore
929 1011 1093 1054 dixerat
1108 1046 1119 1066 ,
1144 1011 1370 1070 proprium
1394 1019 1458 1055 est

69 1082 285 1139 hominis,
307 1082 514 1142 quoniam
536 1082 686 1127 bestiae
718 1098 807 1126 non
829 1082 1090 1141 loquuntur.
1114 1084 1178 1126 Ne
1196 1081 1292 1141 quis
1310 1090 1457 1125 autem

70 1152 126 1196 ad
142 1152 231 1197 sola
247 1154 540 1198 humanorum
559 1153 853 1197 membrorum
878 1168 1008 1212 opera
1028 1151 1208 1196 referret
1225 1169 1324 1212 quae
1342 1152 1457 1197 dicta

69 1231 197 1278 sunt,
234 1232 277 1266 et
308 1223 388 1266 diis
420 1224 625 1267 Gentium
653 1223 765 1268 solos
788 1223 986 1267 homines
1010 1231 1322 1282 anteponeret,
1360 1233 1458 1282 post

69 1293 214 1338 omnia
246 1293 463 1348 subdidit,
495 1293 642 1338 dicens
676 1312 685 1337 :
722 1296 856 1338 «Non
886 1293 1140 1338 clamabunt
1174 1293 1221 1336 in
1258 1292 1457 1337 faucibus

71 1380 93 1404 )›
111 1363 221 1408 suis:
244 1383 260 1404 »
287 1362 406 1424 quod
428 1378 600 1407 rursum
621 1363 874 1407 hominibus
887 1363 1207 1424 pecoribusque
1224 1378 1457 1408 commune

69 1441 147 1476 est.
179 1432 309 1486 Quod
335 1434 369 1477 si
398 1434 538 1493 primo
560 1432 756 1488 dixisset,
791 1448 891 1477 cum
914 1433 967 1476 ab
990 1449 1062 1477 ore
1097 1434 1231 1493 coepit
1262 1434 1457 1478 membra

68 1518 320 1562 percurrere
358 1523 366 1548 :
405 1505 494 1547 «Os
522 1504 711 1558 habent,
745 1512 787 1547 et
815 1519 905 1547 non
926 1502 1178 1547 clamabunt
1205 1523 1214 1548 2
1242 1523 1262 1545 »
1300 1513 1455 1548 cuncta

70 1574 201 1617 etiam
237 1574 296 1617 sic
325 1572 379 1617 ad
406 1583 607 1617 naturam
626 1573 815 1617 hominis
835 1571 1121 1628 referrentur,
1146 1590 1227 1618 nec
1249 1573 1375 1618 facile
1396 1574 1458 1618 ibi

68 1645 311 1706 quidquam
326 1644 380 1688 de
388 1646 694 1688 communione
708 1643 897 1688 ferarum
913 1660 1061 1689 sensus
1076 1645 1288 1689 audientis
1301 1645 1457 1689 adver-

69 1724 194 1759 teret.
214 1717 327 1759 Cum
339 1730 441 1759 vero
454 1714 563 1758 illud
583 1715 637 1758 de
655 1730 728 1758 ore
743 1714 865 1769 dixit,
891 1715 1012 1775 quod
1025 1716 1212 1760 hominis
1230 1716 1456 1775 proprium

68 1795 146 1841 est,
173 1794 217 1829 et
236 1795 333 1844 post
352 1786 723 1830 enumerationem
745 1786 935 1844 partium
954 1787 1159 1845 corporis,
1180 1803 1310 1846 quam
1335 1802 1455 1831 com-

67 1856 314 1900 memoratis
336 1855 518 1914 pedibus
536 1855 787 1899 terminasse
802 1855 1049 1911 videbatur,
1077 1856 1275 1916 adjunxit
1293 1876 1301 1901 :
1325 1860 1454 1902 «Non

69 1945 90 1969 >›
126 1926 379 1971 clamabunt
402 1926 447 1969 in
465 1925 667 1970 faucibus
689 1927 774 1970 suis
797 1946 807 1971 :
829 1944 849 1967 »
875 1926 1080 1972 lectorem
1114 1927 1184 1972 vel
1209 1928 1454 1973 auditorem

67 1997 172 2041 fecit
190 1997 425 2051 intentum,
446 1996 614 2040 utdum
637 1998 794 2057 quaerit
816 2012 893 2041 cur
913 1998 1109 2042 additum
1133 2000 1202 2052 sit,
1229 1998 1453 2044 admoneri

67 2082 110 2110 se
131 2066 324 2110 inveniat
346 2066 583 2110 simulacris
606 2068 814 2111 Gentium
834 2084 923 2112 non
944 2077 1114 2113 tantum
1136 2070 1354 2124 homines,
1375 2070 1451 2115 sed

67 2137 197 2180 etiam
218 2135 385 2179 belluas
406 2151 449 2179 se
475 2136 635 2181 debere
663 2153 916 2197 praeponere
941 2158 950 2183 ε
979 2148 1030 2182 ut
1050 2140 1084 2183 si
1111 2139 1249 2199 pudet
1270 2139 1449 2184 adorare

66 2207 249 2251 bestiam
264 2241 275 2262 ,
299 2222 431 2266 quam
449 2206 550 2252 fecit
569 2211 681 2252 Deus
697 2209 941 2265 videntem,
967 2209 1238 2266 audientem,
1265 2210 1449 2256 odoran-

66 2286 177 2332 tem,
209 2286 551 2321 contrectantem
569 2313 579 2333 ,
607 2278 927 2334 ambulantem,
961 2279 1223 2325 clamantem
1244 2281 1290 2325 in
1308 2280 1448 2326 fauci-

65 2348 147 2391 bus
181 2349 287 2402 suis,
323 2346 521 2392 viderent
554 2364 685 2409 quam
718 2349 975 2409 pudendum
1000 2361 1108 2395 esset
1140 2352 1319 2396 adorare
1346 2369 1447 2397 mu-

65 2427 161 2462 tum
181 2452 192 2472 ,
228 2427 271 2461 et
305 2433 452 2463 carens
477 2419 564 2463 vita
599 2435 814 2480 sensuque
842 2420 1145 2479 simulacrum3
1179 2423 1248 2466 cui
1280 2422 1335 2467 ad
1362 2423 1446 2467 hoc

65 2487 223 2531 inesset
244 2487 481 2533 similitudo
502 2490 820 2546 membrorum,
847 2500 897 2535 ut
924 2492 1065 2536 anima
1083 2493 1327 2537 carnalibus
1345 2509 1446 2538 sen-

67 2557 183 2602 sibus
199 2557 345 2605 dedita
359 2593 370 2615 ‚
395 2560 517 2619 quasi
537 2561 700 2606 viventi
715 2570 844 2622 atque
862 2563 1064 2607 animatae
1090 2561 1240 2608 formae
1263 2563 1445 2624 applica-
