1848 3261
308 236 547 265 murmuro
578 239 610 264 11
644 239 689 266 m
720 236 922 266 PsALMUM
954 239 1014 274 CI,
1049 235 1188 266 SERMO
1221 241 1267 266 11.
1431 229 1485 268 55

112 302 230 346 unde
261 303 628 361 interrogaverim.
661 305 758 348 Non
791 317 834 346 se
867 301 1074 347 extollant
1105 303 1296 346 baeretici
1318 339 1329 359 ‚
1365 307 1487 365 quasi

111 372 257 431 exigui
292 371 382 416 dies
413 371 576 416 fuerint
597 372 820 426 Ecclesiae,
845 381 938 416 toto
971 372 1076 416 orbe
1099 371 1270 416 diffusae
1291 392 1300 418 :
1325 377 1424 419 nam
1445 383 1490 420 et

111 457 250 502 usque
271 444 316 485 in
338 443 469 485 finem
491 458 590 486 cum
613 443 712 495 sint,
738 442 880 500 exigui
901 450 1014 485 sunt.
1035 445 1175 494 Quare
1197 442 1341 501 exigui
1363 447 1491 489 sunt?

111 512 323 564 Quoniam
345 511 609 571 quandoque
631 511 810 555 finiendi
832 520 947 555 sunt.
974 512 1090 554 Anni
1112 511 1175 554 ilii
1197 510 1272 571 qui
1296 522 1424 556 erunt
1444 514 1490 558 in

111 582 387 639 generatione
415 582 765 638 generationum,
802 581 847 624 hi
876 580 1077 636 amandi,
1108 582 1153 625 hi
1185 580 1458 626 desiderandi
1476 618 1487 639 ‚

110 652 176 695 his
199 652 503 711 suspirandum
527 672 535 696 :
561 662 738 711 propter
754 653 834 695 hos
859 652 904 695 in
927 653 1092 695 unitate
1115 654 1486 711 permanendum,

109 731 286 781 propter
302 723 381 766 hos
401 722 618 782 quidquid
646 723 949 766 haereticorum
971 721 1073 766 mali
1093 732 1157 767 est
1183 723 1488 779 devitandum,

109 801 286 851 propter
304 793 382 836 hos
404 792 583 851 perditis
605 791 972 851 respondendum,
991 801 1168 851 propter
1189 793 1267 837 hos
1289 793 1488 838 lucrandi

107 863 183 922 qui
202 871 462 916 erraverant,
479 872 522 906 et
538 863 766 907 revocandi
790 864 865 922 qui
886 863 1124 922 perierant:
1145 863 1234 907 illic
1251 863 1382 908 debet
1400 880 1491 909 esse

107 932 386 977 desiderium.
415 932 499 977 Sed
523 942 669 977 tamen
690 943 739 977 ut
760 934 950 977 verbosis
966 969 977 988 ‚
1002 943 1052 977 ut
1074 933 1187 977 male
1209 935 1416 992 garrulis,
1441 945 1493 980 ut

106 1003 380 1048 calumniosis
395 1039 406 1058 ‚
444 1005 768 1049 susurrantibus
784 1040 795 1059 ,
827 1004 1143 1048 detractoribus
1165 1005 1449 1064 respondeam
1477 1026 1487 1052 ε

110 1093 129 1115 α
166 1073 271 1117 Ideo
294 1074 400 1117 mihi
422 1065 632 1118 annuntia
655 1075 933 1132 exiguitatem
956 1074 1125 1118 dierum
1146 1090 1342 1119 meorum
1369 1096 1378 1121 :
1402 1094 1422 1117 »
1448 1086 1491 1121 et

110 1163 130 1185 «
165 1146 228 1188 Ne
250 1159 319 1186 me
340 1159 513 1188 revoces
535 1145 580 1187 in
602 1144 832 1188 dimidium
851 1144 1022 1187 dierum
1044 1160 1264 1198 meorum,
1285 1164 1305 1187 »
1324 1156 1374 1190 ut
1391 1156 1491 1191 ante

105 1228 174 1256 me
202 1212 370 1257 auferas
400 1213 453 1256 de
477 1222 610 1267 terra,
635 1229 768 1273 quam
786 1223 902 1257 totus
931 1214 1047 1257 orbis
1068 1214 1304 1273 Evangelio
1328 1216 1491 1275 replea-

106 1292 177 1327 tur
192 1318 203 1337 ‚
232 1293 383 1327 contra
405 1284 726 1342 responsionem
745 1284 918 1326 Domini
941 1284 1025 1327 mei
1041 1319 1051 1338 ,
1071 1284 1252 1328 dicentis
1275 1304 1284 1330 ε
1306 1304 1326 1327 «
1347 1287 1489 1345 Opor-

107 1372 127 1394 »
165 1363 225 1397 tet
254 1353 479 1412 praedicari
503 1355 586 1398 hoc
610 1353 895 1412 Evangelium
923 1355 967 1396 in
991 1363 1084 1398 toto
1106 1354 1213 1398 orbe
1243 1364 1455 1401 terrarum
1474 1392 1485 1412 ‚

108 1443 126 1464 »
161 1423 207 1466 in
221 1423 513 1468 testimonium
533 1424 735 1468 omnibus
754 1423 970 1481 gentibus,
983 1433 1024 1467 et
1041 1433 1145 1468 tunc
1163 1425 1309 1470 veniet
1323 1426 1484 1470 finis1.»

104 1493 223 1546 Quid
245 1494 299 1536 ad
322 1494 415 1537 haec
433 1529 444 1542 ,
467 1493 652 1538 fratres?
676 1494 808 1538 Plana
830 1503 930 1537 sunt
946 1529 956 1545 ‚
982 1493 1209 1538 manifesta
1227 1504 1329 1539 sunt
1351 1499 1490 1541 :Deus

104 1563 305 1607 fundavit
323 1573 480 1608 terram
500 1600 510 1619 ‚
536 1567 690 1608 scimus
713 1585 722 1609 ε
747 1580 877 1624 opera
899 1581 1109 1608 manuum
1131 1567 1223 1625 ejus
1244 1575 1347 1610 sunt
1369 1567 1483 1611 coeli.

102 1637 165 1679 Ne
193 1635 351 1694 putetis
379 1635 493 1678 enim
522 1636 646 1695 quasi
680 1634 800 1678 aliud
836 1638 974 1679 Deum
1008 1634 1149 1679 facere
1181 1652 1314 1680 manu
1332 1672 1343 1690 ‚
1369 1636 1489 1682 aliud

101 1705 249 1749 verbo.
274 1706 404 1758 Quod
425 1705 528 1749 facit
546 1706 678 1750 verbo
695 1741 704 1759 ,
731 1706 814 1749 hoc
836 1705 939 1749 iacit
964 1721 1098 1749 manu
1119 1725 1127 1750 ε
1150 1722 1239 1749 non
1257 1708 1373 1751 enim
1397 1708 1488 1752 dis-

102 1775 261 1818 tinctus
283 1785 345 1818 est
378 1776 592 1834 corporeis
616 1775 820 1818 membris
837 1810 847 1829 ⁷
874 1775 949 1835 qui
969 1775 1077 1818 dixit
1100 1794 1107 1819 :
1136 1795 1154 1817 «
1181 1778 1274 1834 Ego
1293 1792 1386 1820 sum
1411 1779 1488 1837 qui

103 1862 124 1884 »
159 1859 269 1888 sum.
292 1862 311 1884 »
338 1846 394 1887 Et
417 1843 529 1887 fini-“te
550 1845 734 1888 verbum
751 1846 842 1904 ejus
865 1854 927 1888 est
948 1860 1101 1888 manus
1126 1846 1231 1905 ejus.
1252 1847 1380 1890 Certe
1403 1863 1488 1891 ma-

78 1910 81 1911 ⁷
100 1929 182 1957 nus
204 1915 294 1973 ejus
316 1923 379 1957 est
396 1914 532 1957 virtus
549 1916 654 1974 ejus.
682 1915 791 1967 Quia
810 1916 925 1958 enim
948 1914 1114 1958 dictum
1138 1924 1200 1958 est
1223 1934 1232 1959 ;
1257 1934 1276 1956 «
1302 1916 1399 1959 Fiat
1418 1917 1487 1959 fir-

103 2001 123 2023 »
159 1993 426 2027 mamentum
444 2019 454 2038 ‚
482 1993 524 2027 et
545 1983 709 2027 factum
738 1993 801 2027 est
827 1985 1151 2027 firmamentum
1168 2019 1178 2038 ‚
1207 2002 1228 2025 >›
1258 1985 1393 2029 verbo
1415 1986 1486 2031 in-

99 2053 309 2111 telligitur
330 2052 476 2097 fecisse
499 2073 507 2098 ς
533 2054 634 2112 quia
657 2069 758 2097 vero
788 2053 895 2097 dixit
919 2073 928 2097 :
960 2074 976 2091 «
1005 2054 1231 2098 Faciamus
1260 2056 1485 2100 hominem

103 2142 122 2164 »
158 2123 213 2167 ad
235 2124 466 2182 imaginem
489 2133 531 2168 et
553 2123 879 2168 similitudinem
902 2134 1092 2168 nostram
1109 2128 1141 2178 ᾖ,
1165 2143 1183 2164 »
1212 2125 1336 2185 quasi
1350 2141 1486 2171 manu

98 2193 271 2238 videtur
291 2193 454 2238 fecisse.
472 2194 588 2237 Audi
613 2210 714 2253 ergo
732 2214 740 2239 :
762 2196 933 2254 «Opera
954 2210 1166 2238 manuum
1190 2205 1363 2240 tuarum
1382 2206 1485 2241 sunt

102 2281 122 2304 »
158 2263 272 2307 coeli.
303 2282 322 2304 »
350 2267 461 2308 Ecce
480 2266 600 2323 quod
631 2265 766 2308 verbo
793 2263 917 2319 fecit,
943 2266 1095 2325 utique
1123 2266 1253 2309 etiam
1282 2266 1484 2311 manibus

100 2333 201 2378 fecit
224 2353 232 2378 2
259 2335 360 2393 quia
389 2336 548 2378 virtute
566 2352 664 2390 sua,
690 2336 791 2395 quia
814 2345 1026 2395 potestate
1049 2352 1124 2379 sua
1147 2337 1266 2380 fecit.
1292 2338 1483 2382 Attende

100 2405 243 2463 potius
278 2403 385 2464 quid
418 2405 597 2459 fecerit,
635 2415 676 2449 et
705 2405 794 2449 noli
826 2421 1020 2466 quaerere
1057 2406 1279 2466 quomodo
1313 2406 1477 2452 fecerit.

100 2475 291 2519 Multum
321 2485 385 2519 est
407 2475 461 2519 ad
484 2486 525 2519 te
548 2476 916 2536 comprehendere
937 2478 1159 2537 quomodo
1182 2476 1356 2532 fecerit,
1383 2493 1485 2522 cum

148 2565 156 2581 ¹
179 2559 290 2591 Matth.
316 2570 405 2598 xxiv,
430 2560 542 2599 14.—
565 2568 576 2582 ²
596 2563 674 2592 Gen.
702 2572 723 2598 ι,
742 2561 763 2591 6
782 2566 812 2591 er
833 2561 883 2592 26.
