1848 3261
329 208 412 247 552
766 214 801 244 s.
836 214 1067 245 assensum
1099 215 1280 245 Emscom

326 284 485 344 potes?
506 297 640 343 quare
658 281 732 326 ille
752 284 922 342 potest?
944 296 1078 341 quare
1099 280 1207 324 alter
1228 279 1370 340 potuit
1383 280 1402 321 ‘?
1416 278 1642 339 Numquid
1658 289 1710 324 tu

328 354 553 400 delicatior
570 369 614 398 es
632 353 707 398 illo
722 356 938 398 senatore?
947 351 1160 412 numquid
1179 362 1229 396 tu
1244 352 1456 396 infirmior
1471 367 1514 396 es
1526 351 1618 407 illo,
1635 361 1709 396 aut

325 425 401 469 illo
413 425 457 468 in
477 422 972 483 valetudine?numquid
988 423 1256 467 tuinfirmior
1270 437 1313 466 es
1332 421 1711 465 foeminisYFoemi-

327 511 396 540 nae
414 504 666 554 potuerunt,
683 493 762 537 viri
776 508 863 537 non
875 495 1074 552 possunt?
1089 492 1267 537 Delicati
1282 492 1435 536 divites
1452 501 1706 551 potuerunt,

328 581 540 626 pauperes
554 580 641 609 non
657 565 857 623 possunt?
874 562 955 608 Sed
970 578 1066 621 ego,
1084 563 1242 623 inquit,
1258 562 1447 607 multum
1461 562 1652 622 peccavi,
1669 571 1711 606 et

328 637 519 680 multum
533 644 852 696 peccatorsum.
864 636 1162 678 Numerantur
1173 635 1302 678 etiam
1316 634 1392 693 qui
1404 632 1593 677 multum
1610 648 1712 692 pec-

327 716 553 763 caverunt,
568 715 610 749 et
623 722 674 750 eo
690 705 787 765 plus
800 715 1054 750 amaverunt
1067 720 1155 766 quo
1169 705 1293 764 plura
1308 705 1391 749 illis
1406 704 1577 749 dimissa
1591 713 1707 748 sunt.

329 776 562 832 Quomodo
571 777 735 820 dictum
751 776 864 819 estin
874 774 1123 833 Evangelio:
1135 775 1218 820 Cui
1230 774 1448 819 modicum
1460 774 1710 829 dimittitur,

327 848 551 893 modicum
567 846 722 904 diligit.
748 848 861 890 Cum
879 861 982 904 ergo
1004 843 1167 890 fuerint
1182 845 1263 890 ista
1283 855 1534 890 enumerata
1547 880 1557 900 ,
1583 854 1626 890 et
1642 860 1715 890 no-

328 919 525 963 minatim
545 917 650 961 dicti
670 915 833 961 fuerint
854 916 1049 961 homines
1062 916 1139 977 qui
1162 925 1422 976 potuerunt,
1448 914 1521 959 ille
1540 924 1715 974 accepta

325 990 478 1048 sagitta
500 989 545 1032 in
569 987 721 1042 corde,
743 986 1049 1032 accedentibus
1072 987 1198 1031 etiam
1212 986 1474 1030 carbonibus
1497 984 1716 1030 desolato-

326 1060 418 1115 riis,
460 1058 682 1103 desolatur
710 1059 756 1103 in
777 1057 853 1102 illo
887 1066 1056 1102 terrena
1092 1057 1310 1116 cogitatio.
1343 1057 1460 1110 Quid
1482 1065 1545 1100 est
1566 1057 1682 1101 enim
1701 1092 1713 1113 ,

327 1130 578 1175 desolatur?
599 1129 667 1174 Ad
696 1128 1009 1173 desolationem
1047 1128 1316 1188 perducitur.
1347 1130 1485 1173 Erant
1509 1137 1655 1172 autem
1672 1129 1717 1172 in

326 1199 562 1246 illomulta
578 1216 679 1260 quae
701 1199 814 1244 male
848 1197 1135 1243 fronduerant
1153 1202 1181 1254 ¹,
1207 1199 1357 1244 multae
1381 1189 1572 1244 carnales
1596 1199 1717 1258 cogi-

327 1272 512 1316 tationes
532 1306 543 1326 ,
569 1269 795 1314 saeculares
818 1269 945 1314 multi
969 1284 1135 1314 amores
1161 1285 1170 1311 :
1192 1269 1272 1330 ipsi
1289 1279 1478 1314 uruntur
1516 1269 1719 1314 carboni-

327 1343 408 1386 bus
432 1341 701 1386 desolatoriis
722 1376 733 1395 ,
760 1349 812 1384 ut
846 1341 922 1384 fiat
944 1355 1079 1400 purus
1100 1339 1221 1384 locus
1243 1338 1486 1395 desolatus,
1520 1340 1566 1384 in
1597 1341 1719 1400 cujus

324 1413 409 1457 loci
431 1412 619 1471 puritate
639 1410 772 1455 faciat
794 1412 907 1455 Deus
930 1409 1165 1454 aedificium
1188 1425 1343 1460 suum·‚
1368 1411 1471 1468 quia
1493 1409 1606 1454 facta
1628 1419 1719 1454 erat

325 1483 387 1527 ibi
418 1483 543 1526 ruina
566 1480 751 1534 diaboli,
777 1489 820 1523 et
844 1478 1086 1524 aedificatur
1110 1480 1169 1524 ibi
1195 1480 1391 1524 Christus
1417 1499 1427 1525 ε
1452 1496 1552 1524 nam
1583 1496 1720 1541 quan-

327 1554 404 1599 diu
440 1562 589 1597 manet
623 1553 684 1595 ibi
718 1550 944 1606 diabolus,
979 1566 1068 1596 non
1104 1560 1246 1611 potest
1276 1551 1480 1596 aedificari
1503 1552 1715 1597 Christus.

326 1624 558 1670 Accedunt
588 1622 800 1666 carbones
842 1619 1114 1675 desolatorii,
1140 1630 1183 1666 et
1215 1620 1425 1681 dejiciunt
1462 1622 1582 1682 quod
1606 1621 1720 1666 male

327 1695 471 1740 fuerat
493 1693 756 1738 aedificatum
769 1727 780 1746 ,
797 1701 840 1735 et
863 1689 1058 1737 desolato
1078 1691 1176 1737 loco
1197 1691 1363 1737 accedit
1384 1701 1601 1737 structura
1621 1692 1720 1737 feli-

328 1766 467 1811 citatis
487 1773 724 1825 perpetuae.
751 1761 908 1807 Videte
929 1777 1030 1820 ergo
1050 1797 1060 1815 ,
1085 1776 1220 1822 quare
1240 1762 1344 1807 dicti
1365 1772 1468 1807 sunt
1484 1763 1720 1807 carbones?

331 1836 441 1890 Quia
461 1836 537 1896 qui
559 1850 602 1879 se
623 1841 887 1879 convertunt
907 1831 961 1877 ad
976 1832 1213 1878 Dominum
1235 1867 1247 1887 ,
1271 1831 1326 1877 de
1343 1834 1525 1878 mortuis
1547 1834 1720 1878 revivis-

332 1917 455 1952 cunt.
484 1906 709 1951 Carbones
748 1913 893 1949 autem
921 1903 1098 1964 quando
1131 1903 1456 1960 accenduntur,
1487 1915 1722 1966 antequam

330 1977 695 2031 accenderentur,
732 1974 911 2019 extincti
944 1982 1081 2019 erant.
1115 1976 1225 2020 Nam
1267 1975 1444 2019 extincti
1480 1976 1715 2031 carbones,

331 2048 492 2093 mortui
515 2047 746 2104 dicuntur,
785 2044 986 2090 ardentes
1001 2079 1014 2101 ,
1051 2045 1137 2090 vivi
1172 2044 1461 2105 appellantur.
1508 2046 1719 2106 Exempla

331 2134 435 2178 ergo
447 2116 687 2162 multorum
699 2116 951 2176 iniquorum
966 2115 1057 2176 ,qui
1076 2115 1270 2160 conversi
1281 2125 1383 2161 sunt
1395 2116 1449 2160 ad
1463 2117 1716 2172 Dominum,

332 2189 542 2235 carbones
564 2188 669 2233 dicti
686 2196 801 2232 sunt.
828 2185 964 2232 Audis
985 2187 1182 2232 homines
1199 2186 1366 2242 mirari,
1384 2196 1426 2232 et
1442 2186 1601 2243 dicere,
1624 2190 1719 2247 Ego

330 2259 456 2304 illum
478 2260 606 2313 novi,
639 2273 771 2319 quam
795 2257 988 2303 ebriosus
1009 2256 1116 2314 fuit,
1146 2274 1279 2319 quam
1301 2257 1553 2314 sceleratus,
1578 2259 1719 2320 qualis

331 2340 498 2375 amator
531 2330 633 2376 circi
668 2339 743 2374 aut
767 2330 1094 2391 amphitheatri,
1132 2329 1271 2390 qualis
1306 2327 1530 2374 fraudator
1551 2346 1560 2371 ε
1586 2329 1719 2375 modo

332 2400 554 2462 quomodo
577 2404 666 2445 Deo
690 2400 844 2455 servit,
872 2415 1002 2460 quam
1024 2401 1229 2445 innocens
1250 2398 1391 2444 factus
1413 2401 1496 2444 est!
1518 2400 1615 2446 Noli
1636 2401 1719 2443 mi-

334 2471 442 2522 rari3
468 2471 600 2515 carbo
623 2481 701 2517 est.
727 2472 887 2516 Vivum
914 2469 1099 2530 gaudes,
1134 2485 1265 2530 quem
1289 2471 1525 2516 extinctum
1544 2470 1719 2530 plange-

384 2564 392 2580 ¹
409 2558 486 2589 Luc.
509 2568 563 2599 vu,
582 2556 637 2599 47.
