<?xml version="1.0" encoding="UTF-8"?>
<!DOCTYPE html PUBLIC "-//W3C//DTD XHTML 1.0 Transitional//EN"
    "http://www.w3.org/TR/xhtml1/DTD/xhtml1-transitional.dtd">
<html xmlns="http://www.w3.org/1999/xhtml" xml:lang="en" lang="en">
 <head>
  <title>
</title>
<meta http-equiv="Content-Type" content="text/html;charset=utf-8" />
  <meta name='ocr-system' content='tesseract 3.04.00' />
  <meta name='ocr-capabilities' content='ocr_page ocr_carea ocr_par ocr_line ocrx_word'/>
</head>
<body>
  <div class='ocr_page' id='page_1' title='image "./operaomniaaccura11auguuoft_0177.png"; bbox 0 0 1848 3261; ppageno 0'>
   <div class='ocr_carea' id='block_1_1' title="bbox 287 215 1480 260">
    <p class='ocr_par' dir='ltr' id='par_1_1' title="bbox 287 215 1480 260">
     <span class='ocr_line' id='line_1_1' title="bbox 287 215 1480 260; baseline 0.003 -12"><span class='ocrx_word' id='word_1_1' title='bbox 287 222 527 249; x_wconf 75' lang='lat' dir='ltr'><strong>ENARRATIO</strong></span> <span class='ocrx_word' id='word_1_2' title='bbox 560 225 602 250; x_wconf 79' lang='grc' dir='ltr'><strong>ιν</strong></span> <span class='ocrx_word' id='word_1_3' title='bbox 637 225 680 250; x_wconf 70' lang='lat' dir='ltr'><strong>nv</strong></span> <span class='ocrx_word' id='word_1_4' title='bbox 713 222 913 251; x_wconf 75' lang='lat' dir='ltr'><strong>PsALMUM</strong></span> <span class='ocrx_word' id='word_1_5' title='bbox 945 224 1046 260; x_wconf 82' lang='lat' dir='ltr'><strong>cm,</strong></span> <span class='ocrx_word' id='word_1_6' title='bbox 1080 222 1218 251; x_wconf 72' lang='lat' dir='ltr'><strong>SERMo</strong></span> <span class='ocrx_word' id='word_1_7' title='bbox 1250 227 1309 252; x_wconf 79' lang='grc' dir='ltr'><strong>ιν.</strong></span> <span class='ocrx_word' id='word_1_8' title='bbox 1401 215 1480 252; x_wconf 88' lang='grc'><strong>167</strong></span> 
     </span>
    </p>
   </div>
   <div class='ocr_carea' id='block_1_2' title="bbox 102 285 1490 2534">
    <p class='ocr_par' dir='ltr' id='par_1_2' title="bbox 102 285 1490 2319">
     <span class='ocr_line' id='line_1_2' title="bbox 108 285 1484 348; baseline 0.004 -20"><span class='ocrx_word' id='word_1_9' title='bbox 108 300 253 341; x_wconf 84' lang='lat' dir='ltr'><strong>suum,</strong></span> <span class='ocrx_word' id='word_1_10' title='bbox 282 294 325 329; x_wconf 91' lang='lat' dir='ltr'><strong>et</strong></span> <span class='ocrx_word' id='word_1_11' title='bbox 354 286 410 329; x_wconf 92' lang='lat' dir='ltr'><strong>ad</strong></span> <span class='ocrx_word' id='word_1_12' title='bbox 430 285 581 330; x_wconf 86' lang='lat' dir='ltr'><strong>lumen</strong></span> <span class='ocrx_word' id='word_1_13' title='bbox 605 287 724 331; x_wconf 91' lang='lat' dir='ltr'><strong>unde</strong></span> <span class='ocrx_word' id='word_1_14' title='bbox 749 296 872 341; x_wconf 88' lang='lat' dir='ltr'><strong>sunt,</strong></span> <span class='ocrx_word' id='word_1_15' title='bbox 900 294 942 330; x_wconf 87' lang='lat' dir='ltr'><strong>et</strong></span> <span class='ocrx_word' id='word_1_16' title='bbox 963 285 1018 330; x_wconf 88' lang='lat' dir='ltr'><strong>ad</strong></span> <span class='ocrx_word' id='word_1_17' title='bbox 1040 286 1227 331; x_wconf 85' lang='lat' dir='ltr'><strong>calorem</strong></span> <span class='ocrx_word' id='word_1_18' title='bbox 1249 288 1484 348; x_wconf 85' lang='lat' dir='ltr'>quemdam</span> 
     </span>
     <span class='ocr_line' id='line_1_3' title="bbox 107 355 1483 417; baseline 0.004 -19"><span class='ocrx_word' id='word_1_19' title='bbox 107 355 342 414; x_wconf 88' lang='lat' dir='ltr'><strong>spiritalem</strong></span> <span class='ocrx_word' id='word_1_20' title='bbox 364 356 483 400; x_wconf 90' lang='lat' dir='ltr'><strong>unde</strong></span> <span class='ocrx_word' id='word_1_21' title='bbox 516 356 763 402; x_wconf 88' lang='lat' dir='ltr'><strong>fervescunt</strong></span> <span class='ocrx_word' id='word_1_22' title='bbox 795 376 805 402; x_wconf 78' lang='lat' dir='ltr'><strong><em>z</em></strong></span> <span class='ocrx_word' id='word_1_23' title='bbox 840 365 884 401; x_wconf 87' lang='lat' dir='ltr'><strong>et</strong></span> <span class='ocrx_word' id='word_1_24' title='bbox 914 356 1032 401; x_wconf 82' lang='lat' dir='ltr'><strong>unde</strong></span> <span class='ocrx_word' id='word_1_25' title='bbox 1054 357 1209 401; x_wconf 87' lang='lat' dir='ltr'><strong>remoti</strong></span> <span class='ocrx_word' id='word_1_26' title='bbox 1230 356 1483 417; x_wconf 84' lang='lat' dir='ltr'><strong>frigescunt,</strong></span> 
     </span>
     <span class='ocr_line' id='line_1_4' title="bbox 108 425 1488 488; baseline 0.004 -20"><span class='ocrx_word' id='word_1_27' title='bbox 108 433 151 468; x_wconf 88' lang='lat' dir='ltr'><strong>et</strong></span> <span class='ocrx_word' id='word_1_28' title='bbox 172 425 288 469; x_wconf 93' lang='lat' dir='ltr'><strong>unde</strong></span> <span class='ocrx_word' id='word_1_29' title='bbox 305 425 553 471; x_wconf 80' lang='lat' dir='ltr'><strong>recedentes</strong></span> <span class='ocrx_word' id='word_1_30' title='bbox 570 427 955 482; x_wconf 80' lang='lat' dir='ltr'><strong>contenebrantur,</strong></span> <span class='ocrx_word' id='word_1_31' title='bbox 980 436 1023 472; x_wconf 89' lang='lat' dir='ltr'><strong>et</strong></span> <span class='ocrx_word' id='word_1_32' title='bbox 1044 443 1133 488; x_wconf 93' lang='lat' dir='ltr'><strong>quo</strong></span> <span class='ocrx_word' id='word_1_33' title='bbox 1155 437 1417 473; x_wconf 84' lang='lat' dir='ltr'><strong>revertentes</strong></span> <span class='ocrx_word' id='word_1_34' title='bbox 1437 429 1488 474; x_wconf 90' lang='lat' dir='ltr'><strong>il-</strong></span> 
     </span>
     <span class='ocr_line' id='line_1_5' title="bbox 107 498 1488 559; baseline 0.001 -17"><span class='ocrx_word' id='word_1_35' title='bbox 107 498 404 543; x_wconf 89' lang='lat' dir='ltr'><strong>luminantur:</strong></span> <span class='ocrx_word' id='word_1_36' title='bbox 430 508 473 542; x_wconf 90' lang='lat' dir='ltr'><strong>et</strong></span> <span class='ocrx_word' id='word_1_37' title='bbox 495 499 597 559; x_wconf 85' lang='lat' dir='ltr'><strong>quia</strong></span> <span class='ocrx_word' id='word_1_38' title='bbox 627 500 698 558; x_wconf 91' lang='lat' dir='ltr'><strong>pie</strong></span> <span class='ocrx_word' id='word_1_39' title='bbox 725 498 786 543; x_wconf 87' lang='lat' dir='ltr'><strong>illi</strong></span> <span class='ocrx_word' id='word_1_40' title='bbox 818 499 1046 555; x_wconf 88' lang='lat' dir='ltr'><strong>dixerunt,</strong></span> <span class='ocrx_word' id='word_1_41' title='bbox 1088 518 1107 542; x_wconf 86' lang='lat'>«</span> <span class='ocrx_word' id='word_1_42' title='bbox 1134 502 1200 543; x_wconf 91' lang='lat' dir='ltr'><strong>Tu</strong></span> <span class='ocrx_word' id='word_1_43' title='bbox 1221 498 1488 544; x_wconf 82' lang='lat' dir='ltr'><strong>illuminabis</strong></span> 
     </span>
     <span class='ocr_line' id='line_1_6' title="bbox 111 568 1489 624; baseline 0.001 -13"><span class='ocrx_word' id='word_1_44' title='bbox 111 589 129 609; x_wconf 91' lang='lat'>»</span> <span class='ocrx_word' id='word_1_45' title='bbox 164 568 387 613; x_wconf 86' lang='lat' dir='ltr'><strong>lucernam</strong></span> <span class='ocrx_word' id='word_1_46' title='bbox 411 585 568 623; x_wconf 89' lang='lat' dir='ltr'><strong>meam,</strong></span> <span class='ocrx_word' id='word_1_47' title='bbox 586 569 782 624; x_wconf 81' lang='lat' dir='ltr'><strong>Domine,</strong></span> <span class='ocrx_word' id='word_1_48' title='bbox 807 572 919 613; x_wconf 89' lang='lat' dir='ltr'><strong>Deus</strong></span> <span class='ocrx_word' id='word_1_49' title='bbox 942 585 1063 613; x_wconf 87' lang='lat' dir='ltr'><strong>meus</strong></span> <span class='ocrx_word' id='word_1_50' title='bbox 1083 569 1346 614; x_wconf 77' lang='lat' dir='ltr'><strong>illuminabis</strong></span> <span class='ocrx_word' id='word_1_51' title='bbox 1364 578 1489 614; x_wconf 86' lang='lat' dir='ltr'><strong>tene-</strong></span> 
     </span>
     <span class='ocr_line' id='line_1_7' title="bbox 109 639 1488 700; baseline 0.004 -21"><span class='ocrx_word' id='word_1_52' title='bbox 109 656 131 679; x_wconf 92' lang='lat'>»</span> <span class='ocrx_word' id='word_1_53' title='bbox 166 639 262 682; x_wconf 89' lang='lat' dir='ltr'><strong>bras</strong></span> <span class='ocrx_word' id='word_1_54' title='bbox 276 654 391 682; x_wconf 88' lang='lat' dir='ltr'><strong>meas</strong></span> <span class='ocrx_word' id='word_1_55' title='bbox 407 642 444 697; x_wconf 75' lang='lat'><strong>¹3</strong></span> <span class='ocrx_word' id='word_1_56' title='bbox 467 657 487 680; x_wconf 88' lang='lat'>»</span> <span class='ocrx_word' id='word_1_57' title='bbox 513 639 712 683; x_wconf 84' lang='lat' dir='ltr'><strong>discussis</strong></span> <span class='ocrx_word' id='word_1_58' title='bbox 733 639 922 683; x_wconf 88' lang='lat' dir='ltr'><strong>tenebris</strong></span> <span class='ocrx_word' id='word_1_59' title='bbox 942 649 1125 683; x_wconf 83' lang='lat' dir='ltr'><strong>terrenae</strong></span> <span class='ocrx_word' id='word_1_60' title='bbox 1147 639 1359 695; x_wconf 84' lang='lat' dir='ltr'><strong>stultitiae,</strong></span> <span class='ocrx_word' id='word_1_61' title='bbox 1385 655 1488 700; x_wconf 87' lang='lat' dir='ltr'><strong>ape-</strong></span> 
     </span>
     <span class='ocr_line' id='line_1_8' title="bbox 105 710 1489 770; baseline 0.001 -17"><span class='ocrx_word' id='word_1_62' title='bbox 105 710 264 754; x_wconf 88' lang='lat' dir='ltr'><strong>rientes</strong></span> <span class='ocrx_word' id='word_1_63' title='bbox 283 726 328 754; x_wconf 89' lang='lat' dir='ltr'><strong>os</strong></span> <span class='ocrx_word' id='word_1_64' title='bbox 351 720 395 754; x_wconf 84' lang='lat' dir='ltr'><strong>et</strong></span> <span class='ocrx_word' id='word_1_65' title='bbox 413 711 622 755; x_wconf 81' lang='lat' dir='ltr'><strong>ducentes</strong></span> <span class='ocrx_word' id='word_1_66' title='bbox 645 711 860 770; x_wconf 81' lang='lat' dir='ltr'><strong>spiritum,</strong></span> <span class='ocrx_word' id='word_1_67' title='bbox 882 711 1071 769; x_wconf 83' lang='lat' dir='ltr'><strong>erigunt,</strong></span> <span class='ocrx_word' id='word_1_68' title='bbox 1095 720 1145 755; x_wconf 89' lang='lat' dir='ltr'><strong>ut</strong></span> <span class='ocrx_word' id='word_1_69' title='bbox 1158 710 1263 767; x_wconf 82' lang='lat' dir='ltr'><strong>dixi,</strong></span> <span class='ocrx_word' id='word_1_70' title='bbox 1281 710 1489 755; x_wconf 85' lang='lat' dir='ltr'><strong>fidentem</strong></span> 
     </span>
     <span class='ocr_line' id='line_1_9' title="bbox 106 780 1490 841; baseline 0.001 -17"><span class='ocrx_word' id='word_1_71' title='bbox 106 780 284 825; x_wconf 88' lang='lat' dir='ltr'><strong>oculum</strong></span> <span class='ocrx_word' id='word_1_72' title='bbox 307 780 474 838; x_wconf 80' lang='lat' dir='ltr'><strong>cordis3</strong></span> <span class='ocrx_word' id='word_1_73' title='bbox 495 791 537 825; x_wconf 89' lang='lat' dir='ltr'><strong>et</strong></span> <span class='ocrx_word' id='word_1_74' title='bbox 555 781 908 841; x_wconf 87' lang='lat' dir='ltr'><strong>circumspiciunt</strong></span> <span class='ocrx_word' id='word_1_75' title='bbox 930 790 1076 825; x_wconf 90' lang='lat' dir='ltr'><strong>mente</strong></span> <span class='ocrx_word' id='word_1_76' title='bbox 1093 781 1342 825; x_wconf 88' lang='lat' dir='ltr'><strong>universum</strong></span> <span class='ocrx_word' id='word_1_77' title='bbox 1359 798 1490 826; x_wconf 86' lang='lat' dir='ltr'><strong>mun-</strong></span> 
     </span>
     <span class='ocr_line' id='line_1_10' title="bbox 108 852 1490 912; baseline 0.001 -16"><span class='ocrx_word' id='word_1_78' title='bbox 108 853 232 907; x_wconf 90' lang='lat' dir='ltr'><strong>dum,</strong></span> <span class='ocrx_word' id='word_1_79' title='bbox 257 861 434 904; x_wconf 80' lang='lat' dir='ltr'><strong>terram,</strong></span> <span class='ocrx_word' id='word_1_80' title='bbox 458 867 575 895; x_wconf 83' lang='lat' dir='ltr'><strong>mare</strong></span> <span class='ocrx_word' id='word_1_81' title='bbox 593 861 636 895; x_wconf 93' lang='lat' dir='ltr'><strong>et</strong></span> <span class='ocrx_word' id='word_1_82' title='bbox 653 852 832 907; x_wconf 89' lang='lat' dir='ltr'><strong>coelum,</strong></span> <span class='ocrx_word' id='word_1_83' title='bbox 858 861 900 895; x_wconf 91' lang='lat' dir='ltr'><strong>et</strong></span> <span class='ocrx_word' id='word_1_84' title='bbox 918 852 1115 896; x_wconf 86' lang='lat' dir='ltr'><strong>videntes</strong></span> <span class='ocrx_word' id='word_1_85' title='bbox 1141 853 1284 897; x_wconf 90' lang='lat' dir='ltr'><strong>omnia</strong></span> <span class='ocrx_word' id='word_1_86' title='bbox 1308 852 1490 912; x_wconf 86' lang='lat' dir='ltr'><strong>pulchre</strong></span> 
     </span>
     <span class='ocr_line' id='line_1_11' title="bbox 106 921 1490 982; baseline 0.001 -16"><span class='ocrx_word' id='word_1_87' title='bbox 106 922 307 982; x_wconf 79' lang='lat' dir='ltr'><strong>disposita</strong></span> <span class='ocrx_word' id='word_1_88' title='bbox 325 958 336 978; x_wconf 84' lang='lat'><strong>,</strong></span> <span class='ocrx_word' id='word_1_89' title='bbox 363 923 561 967; x_wconf 89' lang='lat' dir='ltr'><strong>ordinata</strong></span> <span class='ocrx_word' id='word_1_90' title='bbox 583 938 778 977; x_wconf 83' lang='lat' dir='ltr'><strong>currere,</strong></span> <span class='ocrx_word' id='word_1_91' title='bbox 803 922 941 981; x_wconf 85' lang='lat' dir='ltr'><strong>digeri</strong></span> <span class='ocrx_word' id='word_1_92' title='bbox 965 922 1194 981; x_wconf 81' lang='lat' dir='ltr'><strong>generibus</strong></span> <span class='ocrx_word' id='word_1_93' title='bbox 1210 958 1220 977; x_wconf 81' lang='lat'><strong>,</strong></span> <span class='ocrx_word' id='word_1_94' title='bbox 1248 921 1391 967; x_wconf 84' lang='lat' dir='ltr'><strong>fulciri</strong></span> <span class='ocrx_word' id='word_1_95' title='bbox 1422 939 1490 967; x_wconf 91' lang='lat' dir='ltr'><strong>se-</strong></span> 
     </span>
     <span class='ocr_line' id='line_1_12' title="bbox 105 992 1490 1053; baseline 0.002 -18"><span class='ocrx_word' id='word_1_96' title='bbox 105 992 311 1047; x_wconf 89' lang='lat' dir='ltr'><strong>minibus,</strong></span> <span class='ocrx_word' id='word_1_97' title='bbox 332 993 490 1036; x_wconf 87' lang='lat' dir='ltr'><strong>mutari</strong></span> <span class='ocrx_word' id='word_1_98' title='bbox 512 993 870 1047; x_wconf 85' lang='lat' dir='ltr'><strong>successionibus,</strong></span> <span class='ocrx_word' id='word_1_99' title='bbox 900 1007 1072 1036; x_wconf 89' lang='lat' dir='ltr'><strong>currere</strong></span> <span class='ocrx_word' id='word_1_100' title='bbox 1093 993 1376 1052; x_wconf 87' lang='lat' dir='ltr'><strong>temporibus,</strong></span> <span class='ocrx_word' id='word_1_101' title='bbox 1393 993 1490 1053; x_wconf 91' lang='lat' dir='ltr'><strong>pla-</strong></span> 
     </span>
     <span class='ocr_line' id='line_1_13' title="bbox 105 1061 1486 1122; baseline 0.001 -17"><span class='ocrx_word' id='word_1_102' title='bbox 105 1071 173 1106; x_wconf 89' lang='lat' dir='ltr'><strong>cet</strong></span> <span class='ocrx_word' id='word_1_103' title='bbox 190 1063 249 1106; x_wconf 86' lang='lat' dir='ltr'><strong>eis</strong></span> <span class='ocrx_word' id='word_1_104' title='bbox 270 1063 317 1106; x_wconf 92' lang='lat' dir='ltr'><strong>in</strong></span> <span class='ocrx_word' id='word_1_105' title='bbox 338 1063 401 1107; x_wconf 89' lang='lat' dir='ltr'><strong>his</strong></span> <span class='ocrx_word' id='word_1_106' title='bbox 418 1061 585 1117; x_wconf 80' lang='lat' dir='ltr'><strong>artifex,</strong></span> <span class='ocrx_word' id='word_1_107' title='bbox 613 1072 661 1106; x_wconf 93' lang='lat' dir='ltr'><strong>ut</strong></span> <span class='ocrx_word' id='word_1_108' title='bbox 678 1072 720 1106; x_wconf 88' lang='lat' dir='ltr'><strong>et</strong></span> <span class='ocrx_word' id='word_1_109' title='bbox 740 1063 819 1121; x_wconf 87' lang='lat' dir='ltr'><strong>ipsi</strong></span> <span class='ocrx_word' id='word_1_110' title='bbox 842 1062 1042 1121; x_wconf 86' lang='lat' dir='ltr'><strong>placeant</strong></span> <span class='ocrx_word' id='word_1_111' title='bbox 1055 1063 1100 1106; x_wconf 93' lang='lat' dir='ltr'><strong>in</strong></span> <span class='ocrx_word' id='word_1_112' title='bbox 1115 1062 1295 1107; x_wconf 87' lang='lat' dir='ltr'><strong>artificio</strong></span> <span class='ocrx_word' id='word_1_113' title='bbox 1309 1064 1460 1108; x_wconf 85' lang='lat' dir='ltr'><strong>artifici</strong></span> <span class='ocrx_word' id='word_1_114' title='bbox 1475 1084 1486 1122; x_wconf 80' lang='lat'><em>3</em></span> 
     </span>
     <span class='ocr_line' id='line_1_14' title="bbox 105 1132 1489 1193; baseline 0.002 -18"><span class='ocrx_word' id='word_1_115' title='bbox 105 1141 145 1176; x_wconf 90' lang='lat' dir='ltr'><strong>et</strong></span> <span class='ocrx_word' id='word_1_116' title='bbox 167 1132 408 1177; x_wconf 86' lang='lat' dir='ltr'><strong>exclamant</strong></span> <span class='ocrx_word' id='word_1_117' title='bbox 428 1149 518 1192; x_wconf 83' lang='lat' dir='ltr'><strong>prae</strong></span> <span class='ocrx_word' id='word_1_118' title='bbox 551 1148 707 1191; x_wconf 79' lang='lat' dir='ltr'><strong>magno</strong></span> <span class='ocrx_word' id='word_1_119' title='bbox 731 1133 911 1192; x_wconf 83' lang='lat' dir='ltr'><strong>gaudio,</strong></span> <span class='ocrx_word' id='word_1_120' title='bbox 947 1133 1048 1193; x_wconf 90' lang='lat' dir='ltr'><strong>quia</strong></span> <span class='ocrx_word' id='word_1_121' title='bbox 1070 1148 1170 1178; x_wconf 83' lang='lat' dir='ltr'><strong>vere</strong></span> <span class='ocrx_word' id='word_1_122' title='bbox 1197 1134 1299 1178; x_wconf 90' lang='lat' dir='ltr'><strong>huic</strong></span> <span class='ocrx_word' id='word_1_123' title='bbox 1327 1134 1489 1178; x_wconf 84' lang='lat' dir='ltr'><strong>laetitiae</strong></span> 
     </span>
     <span class='ocr_line' id='line_1_15' title="bbox 104 1203 1489 1265; baseline 0.002 -18"><span class='ocrx_word' id='word_1_124' title='bbox 104 1203 213 1247; x_wconf 87' lang='lat' dir='ltr'><strong>nihil</strong></span> <span class='ocrx_word' id='word_1_125' title='bbox 236 1205 477 1263; x_wconf 85' lang='lat' dir='ltr'><strong>comparari</strong></span> <span class='ocrx_word' id='word_1_126' title='bbox 505 1213 677 1263; x_wconf 83' lang='lat' dir='ltr'><strong>potest,</strong></span> <span class='ocrx_word' id='word_1_127' title='bbox 707 1224 727 1246; x_wconf 88' lang='lat'>«</span> <span class='ocrx_word' id='word_1_128' title='bbox 753 1207 894 1257; x_wconf 82' lang='lat' dir='ltr'><strong>Quam</strong></span> <span class='ocrx_word' id='word_1_129' title='bbox 928 1205 1201 1263; x_wconf 79' lang='lat' dir='ltr'><strong>magnificata</strong></span> <span class='ocrx_word' id='word_1_130' title='bbox 1229 1214 1331 1249; x_wconf 88' lang='lat' dir='ltr'><strong>sunt</strong></span> <span class='ocrx_word' id='word_1_131' title='bbox 1357 1221 1489 1265; x_wconf 85' lang='lat' dir='ltr'><strong>opera</strong></span> 
     </span>
     <span class='ocr_line' id='line_1_16' title="bbox 106 1274 1490 1337; baseline 0.005 -23"><span class='ocrx_word' id='word_1_132' title='bbox 106 1292 126 1315; x_wconf 84' lang='lat'>»</span> <span class='ocrx_word' id='word_1_133' title='bbox 167 1283 258 1329; x_wconf 81' lang='lat' dir='ltr'><strong>tua,</strong></span> <span class='ocrx_word' id='word_1_134' title='bbox 283 1275 490 1319; x_wconf 80' lang='lat' dir='ltr'><strong>Domine!</strong></span> <span class='ocrx_word' id='word_1_135' title='bbox 516 1275 732 1319; x_wconf 87' lang='lat' dir='ltr'><strong>Omniain</strong></span> <span class='ocrx_word' id='word_1_136' title='bbox 754 1275 961 1333; x_wconf 81' lang='lat' dir='ltr'><strong>sapientia</strong></span> <span class='ocrx_word' id='word_1_137' title='bbox 984 1274 1135 1319; x_wconf 81' lang='lat' dir='ltr'><strong>fecisti.</strong></span> <span class='ocrx_word' id='word_1_138' title='bbox 1165 1294 1184 1316; x_wconf 86' lang='lat'>»</span> <span class='ocrx_word' id='word_1_139' title='bbox 1210 1276 1294 1320; x_wconf 90' lang='lat' dir='ltr'><strong>Ubi</strong></span> <span class='ocrx_word' id='word_1_140' title='bbox 1316 1286 1379 1320; x_wconf 91' lang='lat' dir='ltr'><strong>est</strong></span> <span class='ocrx_word' id='word_1_141' title='bbox 1399 1278 1490 1337; x_wconf 91' lang='lat' dir='ltr'><strong>ipsa</strong></span> 
     </span>
     <span class='ocr_line' id='line_1_17' title="bbox 105 1343 1487 1408; baseline 0.003 -20"><span class='ocrx_word' id='word_1_142' title='bbox 105 1344 329 1403; x_wconf 79' lang='lat' dir='ltr'><strong>sapientia,</strong></span> <span class='ocrx_word' id='word_1_143' title='bbox 347 1344 389 1387; x_wconf 92' lang='lat' dir='ltr'><strong>in</strong></span> <span class='ocrx_word' id='word_1_144' title='bbox 414 1361 502 1404; x_wconf 88' lang='lat' dir='ltr'><strong>qua</strong></span> <span class='ocrx_word' id='word_1_145' title='bbox 524 1345 669 1388; x_wconf 89' lang='lat' dir='ltr'><strong>omnia</strong></span> <span class='ocrx_word' id='word_1_146' title='bbox 690 1343 858 1389; x_wconf 79' lang='lat' dir='ltr'><strong>fecisti?</strong></span> <span class='ocrx_word' id='word_1_147' title='bbox 876 1361 963 1404; x_wconf 90' lang='lat' dir='ltr'><strong>quo</strong></span> <span class='ocrx_word' id='word_1_148' title='bbox 981 1361 1108 1389; x_wconf 89' lang='lat' dir='ltr'><strong>sensu</strong></span> <span class='ocrx_word' id='word_1_149' title='bbox 1122 1346 1377 1405; x_wconf 81' lang='lat' dir='ltr'><strong>attingitur?</strong></span> <span class='ocrx_word' id='word_1_150' title='bbox 1398 1364 1487 1408; x_wconf 89' lang='lat' dir='ltr'><strong>quo</strong></span> 
     </span>
     <span class='ocr_line' id='line_1_18' title="bbox 104 1414 1486 1477; baseline 0.002 -18"><span class='ocrx_word' id='word_1_151' title='bbox 104 1414 232 1459; x_wconf 89' lang='lat' dir='ltr'><strong>oculo</strong></span> <span class='ocrx_word' id='word_1_152' title='bbox 263 1415 466 1458; x_wconf 77' lang='lat' dir='ltr'><strong>videtur?</strong></span> <span class='ocrx_word' id='word_1_153' title='bbox 502 1431 590 1475; x_wconf 88' lang='lat' dir='ltr'><strong>quo</strong></span> <span class='ocrx_word' id='word_1_154' title='bbox 618 1414 763 1459; x_wconf 88' lang='lat' dir='ltr'><strong>studio</strong></span> <span class='ocrx_word' id='word_1_155' title='bbox 790 1415 1028 1475; x_wconf 80' lang='lat' dir='ltr'><strong>quaeritur?</strong></span> <span class='ocrx_word' id='word_1_156' title='bbox 1051 1432 1139 1476; x_wconf 88' lang='lat' dir='ltr'><strong>quo</strong></span> <span class='ocrx_word' id='word_1_157' title='bbox 1161 1418 1315 1462; x_wconf 88' lang='lat' dir='ltr'><strong>merito</strong></span> <span class='ocrx_word' id='word_1_158' title='bbox 1346 1418 1486 1477; x_wconf 88' lang='lat' dir='ltr'><strong>possi-</strong></span> 
     </span>
     <span class='ocr_line' id='line_1_19' title="bbox 104 1487 1484 1545; baseline 0.002 -15"><span class='ocrx_word' id='word_1_159' title='bbox 104 1487 258 1530; x_wconf 78' lang='lat' dir='ltr'><strong>detur?</strong></span> <span class='ocrx_word' id='word_1_160' title='bbox 280 1490 374 1538; x_wconf 87' lang='lat' dir='ltr'><strong>Quo</strong></span> <span class='ocrx_word' id='word_1_161' title='bbox 391 1488 568 1545; x_wconf 82' lang='lat' dir='ltr'><strong>putatis,</strong></span> <span class='ocrx_word' id='word_1_162' title='bbox 597 1487 675 1529; x_wconf 82' lang='lat' dir='ltr'><strong>nisi</strong></span> <span class='ocrx_word' id='word_1_163' title='bbox 696 1487 830 1545; x_wconf 76' lang='lat' dir='ltr'><strong>gratia</strong></span> <span class='ocrx_word' id='word_1_164' title='bbox 854 1489 957 1530; x_wconf 75' lang='lat' dir='ltr'><strong>sua?</strong></span> <span class='ocrx_word' id='word_1_165' title='bbox 975 1487 1057 1539; x_wconf 84' lang='lat' dir='ltr'><strong>Qui</strong></span> <span class='ocrx_word' id='word_1_166' title='bbox 1079 1487 1257 1532; x_wconf 87' lang='lat' dir='ltr'><strong>donavit</strong></span> <span class='ocrx_word' id='word_1_167' title='bbox 1272 1498 1322 1532; x_wconf 90' lang='lat' dir='ltr'><strong>ut</strong></span> <span class='ocrx_word' id='word_1_168' title='bbox 1336 1490 1484 1545; x_wconf 90' lang='lat' dir='ltr'><strong>simus,</strong></span> 
     </span>
     <span class='ocr_line' id='line_1_20' title="bbox 103 1556 1486 1619; baseline 0.003 -19"><span class='ocrx_word' id='word_1_169' title='bbox 103 1556 237 1601; x_wconf 91' lang='lat' dir='ltr'><strong>donat</strong></span> <span class='ocrx_word' id='word_1_170' title='bbox 253 1556 422 1600; x_wconf 86' lang='lat' dir='ltr'><strong>utboni</strong></span> <span class='ocrx_word' id='word_1_171' title='bbox 444 1557 590 1600; x_wconf 87' lang='lat' dir='ltr'><strong>simus.</strong></span> <span class='ocrx_word' id='word_1_172' title='bbox 611 1557 995 1607; x_wconf 79' lang='lat' dir='ltr'><strong>Donatconversis,</strong></span> <span class='ocrx_word' id='word_1_173' title='bbox 1019 1557 1093 1617; x_wconf 89' lang='lat' dir='ltr'><strong>qui</strong></span> <span class='ocrx_word' id='word_1_174' title='bbox 1119 1567 1354 1619; x_wconf 89' lang='lat' dir='ltr'><strong>antequam</strong></span> <span class='ocrx_word' id='word_1_175' title='bbox 1377 1575 1486 1604; x_wconf 91' lang='lat' dir='ltr'><strong>con-</strong></span> 
     </span>
     <span class='ocr_line' id='line_1_21' title="bbox 103 1627 1488 1690; baseline 0.002 -20"><span class='ocrx_word' id='word_1_176' title='bbox 103 1635 390 1675; x_wconf 72' lang='lat' dir='ltr'><strong>verterentur,</strong></span> <span class='ocrx_word' id='word_1_177' title='bbox 408 1635 564 1670; x_wconf 79' lang='lat' dir='ltr'><strong>etcum</strong></span> <span class='ocrx_word' id='word_1_178' title='bbox 580 1627 713 1670; x_wconf 89' lang='lat' dir='ltr'><strong>aversi</strong></span> <span class='ocrx_word' id='word_1_179' title='bbox 729 1628 842 1671; x_wconf 87' lang='lat' dir='ltr'><strong>irent</strong></span> <span class='ocrx_word' id='word_1_180' title='bbox 857 1636 953 1686; x_wconf 87' lang='lat' dir='ltr'><strong>post</strong></span> <span class='ocrx_word' id='word_1_181' title='bbox 970 1627 1058 1671; x_wconf 90' lang='lat' dir='ltr'><strong>vias</strong></span> <span class='ocrx_word' id='word_1_182' title='bbox 1076 1643 1188 1683; x_wconf 85' lang='lat' dir='ltr'><strong>suaS,</strong></span> <span class='ocrx_word' id='word_1_183' title='bbox 1209 1644 1355 1673; x_wconf 90' lang='lat' dir='ltr'><strong>nonne</strong></span> <span class='ocrx_word' id='word_1_184' title='bbox 1370 1646 1488 1690; x_wconf 75' lang='lat' dir='ltr'><strong>quse-</strong></span> 
     </span>
     <span class='ocr_line' id='line_1_22' title="bbox 105 1695 1486 1745; baseline 0.003 -4"><span class='ocrx_word' id='word_1_185' title='bbox 105 1697 202 1741; x_wconf 82' lang='lat' dir='ltr'><strong>sivit</strong></span> <span class='ocrx_word' id='word_1_186' title='bbox 226 1698 326 1741; x_wconf 76' lang='lat' dir='ltr'><strong>eos?</strong></span> <span class='ocrx_word' id='word_1_187' title='bbox 348 1712 494 1741; x_wconf 88' lang='lat' dir='ltr'><strong>nonne</strong></span> <span class='ocrx_word' id='word_1_188' title='bbox 517 1695 768 1740; x_wconf 76' lang='lat' dir='ltr'><strong>descendit?</strong></span> <span class='ocrx_word' id='word_1_189' title='bbox 790 1712 936 1741; x_wconf 90' lang='lat' dir='ltr'><strong>nonne</strong></span> <span class='ocrx_word' id='word_1_190' title='bbox 963 1698 1157 1741; x_wconf 86' lang='lat' dir='ltr'><strong>Verbum</strong></span> <span class='ocrx_word' id='word_1_191' title='bbox 1191 1714 1290 1743; x_wconf 88' lang='lat' dir='ltr'><strong>caro</strong></span> <span class='ocrx_word' id='word_1_192' title='bbox 1322 1698 1486 1745; x_wconf 85' lang='lat' dir='ltr'><strong>factum</strong></span> 
     </span>
     <span class='ocr_line' id='line_1_23' title="bbox 104 1767 1488 1821; baseline 0.003 -10"><span class='ocrx_word' id='word_1_193' title='bbox 104 1776 183 1821; x_wconf 88' lang='lat' dir='ltr'><strong>est,</strong></span> <span class='ocrx_word' id='word_1_194' title='bbox 204 1777 246 1811; x_wconf 90' lang='lat' dir='ltr'><strong>et</strong></span> <span class='ocrx_word' id='word_1_195' title='bbox 272 1767 542 1812; x_wconf 83' lang='lat' dir='ltr'><strong>habitavitin</strong></span> <span class='ocrx_word' id='word_1_196' title='bbox 568 1768 742 1811; x_wconf 64' lang='lat' dir='ltr'><strong>nobis‘2‘?</strong></span> <span class='ocrx_word' id='word_1_197' title='bbox 765 1784 912 1812; x_wconf 86' lang='lat' dir='ltr'><strong>nonne</strong></span> <span class='ocrx_word' id='word_1_198' title='bbox 940 1767 1135 1811; x_wconf 84' lang='lat' dir='ltr'><strong>accendit</strong></span> <span class='ocrx_word' id='word_1_199' title='bbox 1155 1767 1378 1814; x_wconf 89' lang='lat' dir='ltr'><strong>lucernam</strong></span> <span class='ocrx_word' id='word_1_200' title='bbox 1393 1787 1488 1815; x_wconf 86' lang='lat' dir='ltr'><strong>car-</strong></span> 
     </span>
     <span class='ocr_line' id='line_1_24' title="bbox 105 1837 1488 1898; baseline 0.004 -18"><span class='ocrx_word' id='word_1_201' title='bbox 105 1838 171 1881; x_wconf 91' lang='lat' dir='ltr'><strong>nis</strong></span> <span class='ocrx_word' id='word_1_202' title='bbox 201 1853 317 1892; x_wconf 85' lang='lat' dir='ltr'><strong>suae,</strong></span> <span class='ocrx_word' id='word_1_203' title='bbox 351 1839 454 1881; x_wconf 86' lang='lat' dir='ltr'><strong>dum</strong></span> <span class='ocrx_word' id='word_1_204' title='bbox 493 1837 702 1896; x_wconf 82' lang='lat' dir='ltr'><strong>penderet</strong></span> <span class='ocrx_word' id='word_1_205' title='bbox 730 1838 772 1880; x_wconf 90' lang='lat' dir='ltr'><strong>in</strong></span> <span class='ocrx_word' id='word_1_206' title='bbox 801 1853 944 1891; x_wconf 77' lang='lat' dir='ltr'><strong>cruce,</strong></span> <span class='ocrx_word' id='word_1_207' title='bbox 978 1847 1021 1881; x_wconf 89' lang='lat' dir='ltr'><strong>et</strong></span> <span class='ocrx_word' id='word_1_208' title='bbox 1048 1839 1246 1898; x_wconf 70' lang='lat' dir='ltr'><strong>quaesivit</strong></span> <span class='ocrx_word' id='word_1_209' title='bbox 1273 1840 1488 1898; x_wconf 88' lang='lat' dir='ltr'><strong>perditam</strong></span> 
     </span>
     <span class='ocr_line' id='line_1_25' title="bbox 105 1907 1484 1967; baseline 0.004 -17"><span class='ocrx_word' id='word_1_210' title='bbox 105 1907 357 1951; x_wconf 77' lang='lat' dir='ltr'><strong>drachmam</strong></span> <span class='ocrx_word' id='word_1_211' title='bbox 370 1909 384 1933; x_wconf 72' lang='grc'><strong>3</strong></span> <span class='ocrx_word' id='word_1_212' title='bbox 399 1909 416 1948; x_wconf 72' lang='grc' dir='ltr'>Ϋ</span> <span class='ocrx_word' id='word_1_213' title='bbox 430 1908 653 1961; x_wconf 76' lang='lat' dir='ltr'><strong>Quaesivit,</strong></span> <span class='ocrx_word' id='word_1_214' title='bbox 671 1915 712 1950; x_wconf 91' lang='lat' dir='ltr'><strong>et</strong></span> <span class='ocrx_word' id='word_1_215' title='bbox 724 1907 889 1951; x_wconf 88' lang='lat' dir='ltr'><strong>invenit</strong></span> <span class='ocrx_word' id='word_1_216' title='bbox 901 1907 1051 1952; x_wconf 88' lang='lat' dir='ltr'><strong>vicinis</strong></span> <span class='ocrx_word' id='word_1_217' title='bbox 1065 1910 1484 1967; x_wconf 86' lang='lat' dir='ltr'><strong>congratulantibus,</strong></span> 
     </span>
     <span class='ocr_line' id='line_1_26' title="bbox 103 1977 1482 2041; baseline 0.004 -20"><span class='ocrx_word' id='word_1_218' title='bbox 103 1977 148 2022; x_wconf 90' lang='lat' dir='ltr'><strong>id</strong></span> <span class='ocrx_word' id='word_1_219' title='bbox 171 1988 249 2033; x_wconf 85' lang='lat' dir='ltr'><strong>est,</strong></span> <span class='ocrx_word' id='word_1_220' title='bbox 274 1978 392 2022; x_wconf 87' lang='lat' dir='ltr'><strong>omni</strong></span> <span class='ocrx_word' id='word_1_221' title='bbox 410 1988 604 2022; x_wconf 81' lang='lat' dir='ltr'><strong>creatura</strong></span> <span class='ocrx_word' id='word_1_222' title='bbox 624 1977 801 2037; x_wconf 79' lang='lat' dir='ltr'><strong>spiritali</strong></span> <span class='ocrx_word' id='word_1_223' title='bbox 818 1994 916 2037; x_wconf 77' lang='lat' dir='ltr'><strong>quae</strong></span> <span class='ocrx_word' id='word_1_224' title='bbox 933 1984 1065 2022; x_wconf 85' lang='lat' dir='ltr'><strong>Deum</strong></span> <span class='ocrx_word' id='word_1_225' title='bbox 1085 1980 1276 2038; x_wconf 85' lang='lat' dir='ltr'><strong>proxime</strong></span> <span class='ocrx_word' id='word_1_226' title='bbox 1295 1982 1482 2041; x_wconf 81' lang='lat' dir='ltr'><strong>attingit.</strong></span> 
     </span>
     <span class='ocr_line' id='line_1_27' title="bbox 104 2048 1487 2107; baseline 0.004 -16"><span class='ocrx_word' id='word_1_227' title='bbox 104 2049 266 2092; x_wconf 85' lang='lat' dir='ltr'><strong>Vicinis</strong></span> <span class='ocrx_word' id='word_1_228' title='bbox 287 2048 537 2092; x_wconf 80' lang='lat' dir='ltr'><strong>laetantibus</strong></span> <span class='ocrx_word' id='word_1_229' title='bbox 560 2049 733 2092; x_wconf 86' lang='lat' dir='ltr'><strong>inventa</strong></span> <span class='ocrx_word' id='word_1_230' title='bbox 757 2058 820 2092; x_wconf 88' lang='lat' dir='ltr'><strong>est</strong></span> <span class='ocrx_word' id='word_1_231' title='bbox 847 2048 1069 2104; x_wconf 82' lang='lat' dir='ltr'><strong>drachma,</strong></span> <span class='ocrx_word' id='word_1_232' title='bbox 1100 2049 1273 2107; x_wconf 79' lang='lat' dir='ltr'><strong>Angelis</strong></span> <span class='ocrx_word' id='word_1_233' title='bbox 1296 2050 1487 2096; x_wconf 81' lang='lat' dir='ltr'><strong>laetanti-</strong></span> 
     </span>
     <span class='ocr_line' id='line_1_28' title="bbox 102 2120 1481 2180; baseline 0.004 -18"><span class='ocrx_word' id='word_1_234' title='bbox 102 2120 184 2163; x_wconf 87' lang='lat' dir='ltr'><strong>bus</strong></span> <span class='ocrx_word' id='word_1_235' title='bbox 201 2120 376 2163; x_wconf 82' lang='lat' dir='ltr'><strong>inventa</strong></span> <span class='ocrx_word' id='word_1_236' title='bbox 394 2130 457 2164; x_wconf 84' lang='lat' dir='ltr'><strong>est</strong></span> <span class='ocrx_word' id='word_1_237' title='bbox 473 2120 612 2163; x_wconf 88' lang='lat' dir='ltr'><strong>anima</strong></span> <span class='ocrx_word' id='word_1_238' title='bbox 628 2120 832 2164; x_wconf 84' lang='lat' dir='ltr'><strong>humana.</strong></span> <span class='ocrx_word' id='word_1_239' title='bbox 853 2123 1035 2164; x_wconf 87' lang='lat' dir='ltr'><strong>Inventa</strong></span> <span class='ocrx_word' id='word_1_240' title='bbox 1053 2129 1131 2175; x_wconf 86' lang='lat' dir='ltr'><strong>est,</strong></span> <span class='ocrx_word' id='word_1_241' title='bbox 1158 2136 1260 2180; x_wconf 81' lang='lat' dir='ltr'><strong>ergo</strong></span> <span class='ocrx_word' id='word_1_242' title='bbox 1279 2122 1481 2180; x_wconf 85' lang='lat' dir='ltr'><strong>gaudeat,</strong></span> 
     </span>
     <span class='ocr_line' id='line_1_29' title="bbox 102 2189 1480 2250; baseline 0.003 -17"><span class='ocrx_word' id='word_1_243' title='bbox 102 2199 146 2233; x_wconf 88' lang='lat' dir='ltr'><strong>et</strong></span> <span class='ocrx_word' id='word_1_244' title='bbox 166 2189 280 2233; x_wconf 84' lang='lat' dir='ltr'><strong>dicat</strong></span> <span class='ocrx_word' id='word_1_245' title='bbox 296 2225 306 2245; x_wconf 85' lang='lat'><strong>,</strong></span> <span class='ocrx_word' id='word_1_246' title='bbox 338 2209 357 2232; x_wconf 94' lang='lat'>«</span> <span class='ocrx_word' id='word_1_247' title='bbox 396 2194 533 2243; x_wconf 83' lang='lat' dir='ltr'><strong>Quam</strong></span> <span class='ocrx_word' id='word_1_248' title='bbox 559 2190 833 2248; x_wconf 81' lang='lat' dir='ltr'><strong>magnificata</strong></span> <span class='ocrx_word' id='word_1_249' title='bbox 862 2199 963 2234; x_wconf 88' lang='lat' dir='ltr'><strong>sunt</strong></span> <span class='ocrx_word' id='word_1_250' title='bbox 993 2206 1124 2250; x_wconf 90' lang='lat' dir='ltr'><strong>opera</strong></span> <span class='ocrx_word' id='word_1_251' title='bbox 1146 2200 1220 2235; x_wconf 91' lang='lat' dir='ltr'><strong>tua</strong></span> <span class='ocrx_word' id='word_1_252' title='bbox 1241 2227 1252 2247; x_wconf 85' lang='lat'>‚</span> <span class='ocrx_word' id='word_1_253' title='bbox 1278 2193 1480 2239; x_wconf 83' lang='lat' dir='ltr'><strong>Domine!</strong></span> 
     </span>
     <span class='ocr_line' id='line_1_30' title="bbox 105 2259 835 2319; baseline -0.001 -18"><span class='ocrx_word' id='word_1_254' title='bbox 105 2278 125 2301; x_wconf 89' lang='lat'>»</span> <span class='ocrx_word' id='word_1_255' title='bbox 159 2260 315 2303; x_wconf 86' lang='lat' dir='ltr'><strong>Omnia</strong></span> <span class='ocrx_word' id='word_1_256' title='bbox 338 2260 383 2303; x_wconf 91' lang='lat' dir='ltr'><strong>in</strong></span> <span class='ocrx_word' id='word_1_257' title='bbox 404 2260 611 2319; x_wconf 88' lang='lat' dir='ltr'><strong>sapientia</strong></span> <span class='ocrx_word' id='word_1_258' title='bbox 635 2259 785 2303; x_wconf 89' lang='lat' dir='ltr'><strong>fecisti.</strong></span> <span class='ocrx_word' id='word_1_259' title='bbox 816 2279 835 2300; x_wconf 88' lang='lat'>»</span> 
     </span>
    </p>

    <p class='ocr_par' dir='ltr' id='par_1_3' title="bbox 103 2329 1486 2534">
     <span class='ocr_line' id='line_1_31' title="bbox 164 2329 1482 2389; baseline 0.004 -16"><span class='ocrx_word' id='word_1_260' title='bbox 164 2332 243 2373; x_wconf 90' lang='lat' dir='ltr'><strong>III.</strong></span> <span class='ocrx_word' id='word_1_261' title='bbox 271 2349 291 2372; x_wconf 91' lang='lat'>«</span> <span class='ocrx_word' id='word_1_262' title='bbox 316 2329 497 2389; x_wconf 87' lang='lat' dir='ltr'><strong>Repleta</strong></span> <span class='ocrx_word' id='word_1_263' title='bbox 519 2339 582 2374; x_wconf 88' lang='lat' dir='ltr'><strong>est</strong></span> <span class='ocrx_word' id='word_1_264' title='bbox 602 2340 715 2374; x_wconf 86' lang='lat' dir='ltr'><strong>terra</strong></span> <span class='ocrx_word' id='word_1_265' title='bbox 737 2340 932 2375; x_wconf 87' lang='lat' dir='ltr'><strong>creatura</strong></span> <span class='ocrx_word' id='word_1_266' title='bbox 944 2340 1034 2376; x_wconf 90' lang='lat' dir='ltr'><strong>tua.</strong></span> <span class='ocrx_word' id='word_1_267' title='bbox 1054 2336 1185 2385; x_wconf 86' lang='lat' dir='ltr'><strong>»Qua</strong></span> <span class='ocrx_word' id='word_1_268' title='bbox 1202 2341 1482 2379; x_wconf 88' lang='lat' dir='ltr'><strong>creaturatua</strong></span> 
     </span>
     <span class='ocr_line' id='line_1_32' title="bbox 103 2401 1479 2460; baseline 0.003 -16"><span class='ocrx_word' id='word_1_269' title='bbox 103 2401 268 2460; x_wconf 89' lang='lat' dir='ltr'><strong>repleta</strong></span> <span class='ocrx_word' id='word_1_270' title='bbox 296 2409 360 2444; x_wconf 89' lang='lat' dir='ltr'><strong>est</strong></span> <span class='ocrx_word' id='word_1_271' title='bbox 380 2403 519 2445; x_wconf 79' lang='lat' dir='ltr'><strong>terra?</strong></span> <span class='ocrx_word' id='word_1_272' title='bbox 551 2402 765 2446; x_wconf 88' lang='lat' dir='ltr'><strong>Omnibus</strong></span> <span class='ocrx_word' id='word_1_273' title='bbox 790 2402 1018 2447; x_wconf 89' lang='lat' dir='ltr'><strong>arboribus</strong></span> <span class='ocrx_word' id='word_1_274' title='bbox 1045 2412 1088 2448; x_wconf 92' lang='lat' dir='ltr'><strong>et</strong></span> <span class='ocrx_word' id='word_1_275' title='bbox 1119 2402 1309 2459; x_wconf 78' lang='lat' dir='ltr'><strong>frutetis,</strong></span> <span class='ocrx_word' id='word_1_276' title='bbox 1335 2405 1479 2448; x_wconf 90' lang='lat' dir='ltr'><strong>omni-</strong></span> 
     </span>
     <span class='ocr_line' id='line_1_33' title="bbox 110 2471 1486 2534; baseline 0.003 -19"><span class='ocrx_word' id='word_1_277' title='bbox 110 2472 189 2515; x_wconf 90' lang='lat' dir='ltr'><strong>bus</strong></span> <span class='ocrx_word' id='word_1_278' title='bbox 211 2471 468 2516; x_wconf 88' lang='lat' dir='ltr'><strong>animalibus</strong></span> <span class='ocrx_word' id='word_1_279' title='bbox 493 2481 536 2516; x_wconf 86' lang='lat' dir='ltr'><strong>et</strong></span> <span class='ocrx_word' id='word_1_280' title='bbox 558 2472 812 2532; x_wconf 77' lang='lat' dir='ltr'><strong>pecoribu53</strong></span> <span class='ocrx_word' id='word_1_281' title='bbox 836 2482 879 2517; x_wconf 87' lang='lat' dir='ltr'><strong>et</strong></span> <span class='ocrx_word' id='word_1_282' title='bbox 900 2474 1101 2519; x_wconf 88' lang='lat' dir='ltr'><strong>universo</strong></span> <span class='ocrx_word' id='word_1_283' title='bbox 1115 2474 1207 2534; x_wconf 89' lang='lat' dir='ltr'><strong>ipso</strong></span> <span class='ocrx_word' id='word_1_284' title='bbox 1223 2489 1379 2533; x_wconf 83' lang='lat' dir='ltr'><strong>genere</strong></span> <span class='ocrx_word' id='word_1_285' title='bbox 1397 2475 1486 2519; x_wconf 92' lang='lat' dir='ltr'><strong>hu-</strong></span> 
     </span>
    </p>
   </div>
   <div class='ocr_carea' id='block_1_3' title="bbox 154 2554 1077 2598">
    <p class='ocr_par' dir='ltr' id='par_1_4' title="bbox 154 2554 1077 2598">
     <span class='ocr_line' id='line_1_34' title="bbox 154 2554 1077 2598; baseline 0 -10"><span class='ocrx_word' id='word_1_286' title='bbox 154 2562 163 2577; x_wconf 93' lang='lat'>¹</span> <span class='ocrx_word' id='word_1_287' title='bbox 184 2555 265 2588; x_wconf 83' lang='lat' dir='ltr'><strong>Psal.</strong></span> <span class='ocrx_word' id='word_1_288' title='bbox 285 2566 366 2597; x_wconf 82' lang='lat' dir='ltr'><strong>xvn,</strong></span> <span class='ocrx_word' id='word_1_289' title='bbox 388 2564 440 2598; x_wconf 84' lang='lat'><strong>29.</strong></span> <span class='ocrx_word' id='word_1_290' title='bbox 462 2573 502 2579; x_wconf 89' lang='lat'><em>-</em></span> <span class='ocrx_word' id='word_1_291' title='bbox 522 2564 535 2579; x_wconf 80' lang='lat'>²</span> <span class='ocrx_word' id='word_1_292' title='bbox 553 2559 645 2589; x_wconf 86' lang='lat' dir='ltr'><strong>Joan.</strong></span> <span class='ocrx_word' id='word_1_293' title='bbox 662 2568 684 2597; x_wconf 85' lang='lat'><strong>1,</strong></span> <span class='ocrx_word' id='word_1_294' title='bbox 711 2556 762 2598; x_wconf 72' lang='lat'><strong>14.</strong></span> <span class='ocrx_word' id='word_1_295' title='bbox 782 2573 823 2579; x_wconf 84' lang='lat'>-</span> <span class='ocrx_word' id='word_1_296' title='bbox 843 2554 856 2578; x_wconf 83' lang='lat'><em>3</em></span> <span class='ocrx_word' id='word_1_297' title='bbox 873 2558 950 2589; x_wconf 84' lang='lat' dir='ltr'><strong>Luc.</strong></span> <span class='ocrx_word' id='word_1_298' title='bbox 971 2568 1027 2598; x_wconf 79' lang='lat' dir='ltr'><strong>xv,</strong></span> <span class='ocrx_word' id='word_1_299' title='bbox 1045 2557 1077 2588; x_wconf 89' lang='lat'><strong>8.</strong></span> 
     </span>
    </p>
   </div>
  </div>
 </body>
</html>
