1848 3261
391 223 474 263 492
726 246 732 250 -
822 236 854 263 s.
891 234 1120 263 AUGus’rmr
1152 236 1333 263 Emscom

395 323 412 343 »
448 302 562 360 cepit
584 301 809 357 Dominus,
824 301 897 346 illa
919 303 1059 361 cogita
1077 322 1087 359 3
1109 320 1128 343 >›
1150 300 1249 346 ideo
1267 301 1450 357 addidit,
1471 316 1654 361 semper,
1669 301 1772 361 quia

388 382 433 417 et
464 371 746 416 custodienda
775 381 838 416 est
866 372 1112 417 obedientia
1133 408 1143 427 ‚
1179 381 1229 416 ut
1251 373 1513 432 percipiatur
1532 372 1741 431 sapientia
1757 406 1768 426 ‚

388 452 430 488 et
447 453 649 503 percepta
668 444 875 503 sapientia
897 460 984 487 nou
1002 454 1065 488 est
1086 443 1322 488 deserenda
1345 443 1607 488 obedientia.
1637 443 1771 503 Spiri-

386 513 539 557 talium
556 514 702 573 itaque
725 513 1020 558 membrorum
1043 514 1201 559 Christi
1224 530 1305 558 vox
1325 514 1404 557 ista
1427 522 1490 557 est
1511 533 1520 558 :
1551 532 1569 553 «
1596 516 1631 557 Α
1653 529 1773 557 man-

392 604 409 625 »
446 583 555 627 datis
577 584 660 627 tuis
679 582 913 627 intellexi.»
934 586 1025 628 Hoc
1044 585 1159 628 enim
1183 594 1297 629 recte
1315 583 1595 629 dicitChristi
1616 598 1772 643 corpus

384 655 431 697 in
452 654 532 708 eis,
558 654 718 713 quibus
742 653 945 698 mandata
969 654 1239 698 servantibus
1262 665 1439 714 propter
1461 655 1597 714 ipsam
1631 663 1773 698 custo-

386 725 501 768 diam
525 723 832 768 mandatorum
857 725 1077 785 praebetur
1098 726 1274 770 uberior
1303 726 1501 770 doctrina
1533 725 1768 785 sapientiae.

390 814 407 835 «
445 799 694 854 Propterea,
710 795 867 855 inquit,
885 795 985 840 odio
1001 796 1136 839 habui
1155 811 1329 840 omnem
1352 796 1464 839 viam
1485 796 1768 856 iniquitatis.»

384 867 565 909 Necesse
587 874 649 909 est
671 865 786 908 enim
809 875 858 909 ut
884 866 1025 910 oderit
1047 882 1223 910 omnem
1244 866 1519 926 iniquitatem
1541 881 1661 910 amor
1677 867 1773 926 jus-

384 935 491 979 titiae
516 954 524 979 ε
550 936 626 995 qui
647 944 769 979 tanto
789 937 925 996 major
943 945 1005 981 est
1025 971 1035 990 ,
1061 946 1228 996 quanto
1251 952 1352 980 eum
1375 936 1511 995 magis
1531 936 1774 980 inflammat

385 1004 603 1065 amplioris
631 1005 820 1050 dulcedo
841 1007 1064 1066 sapientiae
1079 1042 1090 1062 ‚
1129 1023 1228 1067 quae
1252 1007 1475 1066 praebetur
1496 1007 1535 1050 ei
1555 1041 1566 1062 ,
1591 1007 1668 1067 qui
1689 1007 1772 1051 ob-

384 1085 597 1136 temperat
618 1079 731 1131 Deo,
756 1086 799 1121 et
821 1092 845 1121 a
866 1076 1080 1121 mandatis
1103 1078 1194 1137 ejus
1212 1076 1429 1136 intelligit.

1022 1208 1171 1215 ———-

858 1298 1078 1339 SERMO
1110 1300 1297 1338 XXIII.

460 1419 493 1460 I.
539 1419 812 1462 Scauwmnos
858 1427 989 1478 atque
1032 1416 1280 1462 tractandos
1309 1433 1389 1476 pro
1421 1417 1585 1462 viribus
1609 1453 1620 1473 ‚
1666 1433 1774 1478 quas

386 1490 500 1531 Deus
530 1486 693 1541 donat,
726 1504 843 1532 nunc
885 1488 986 1532 istos
1019 1503 1166 1532 versus
1202 1487 1359 1532 Psalmi
1395 1488 1525 1548 hujus
1571 1487 1773 1547 aggredi-

386 1573 484 1600 mur
504 1592 513 1611 ,
549 1573 738 1616 quorum
760 1558 925 1616 primus
948 1567 1032 1612 est,
1069 1578 1088 1599 «
1120 1561 1317 1602 Lucerna
1339 1558 1524 1617 pedibus
1542 1559 1647 1601 meis
1673 1573 1772 1601 ver-

394 1649 408 1666 »
445 1627 552 1670 bum
581 1636 736 1680 tuum,
775 1637 817 1671 et
850 1627 1001 1671 lumen
1045 1629 1204 1672 semitis
1241 1628 1346 1671 meis
1376 1630 1407 1672 ¹.
1448 1647 1468 1669 »
1505 1627 1636 1681 Quod
1678 1638 1769 1683 est,

391 1717 408 1736 «
445 1700 671 1754 Lucerna3
698 1718 716 1738 »
739 1698 822 1741 hoc
845 1698 1083 1756 repetitum
1101 1707 1189 1752 est,
1220 1717 1235 1736 «
1261 1701 1456 1742 Lumen:
1480 1719 1496 1739 »
1522 1698 1670 1757 quod«
1691 1702 1772 1742 Pe-

391 1788 408 1808 »
445 1767 574 1811 dibus
610 1768 741 1824 meis3
779 1786 798 1808 »
830 1768 938 1819 hoc,
967 1787 987 1809 «
1015 1768 1185 1812 Semitis
1216 1768 1336 1810 meis.
1369 1788 1385 1808 »
1413 1767 1530 1820 Quid
1558 1777 1621 1811 est
1641 1783 1768 1826 ergo,

389 1857 408 1879 «
445 1838 640 1882 Verbum
665 1848 788 1882 tuum
803 1839 851 1881 Ρ»
871 1837 1196 1898 Numquidnam
1220 1836 1332 1881 illud
1348 1837 1470 1898 quod
1492 1839 1537 1882 in
1558 1838 1772 1898 principio

385 1917 477 1952 erat
499 1912 611 1952 Deus
635 1909 753 1967 apud
775 1911 911 1952 Deum
929 1944 939 1962 ‚
973 1908 1194 1952 Verbum²
1215 1907 1378 1952 scilicet
1405 1924 1481 1967 per
1515 1909 1637 1969 quod
1657 1909 1772 1954 facta

386 1989 488 2024 sunt
508 1980 684 2023 omnia?
707 1982 802 2024 Non
831 1989 893 2023 est
915 1980 987 2022 ita.
1013 1982 1121 2024 Nam
1152 1978 1263 2023 illud
1286 1979 1480 2023 Verbum
1503 1980 1653 2024 lumen
1676 1990 1740 2025 est
1755 2016 1768 2037 ‚

385 2051 460 2094 sed
489 2051 664 2094 lucerna
698 2066 786 2094 non
818 2060 894 2093 est.
931 2054 1126 2094 Lucerna
1154 2051 1318 2110 quippe
1341 2060 1538 2095 creatura
1567 2060 1655 2107 est,
1681 2067 1772 2097 non

387 2123 564 2168 Creator
580 2157 590 2174 ‚
616 2137 714 2181 quae
739 2121 1067 2181 participatione
1088 2120 1455 2165 incommutabilis
1484 2121 1592 2166 lucis
1614 2137 1770 2166 accen-

387 2192 518 2236 ditur.
540 2195 633 2236 Hoc
650 2202 740 2235 erat
757 2195 962 2246 Joannes‚
981 2192 1035 2237 de
1050 2208 1137 2253 quo
1153 2192 1258 2237 dicit
1280 2193 1476 2237 Verbum
1495 2196 1623 2249 Deus,
1650 2213 1671 2237 «
1691 2194 1771 2239 Ille

389 2281 408 2303 »
445 2272 535 2306 erat
556 2262 734 2307 lucerna
760 2264 912 2306 ardens
936 2263 1190 2322 etjlucensss.
1217 2284 1234 2304 1»
1249 2262 1347 2308 'Sed
1375 2263 1526 2308 lumen
1547 2273 1610 2308 est
1632 2274 1674 2309 et
1695 2264 1769 2308 lu-

389 2352 408 2374 »
443 2348 571 2377 cerna
598 2354 607 2379 :
643 2349 685 2377 et
719 2343 864 2378 tamen
897 2335 941 2377 in
965 2334 1287 2394 comparatione
1309 2334 1468 2390 Verbi,
1495 2335 1550 2379 de
1571 2351 1660 2395 quo
1682 2335 1770 2380 dic-

390 2413 478 2447 tum
497 2415 559 2448 est
582 2424 589 2448 :
620 2424 640 2445 (ι
663 2407 774 2448 Deus
797 2414 887 2449 erat
905 2405 1115 2459 Verbum,
1145 2423 1164 2444 »
1191 2420 1280 2448 non
1302 2414 1393 2449 erat
1410 2404 1482 2448 ille
1498 2405 1668 2464 lumen3
1694 2407 1770 2451 sed

385 2475 536 2518 missus
567 2483 658 2529 est,
698 2484 748 2518 ut
780 2475 1074 2519 testimonium
1106 2475 1353 2534 perhiberet
1380 2474 1435 2520 de
1457 2475 1638 2520 lumine.
1666 2479 1768 2521 Erat

434 2577 443 2593 ¹
467 2570 543 2602 psal.
568 2581 676 2609 cxvm,
701 2572 770 2603 105.
793 2588 833 2593 —
850 2578 862 2593 ¹
881 2573 972 2603 Joan.
993 2583 1015 2613 i,
1040 2583 1067 2603 1.
1088 2589 1128 2594 —
1149 2569 1161 2593 3
1177 2571 1222 2604 Id.
1249 2583 1280 2612 v,
1301 2570 1354 2604 35.
