1848 3261
450 205 694 236 murmano
724 208 770 236 m
801 206 1006 235 PsALMUM
1035 208 1119 235 ειν.
1391 193 1474 232 199

88 274 236 319 dentia
251 308 263 330 ,
288 288 389 334 quae
404 279 548 326 φρόνησις
572 272 829 333 appellatur.
856 275 1007 333 Neque
1029 271 1114 316 hoc
1132 279 1277 314 tamen
1291 268 1475 328 legimus

86 345 133 389 in
153 343 226 388 illa
243 343 509 388 sublimitate
528 345 553 387 J
557 344 690 403 oseph
704 378 715 399 ,
736 343 848 387 sicut
863 357 944 387 nec
961 339 1190 401 compedes
1206 339 1254 384 in
1272 340 1364 399 ejus
1383 340 1472 384 hu-

85 413 282 459 militate.
322 413 407 459 Sed
435 414 555 457 unde
588 414 681 457 fieri
701 421 845 473 posset
860 448 871 468 ,
896 421 947 457 ut
971 413 1036 458 vir
1058 420 1205 456 tantus
1226 410 1357 454 unius
1381 409 1474 455 veri

85 486 165 530 Dei
185 485 343 540 cultor,
369 485 417 529 in
441 488 634 544 AEgypto
662 483 825 529 alendis
854 482 1162 528 tantummodo
1185 481 1442 541 corporibus
1457 514 1469 536 ,

85 565 129 600 et
150 556 281 600 rebus
303 565 474 601 tantum
491 555 785 615 corporalibus
802 554 1097 613 gubernandis
1120 561 1231 598 esset
1250 552 1444 596 intentus
1457 585 1470 607 ,

85 636 130 671 et
152 642 242 687 quo
263 642 335 671 eos
362 625 560 671 meliores
585 625 808 680 redderet,
841 640 991 670 curam
1013 640 1104 669 non
1127 631 1292 683 gereret
1313 621 1475 666 animo-

86 698 216 741 rum?
238 695 323 741 Sed
344 712 395 741 ea
416 696 659 756 conscripta
682 706 780 739 sunt
801 696 847 739 in
866 695 940 739 illa
961 694 1139 739 historia
1153 729 1165 750 ,
1196 709 1296 754 quae
1315 707 1475 737 secun-

87 766 195 811 dum
216 766 507 812 intentionem
525 766 770 822 scribentis,
792 766 838 809 in
859 781 948 825 quo
965 774 1057 809 erat
1078 764 1261 824 Spiritus
1282 771 1472 818 sanctus,

86 838 217 883 rebus
235 838 395 883 futuris
412 836 487 882 illa
500 837 748 882 narratione
764 836 1058 897 significandis
1073 837 1270 881 sufficere
1278 834 1474 896 judicata

86 918 205 954 sunt.

143 982 242 1024 XV.
272 997 290 1019 «
315 981 372 1023 Et
397 978 576 1023 intravit
598 977 730 1023 Israel
751 979 798 1022 in
819 980 1087 1037 AEgyptum,
1112 985 1156 1020 et
1171 975 1308 1020 Jacob
1330 975 1476 1020 accola

88 1067 110 1091 »
143 1049 229 1095 fuit
252 1050 300 1094 in
321 1062 436 1095 terra
456 1051 637 1095 Cham1.
665 1067 686 1090 »
713 1047 840 1102 Quod
857 1057 921 1092 est
939 1047 1087 1103 Israel,
1115 1048 1200 1092 hoc
1217 1055 1281 1091 est
1307 1046 1445 1091 Jacob
1461 1080 1474 1102 ,

85 1130 130 1166 et
162 1121 285 1182 quod
319 1131 384 1166 est
413 1124 654 1180 AEgythS,
689 1121 774 1164 1100
809 1129 873 1164 est
906 1129 1020 1164 terra
1054 1119 1209 1164 Cham.
1247 1118 1329 1162 Hic
1360 1118 1478 1161 enim

85 1192 351 1251 apertissime
369 1191 713 1235 demonstratum
735 1199 819 1246 est,
838 1189 893 1234 de
915 1190 1078 1234 semine
1100 1190 1239 1234 Cham
1261 1188 1338 1232 filii
1359 1190 1474 1243 Noe‘,

85 1262 209 1321 cujus
232 1261 477 1320 primitivus
492 1260 577 1305 fuit
593 1261 825 1316 Chanaan,
855 1269 1048 1305 exortam
1070 1258 1200 1304 fuisse
1222 1259 1353 1303 etiam
1370 1273 1478 1317 gen-

85 1340 175 1376 tem
200 1331 525 1390 AEgyptiorum.
558 1330 745 1375 Proinde
771 1331 816 1375 in
839 1331 1000 1391 quibus
1030 1329 1254 1375 codicibus
1274 1330 1358 1374 hoc
1378 1329 1476 1374 loco

84 1400 242 1459 legitur
264 1401 473 1446 Chanaan
489 1437 500 1456 ,
533 1400 859 1445 emendandum
880 1410 958 1444 est.
984 1400 1141 1445 Melius
1172 1409 1319 1444 autem
1341 1400 1481 1443 inter-·

84 1479 306 1531 pretatum
329 1480 392 1515 est
409 1507 420 1527 ,
448 1490 467 1513 «
493 1470 652 1516 Accola
681 1470 791 1527 suit,
815 1489 836 1512 »
871 1486 1004 1531 quam
1021 1506 1032 1526 ,
1064 1471 1176 1515 sicut
1207 1469 1278 1514 alii
1306 1470 1477 1515 codices

83 1541 278 1597 habent,
312 1541 573 1586 inhabitavit
596 1561 604 1585 :
629 1559 649 1583 »
675 1540 796 1602 quod
818 1542 1094 1585 tantumdem
1122 1550 1252 1596 esset,
1283 1541 1318 1585 si
1339 1549 1383 1585 et
1403 1541 1474 1584 in-

83 1612 179 1657 cola
200 1611 448 1671 diceretur,
483 1612 593 1656 nihil
615 1612 732 1659 enim
755 1611 875 1656 aliud
896 1612 1125 1672 significat.
1150 1615 1260 1658 Nam
1286 1612 1474 1672 idipsum

84 1692 148 1727 est
163 1683 348 1728 verbum
370 1683 417 1726 in
440 1698 581 1742 graeco
603 1682 686 1727 isto
708 1682 829 1738 loco,
854 1682 976 1742 quod
998 1692 1062 1727 est
1086 1692 1130 1727 et
1149 1683 1346 1742 superius
1361 1718 1373 1738 ,
1397 1683 1476 1728 ubi

83 1753 251 1799 dictum
267 1763 352 1799 est:
375 1774 395 1796 «
415 1754 665 1798 Paucissimi
679 1763 722 1799 et
733 1754 886 1799 incolae
901 1755 948 1798 in
964 1770 1028 1798 ea.
1047 1772 1067 1796 »
1087 1753 1307 1799 Incolatus
1323 1770 1468 1814 porro,

81 1823 154 1869 vel
184 1823 428 1879 accolatus,
473 1840 564 1869 non
596 1823 868 1883 indigenam,
904 1824 980 1869 sed
1012 1825 1224 1870 advenam
1263 1825 1470 1871 ostendit.

82 1896 196 1938 Ecce
215 1894 438 1954 quomodo
456 1913 475 1936 «
492 1895 772 1939 Transierunt
784 1894 838 1938 de
853 1904 979 1953 gente
996 1895 1040 1938 in
1056 1904 1246 1954 gentem,
1267 1895 1322 1940 de
1337 1911 1472 1955 regno

87 1982 108 2006 »
143 1966 188 2008 in
210 1964 425 2025 populum
448 1964 649 2009 alterum.
677 1983 698 2006 ³)
724 1965 855 2018 Quod
877 1965 1066 2009 breviter
1082 1966 1355 2026 propositum
1375 1966 1475 2014 suea-

84 2043 174 2089 rat,
200 2035 391 2079 breviter
415 2035 634 2080 narrando
659 2034 922 2095 explicatum
943 2044 1022 2079 est.
1051 2036 1136 2080 Sed
1154 2035 1208 2080 de
1230 2052 1319 2097 quo
1338 2052 1473 2097 regno

84 2105 349 2149 transierunt
378 2106 422 2149 in
451 2105 667 2166 populum
703 2105 911 2162 alterum,
946 2106 1102 2151 merito
1133 2107 1272 2167 quaeri
1310 2117 1468 2167 potest.

83 2175 291 2220 Nondum
308 2176 423 2220 enim
441 2177 684 2235 regnabant
702 2177 749 2219 in
770 2186 884 2221 terra
905 2176 1130 2227 Chanaan,
1154 2178 1255 2238 quia
1273 2178 1473 2223 nondum

83 2245 146 2289 ibi
178 2245 320 2290 fuerat
348 2261 529 2304 regnum
561 2246 847 2291 constitutum
874 2246 1026 2307 populi
1057 2248 1202 2293 Israel.
1239 2248 1471 2302 Quomodo

83 2332 187 2376 ergo
209 2326 352 2376 potest
371 2317 582 2377 intelligi,
607 2319 689 2362 nisi
705 2317 818 2362 forte
835 2319 1076 2364 secundum
1095 2321 1465 2381 anticipationem,

84 2387 188 2448 quia
209 2388 270 2431 ibi
292 2403 477 2447 regnum
497 2387 695 2433 futurum
718 2398 808 2433 erat
829 2390 1002 2435 seminis
1023 2394 1206 2436 eorum?

144 2467 263 2509 XVI.
291 2465 503 2525 Deinceps
535 2475 768 2511 narrantur
788 2482 887 2526 quae
908 2467 955 2512 in
985 2471 1178 2528 AEgypto
1200 2477 1318 2528 gesta
1351 2477 1468 2514 sunt.

135 2556 145 2573 ¹
171 2549 252 2583 Psal.
270 2560 331 2592 ew,
350 2550 407 2584 23<
