1848 3261
396 179 636 209 ENARRA'no
667 182 713 210 m
745 179 947 209 PsALMUM
977 181 1095 207 cvm.
1142 216 1146 219 Δ
1358 171 1441 209 257

65 365 134 380 WV!
139 365 204 380 §W
208 365 417 382 mmmm
420 367 488 383 ΝΙΛΛ
492 368 628 384 mmm
631 367 770 384 &last-m}
775 366 909 382 §xm-xvv&
914 365 1262 381 ΚΊΜᾹΝᾺΜἋΜἪΜ
1268 366 1333 382 mm
1337 367 1403 382 §lau
1406 367 1439 382 M

561 505 953 552 ENARRATIO

443 670 503 707 IN
552 670 854 710 PSALMUM
911 668 1094 708 CVIII.

125 813 158 853 Ι.
181 813 395 854 PsALMUM
416 810 548 854 istum
570 812 624 855 de
645 813 816 857 Christo
832 812 995 855 habere
1012 812 1306 871 prophetiam,
1332 811 1447 871 quis-

63 879 159 939 quis
181 883 314 924 Actus
343 880 651 939 Apostolorum
673 881 858 926 fideliter
879 881 1011 940 legit,
1048 882 1272 940 agnoscit3
1296 881 1371 925 ubi
1392 881 1447 924 de

63 950 223 994 Christi
252 950 459 994 traditore
487 954 510 995 J
516 951 603 1009 uda*
623 953 933 1011 prophetatum
955 968 1044 996 esse
1075 952 1193 1012 quod
1216 953 1286 996 hic
1309 952 1446 1010 scrip-

64 1029 157 1064 tum
185 1029 248 1063 est
275 1040 284 1064 z
321 1040 340 1061 «
367 1021 493 1064 Fiant
526 1020 616 1065 dies
652 1025 744 1083 ejus
771 1024 929 1081 pauci,
964 1033 1007 1067 et
1037 1024 1334 1082 episcopatum
1358 1024 1449 1082 ejus

66 1108 87 1131 »
122 1090 303 1149 accipiat
320 1089 449 1134 alter¹
467 1125 477 1143 ,
504 1109 523 1131 n
549 1092 726 1150 quando
747 1093 945 1137 Matthias
962 1093 1006 1135 in
1023 1092 1168 1137 locum
1189 1095 1213 1136 J
1219 1092 1316 1136 udae
1333 1092 1452 1136 ordi-

64 1170 190 1205 natus
206 1197 216 1215 ‚
244 1177 426 1205 numero
449 1162 754 1221 Apostolorum
781 1163 1066 1207 duodecimus
1085 1165 1313 1223 adjunctus
1336 1173 1399 1207 est
1413 1167 1446 1218 2,

64 1232 286 1276 evidenter
313 1242 504 1291 apparet.
542 1232 625 1277 Sed
646 1234 679 1276 si
702 1233 756 1276 dc
778 1233 852 1278 i-llo
875 1251 964 1278 uno
985 1235 1163 1278 homine
1185 1235 1329 1278 omnia
1353 1251 1452 1294 quae

64 1303 134 1347 hic
156 1303 198 1347 in
232 1303 346 1347 malo
376 1304 491 1347 dicta
518 1313 620 1348 sunt
644 1304 887 1363 intelligere
917 1320 1148 1360 conemur⁷
1175 1305 1450 1365 expositionis

64 1375 174 1418 ratio
196 1390 285 1418 non
307 1375 427 1418 omni
446 1376 593 1429 modo,
612 1384 686 1418 aut
705 1375 776 1419 vix
791 1375 952 1419 valebit
974 1392 1199 1420 occurrere
1221 1397 1229 1421 :
1255 1377 1289 1420 si
1307 1386 1453 1421 autem

66 1444 120 1488 de
142 1445 217 1488 tali
245 1459 400 1502 genere
428 1445 658 1488 hominum
691 1445 903 1488 malorum
923 1481 934 1500 ‚
972 1445 1017 1489 id
1047 1456 1140 1501 est,
1176 1447 1453 1492 inimicorum

65 1515 225 1560 Christi
252 1515 610 1574 ingratorumque
639 1514 915 1568 Iudaeorum,
953 1517 1096 1560 omnia
1120 1517 1229 1560 mihi
1250 1517 1454 1562 videntur

64 1601 189 1645 posse
211 1584 366 1629 clarius
396 1585 566 1644 aperiri.
595 1574 713 1629 Sicut
737 1585 853 1628 enim
873 1584 1074 1644 quaedam
1098 1586 1327 1643 dicuntur⁷
1353 1604 1453 1648 quae

66 1655 122 1700 ad
147 1656 392 1715 apostolum
421 1659 598 1699 Petrum
634 1656 807 1715 proprie
839 1656 1055 1714 pertinere
1084 1656 1316 1702 videantur
1335 1694 1346 1713 ,
1371 1675 1452 1703 nec

69 1736 213 1771 tamen
235 1727 401 1770 habent
420 1725 632 1770 illustrem
653 1726 926 1770 intellectum
944 1761 954 1780 ,
978 1727 1059 1770 nisi
1081 1743 1181 1771 cum
1204 1728 1453 1773 referuntur

68 1795 123 1840 ad
144 1795 381 1840 Ecclesiam
399 1831 410 1851 ‚
428 1797 551 1855 cujus
573 1795 646 1839 ille
661 1797 908 1854 agnoscitur
927 1797 972 1839 in
990 1798 1128 1855 figura
1151 1808 1334 1856 gestasse
1351 1815 1452 1859 per-

68 1883 239 1921 sonam,
270 1876 449 1926 propter
470 1867 722 1926 primatum,
757 1883 888 1927 quem
919 1868 964 1911 in
1001 1869 1229 1928 Discipulis
1267 1871 1449 1929 habuit3

67 1938 192 1982 sicuti
214 1946 277 1980 cst
291 1973 301 1988 ‚
326 1957 346 1979 «
369 1937 465 1980 Tibi
488 1936 601 1981 dabo
623 1937 764 1981 claves
785 1939 904 1995 regni
925 1938 1135 1983 coelorum
1152 1942 1190 1995 3,
1215 1942 1344 1985 »etsi
1365 1958 1452 2002 qua
1475 1991 1478 1993 Α

67 2006 317 2068 hujusmodi
347 2027 356 2051 ε
394 2008 453 2051 ita
488 2007 622 2051 Judas
644 2023 870 2066 personam
905 2008 1095 2068 quodam
1120 2011 1250 2055 modo
1273 2013 1456 2057 sustinet

68 2079 344 2122 inimicorum
361 2078 520 2122 Christi
538 2079 808 2134 Judaeorum,
825 2081 902 2140 qui
923 2090 964 2124 et
986 2090 1091 2126 tunc
1109 2081 1291 2128 oderant
1307 2085 1454 2129 Chris-

70 2158 179 2203 tum,
200 2157 244 2192 et
265 2163 382 2191 nunc
402 2164 478 2207 per
500 2150 812 2194 successionem
829 2162 1126 2209 perseverante
1150 2169 1305 2211 genere
1322 2155 1453 2214 ipsius

69 2220 300 2280 impietatis
332 2221 532 2264 oderunt.
570 2225 632 2266 De
655 2222 814 2281 quibus
840 2222 1089 2267 hominibus
1117 2233 1160 2268 et
1183 2223 1238 2268 de
1260 2241 1348 2285 quo
1372 2242 1452 2285 po-

70 2290 174 2350 pulo
198 2300 377 2350 possunt
398 2307 487 2334 non
513 2291 870 2335 inconvenienter
892 2292 1097 2351 intelligi,
1131 2310 1219 2338 non
1241 2295 1381 2339 solum
1403 2312 1452 2341 ea

6 2414 11 2418 ,
71 2378 170 2422 quae
193 2362 379 2420 apertius
397 2361 451 2405 de
466 2362 566 2421 ipsis
588 2362 632 2405 in
654 2363 738 2406 hoc
761 2362 930 2407 Psalmo
951 2362 1149 2421 legimus,
1171 2368 1455 2411 verumetiam

72 2433 145 2477 illa
167 2448 266 2493 quae
287 2433 459 2492 proprie
481 2433 536 2477 de
552 2433 645 2493 ipso
666 2433 779 2477 Juda
799 2434 1004 2478 dicuntur
1026 2437 1262 2495 expressius
1288 2457 1297 2482 :
1320 2438 1456 2498 ⁷sicuti

120 2525 128 2540 ¹
151 2517 230 2550 Psal.
250 2528 341 2559 cvm,
356 2521 389 2553 8.
406 2535 448 2541 —
463 2525 476 2541 ²
494 2521 567 2551 Act.
590 2530 613 2560 ι,
635 2518 674 2552 15
696 2523 730 2552 et
755 2520 810 2552 26.
831 2534 873 2542 --
893 2517 906 2542 3
924 2520 1038 2552 Matth.
1057 2531 1121 2563 xvi,
1144 2532 1194 2564 19.

210 2582 366 2612 cxvm.
1196 2576 1246 2615 17
