1848 3261
291 224 581 273 ΕΝΑΜΑΤῙΟἸ
613 242 659 269 nt
689 240 892 269 rsALMUM
925 240 992 277 cl,
1027 236 1165 265 sEnMo
1197 239 1227 265 1.
1410 223 1465 262 39

87 329 109 352 »
142 310 324 354 buntur.
368 327 387 349 »
419 305 747 366 Beneplacitum
777 305 1029 349 habuerunt
1072 302 1116 345 in
1151 299 1315 358 lapides
1346 300 1465 359 ejus3

84 380 274 442 pulveris
285 388 428 423 autem
442 377 777 422 miserebuntur.
792 374 993 433 Intelligo
1006 372 1171 432 lapides
1185 371 1302 425 Sion,
1319 385 1469 414 omnes

85 451 323 510 Prophetas
342 464 351 490 ε
371 449 431 492 ibi
445 448 662 507 praemissa
675 457 739 491 est
750 462 833 491 vox
849 441 1165 505 praedicationis
1177 476 1187 496 ,
1204 439 1306 484 inde
1323 455 1469 484 asum-

48 534 50 536 ·
84 532 179 567 tum
201 519 487 580 Evangelium
509 520 724 574 officium,
749 533 826 578 per
847 516 959 560 illud
980 512 1248 575 praeconium
1273 511 1471 569 cognitus

84 592 295 639 Christus.
313 594 427 649 Ergo
437 590 545 634 servi
562 590 627 634 tui
645 588 965 648 beneplacitum
979 586 1232 630 habuerunt
1247 583 1293 626 in
1307 581 1471 641 lapides

87 663 205 710 Sion.
239 660 324 707 Sed
341 660 406 704 illi
421 661 797 720 praevaricatores,
824 656 1074 703 recedentes
1097 672 1120 700 a
1141 654 1350 709 Domino,
1374 668 1469 697 ma-

84 733 224 794 lisque
244 730 366 776 factis
389 731 474 775 suis
496 730 768 775 offendentes
795 731 1044 775 Creatorem
1060 762 1071 783 ‚
1095 727 1142 770 in
1164 735 1325 769 terram
1352 722 1471 768 unde

85 804 248 864 sumpti
264 813 388 858 sunt,
407 802 645 847 redierunt.
662 801 808 847 Pulvis
825 799 927 845 facti
940 809 1058 854 sunt,
1074 797 1197 858 impii
1217 796 1322 841 facti
1341 804 1467 841 sunt:

85 875 142 920 de
158 875 318 936 quibus
339 874 498 919 dicitur
515 909 525 929 ,
551 876 688 919 «Non
709 874 769 919 sic
786 872 928 932 impii,
947 887 1038 915 non
1057 870 1116 914 sic
1133 890 1145 928 3
1162 868 1237 913 sed
1262 877 1473 928 tanquam

87 965 109 990 »
143 947 284 1006 pulvis
295 960 428 1006 quem
439 945 611 1006 projicit
622 955 777 990 ventus
791 961 815 989 a
833 943 940 988 facie
953 952 1078 988 terrae
1089 943 1118 984 ¹.
1133 959 1154 982 »
1175 940 1260 986 Sed
1273 948 1471 999 expecta,

86 1017 292 1074 Domine3
324 1016 510 1071 sustine,
547 1016 754 1074 Domine3
784 1015 952 1074 patiens
979 1022 1098 1067 esto⁷
1137 1008 1321 1055 Domine
1347 1030 1358 1068 3
1383 1025 1474 1054 non

84 1088 220 1132 irruat
246 1096 424 1141 ventus,
459 1095 503 1130 et
533 1085 701 1130 auferat
726 1087 847 1130 hunc
881 1082 1108 1144 pulverem
1134 1097 1158 1126 a
1182 1080 1309 1140 facie·
1325 1090 1468 1126 terrae.

84 1158 273 1203 Veniant
289 1192 300 1212 ‚
325 1157 503 1202 veniant
519 1157 627 1201 servi
652 1157 739 1212 tui,
759 1162 997 1215 agnoscant
1010 1154 1056 1197 in
1067 1151 1286 1212 lapidibus
1301 1151 1474 1211 eloquia

85 1239 159 1274 tua
176 1264 187 1286 ‚
206 1229 489 1273 misereantur
509 1229 698 1289 pulveris
723 1229 824 1273 Sion
838 1263 849 1283 ‚
868 1225 1080 1272 formetur
1096 1225 1228 1269 homo
1244 1223 1299 1268 ad
1318 1223 1472 1281 imagi-

85 1316 188 1345 nem
218 1301 370 1344 tuam²
398 1319 407 1344 :
446 1299 562 1344 dicat
595 1299 738 1359 pulvis
765 1315 820 1343 ne
852 1307 1026 1359 pereat,
1068 1315 1088 1339 «
1117 1298 1340 1341 Memento
1371 1294 1473 1354 quia

88 1390 109 1414 »
145 1371 293 1432 pulvis·
318 1386 467 1415 sumus
485 1372 516 1414 ³.
554 1373 612 1415 Et
640 1369 829 1430 pulveris
858 1370 949 1429 ejus
972 1367 1307 1412 miserebuntur.
1332 1383 1353 1406 »
1378 1367 1472 1410 Hoc

85 1441 141 1486 de
166 1442 283 1487 Sion.
320 1440 545 1501 Numquid
571 1457 661 1485 non
696 1449 785 1485 erat
808 1439 975 1500 pulvis,
1012 1439 1089 1499 qui
1118 1436 1354 1482 Dominum
1377 1451 1472 1480 cru-

86 1513 256 1557 cifixit?
286 1512 412 1565 Quod
444 1513 567 1572 pejus
602 1521 686 1567 est,
719 1511 861 1571 pulvis
889 1510 944 1554 de
975 1508 1196 1569 parietinis
1229 1506 1469 1559 ruinarum.

87 1581 232 1628 Pulvis
254 1592 344 1626 erat
358 1598 533 1642 prorsus
559 1601 568 1627 :
592 1591 895 1626 verumtamen
922 1596 1011 1625 non
1033 1579 1195 1624 frustra
1217 1578 1272 1622 de
1293 1576 1473 1637 pulvere

86 1654 250 1698 dictum
285 1663 406 1698 erat:
437 1672 456 1695 «
477 1657 624 1707 Pater,
656 1653 830 1711 ignosce
862 1651 971 1706 illis,
1011 1650 1113 1711 quia
1145 1648 1346 1693 nesciunt
1364 1647 1473 1708 quid

87 1743 108 1767 »
144 1725 312 1769 faciunt
326 1726 358 1769 4.
382 1728 446 1769 De
461 1725 559 1784 ipso
576 1723 755 1784 pulvere
771 1722 892 1768 venit
918 1721 1057 1782 paries
1078 1729 1144 1764 tot
1165 1718 1351 1773 millium
1375 1734 1472 1763 cre-

85 1796 284 1840 dentium
300 1831 310 1850 ,
331 1799 374 1839 et
396 1796 532 1855 pretia
555 1810 700 1839 rerum
722 1809 896 1839 suarum
920 1792 975 1836 ad
1001 1791 1132 1851 pedes
1163 1790 1472 1850 Apostolorum

84 1866 360 1926 ponentium.
399 1868 514 1923 Ergo
561 1865 699 1909 extitit
734 1864 788 1908 de
824 1863 899 1908 illo
937 1862 1115 1922 pulvere
1149 1861 1396 1905 humanitas
1429 1869 1473 1904 et

67 1937 270 1981 *formata
287 1971 298 1991 ,
321 1942 367 1980 'et
388 1935 590 1980 formosa.
627 1935 733 1989 Quis
755 1935 868 1979 enim
893 1933 948 1978 de
970 1933 1183 1977 Gentibus
1204 1932 1296 1976 sic?
1330 1933 1472 1984 Quam

86 2023 246 2067 paucos
268 2007 476 2050 miramur
497 2007 580 2051 hoc
603 2004 752 2050 fecisse
770 2005 826 2049 ad
843 2004 1017 2048 illorum
1042 2012 1110 2051 tot·
1129 2002 1293 2046 millia?
1318 2001 1472 2047 Subito

86 2078 228 2137 primo
247 2077 353 2132 tria5
379 2086 549 2137 postea,
575 2076 772 2137 quinque
793 2074 949 2131 millia3
971 2089 1121 2135 omnes
1154 2074 1200 2117 in
1227 2073 1396 2117 unitate
1413 2073 1472 2128 vi-

86 2146 235 2193 'ventes
251 2184 261 2203 ‚
282 2164 431 2193 omnes
453 2148 725 2193 venditarum
750 2163 895 2191 rerum
917 2161 1092 2193 suarum
1114 2145 1250 2205 pretia
1267 2144 1323 2189 ad
1340 2145 1471 2205 pedes

87 2219 394 2280 Apostolorum
417 2228 627 2279 ponentes
645 2255 656 2273 ‚
675 2228 726 2263 ut
745 2218 1075 2263 distribueretur
1099 2216 1336 2276 unicuique
1353 2216 1470 2263 sicut

87 2290 246 2350 cuique
268 2305 377 2350 opus
399 2300 490 2334 erat
508 2325 518 2345 ,
559 2290 719 2350 quibus
750 2298 840 2333 erat
873 2289 1015 2333 anima
1044 2296 1132 2332 una
1163 2296 1204 2332 et
1231 2303 1306 2332 cor
1331 2302 1471 2331 unum

65 2385 74 2387 ·>
87 2361 133 2405 in
149 2362 332 2404 .Deum⁵.
367 2361 472 2413 Quis
493 2360 578 2405 hoc
599 2359 703 2405 fecit
725 2360 855 2404 etiam
884 2359 938 2404 de
960 2359 1041 2404 isto
1058 2358 1239 2419 pulvere
1260 2393 1270 2414 ‚
1291 2357 1375 2402 nisi·
1395 2355 1472 2419 qui

138 2476 145 2492 ¹
173 2468 254 2501 Psal.
273 2479 296 2508 1,
314 2465 343 2508 4.
374 2485 415 2491 -—
441 2475 454 2491 ²
476 2470 555 2501 Gen.
584 2479 607 2511 1,
630 2468 683 2502 26.
709 2485 750 2491 -—
767 2465 780 2490 3
799 2468 882 2500 Psal.
899 2478 954 2509 en,
980 2466 1028 2509 14.
1054 2484 1095 2490 —-
1114 2466 1129 2495 4
1151 2468 1228 2498 Luc.
1248 2477 1336 2505 xxm,
1357 2464 1473 2508 34.’--

97 2512 110 2536 ⁵
125 2527 195 2557 Act.
217 2536 251 2564 n,
278 2523 335 2565 41,
356 2523 439 2565 1ν,4
460 2524 564 2556 6139..
