1848 3261
239 221 481 256 ENARRATIO
511 227 559 256 ΙΝ
589 224 793 257 PsALMvM
825 225 961 254 cxv111
980 241 992 264 ,
1026 221 1165 253 SERMO
1197 225 1293 254 v111.
1369 212 1454 255 415

70 291 283 336 habendae
304 294 436 336 sunt?
456 294 566 337 Nam
585 292 693 353 quid
714 300 814 336 sunt
839 290 1168 351 justificationes
1182 325 1192 344 ‚
1223 291 1305 334 nisi
1328 306 1457 351 opera

65 362 182 421 justa
199 398 210 417 ‚
231 379 320 407 non
339 363 472 407 verba
491 365 509 407 Ρ
530 367 592 408 Ac
614 379 691 423 per
717 364 801 407 hoc
820 370 1002 422 possunt
1029 360 1282 404 infirmitate
1305 363 1458 407 animae

70 448 161 477 non
181 432 414 477 desiderari
433 455 443 491 3
469 444 513 478 et
534 435 698 479 ratione
719 433 876 478 mentis
890 468 901 488 ,
933 432 1011 476 ubi
1031 431 1203 475 videtur
1225 448 1356 490 quam
1375 434 1460 478 sint

70 501 196 547 utiles
212 512 343 563 atque
360 504 569 560 salubres?
586 513 728 563 potest
745 519 894 547 earum
916 501 1178 546 desiderium
1192 502 1456 560 concupisci.

73 574 196 632 Saepe
219 575 335 618 enim
357 575 463 634 quid
487 576 706 634 agendum
728 575 783 618 sit
798 573 1018 627 videmus,
1043 587 1124 615 nec
1145 571 1308 628 agimus
1329 591 1339 628 3
1360 572 1462 630 quia

70 658 159 686 non
180 644 369 688 delectat
380 655 430 688 ut
451 660 628 704 agamus
646 680 657 699 ‚
673 654 717 688 et
739 644 939 704 cupimus
954 652 1004 687 ut
1026 641 1228 686 delectet,
1249 641 1465 686 Praevolat

70 713 338 772 intellectus3
360 725 403 759 et
423 715 546 760 tarde
575 716 772 776 sequitur
791 750 802 770 ,
827 724 870 758 et
892 712 1129 774 aliquando
1151 728 1241 757 non
1265 713 1464 772 sequitur

68 784 286 828 humanus
318 795 449 846 atque
476 787 674 831 infirmus
703 787 900 831 affectus.
942 784 1048 829 Ideo
1075 800 1178 843 ergo
1218 784 1464 828 desiderare

69 855 404 914 concupiscebat
420 891 436 910 ,
455 872 555 914 quae
585 857 700 899 bona
723 871 813 899 esse
840 855 1048 899 cernebat
1063 889 1073 909 ,
1106 854 1285 913 cupiens
1312 869 1465 898 eorum

68 925 230 968 habere
247 923 581 969 delectationem
595 961 605 980 ‚
627 941 816 986 quorum
839 925 982 985 potuit
1003 924 1150 969 videre
1173 925 1400 968 rationem.

128 997 182 1038 V.
197 997 295 1039 Non
313 1006 459 1039 autem
472 996 546 1050 ait,
562 995 869 1055 Concupiscit3
891 994 981 1050 sed,
1006 1013 1026 1036 «
1047 995 1309 1053 Concupivit
1322 995 1465 1038 anima

73 1082 94 1105 »
129 1079 225 1108 mea
252 1064 496 1110 desiderare
524 1067 854 1126 justificationes
881 1075 991 1109 tuas.
1021 1083 1041 1106 »
1075 1068 1272 1108 Fortasse
1303 1066 1465 1124 quippe

73 1135 166 1179 talis
193 1145 285 1180 erat
318 1137 397 1180 iste
426 1137 567 1181 incola
589 1138 636 1180 in
666 1147 802 1191 terra,
829 1137 905 1197 qui
935 1137 1024 1195 jam
1051 1143 1309 1194 pervenerat
1343 1135 1398 1177 ad
1420 1135 1465 1178 id

71 1205 192 1265 quod
214 1207 523 1266 concupiverat
543 1212 562 1260 ‚⁷
576 1208 755 1267 jamque
793 1206 1068 1250 desiderabat
1090 1221 1158 1249 eas
1173 1240 1183 1259 ‚
1210 1219 1395 1264 quarum
1420 1219 1464 1247 se

71 1276 332 1321 desiderium
357 1277 591 1338 aliquando
614 1279 868 1338 concupisse
897 1286 1224 1322 commemorat.
1255 1277 1297 1320 Si
1320 1284 1466 1318 autem

67 1348 154 1406 jam
173 1346 447 1391 desiderabat
466 1383 476 1402 ,
502 1363 580 1391 cur
597 1364 686 1392 non
708 1349 900 1391 habebat
916 1351 1042 1390 ‘2N0n
1060 1347 1177 1389 enim
1196 1346 1361 1405 aliquid
1384 1346 1470 1388 im—

72 1417 191 1476 pedit
225 1417 460 1477 quominus
497 1417 742 1461 habeantur
764 1417 1094 1477 justificationes
1125 1416 1225 1471 Dei,
1257 1416 1338 1460 nisi
1364 1416 1467 1476 quia

72 1504 161 1532 non
183 1488 486 1533 desiderantur
507 1524 518 1544 ,
542 1488 649 1532 dum
667 1505 757 1532 non
787 1488 833 1531 in
861 1503 931 1531 eas
959 1487 1143 1531 charitas
1167 1485 1304 1530 fervet
1322 1522 1332 1541 ‚
1359 1503 1469 1546 qua-

71 1575 169 1604 rum
192 1560 361 1604 claritas
382 1559 516 1604 lucet.
540 1564 609 1604 An
638 1560 833 1604 habebat
853 1575 922 1602 eas
939 1594 950 1613 ,
971 1567 1103 1618 atque
1124 1557 1330 1601 faciebat?
1357 1561 1467 1602 Nam

71 1630 202 1689 paulo
220 1639 318 1689 post
340 1630 446 1674 dicit
461 1666 471 1685 ‚
498 1649 517 1671 «
538 1632 694 1674 Servus
718 1639 861 1673 autem
887 1638 988 1673 tuus
1011 1628 1292 1672 exercebatur
1314 1628 1357 1671 in
1370 1628 1467 1688 jus-

74 1719 94 1742 »
130 1701 440 1745 tificationibus
464 1701 590 1744 tuis1.
617 1719 637 1741 »
668 1700 751 1745 Sed
773 1700 934 1760 quibus
958 1700 1081 1759 quasi
1105 1699 1309 1756 gradibus
1326 1697 1380 1742 ad
1397 1713 1467 1742 eas

72 1771 371 1831 perveniatur,
412 1770 615 1815 ostendit.
642 1771 766 1814 Prius
795 1779 858 1814 est
880 1771 993 1813 enim
1020 1763 1070 1813 ut
1103 1769 1304 1813 videatur
1333 1784 1466 1829 quam

72 1842 158 1885 sint
177 1840 304 1885 utiles
337 1850 380 1884 et
402 1842 595 1884 honestae
612 1861 623 1897 3
642 1840 801 1883 deinde
822 1849 871 1883 ut
898 1856 1046 1883 earum
1070 1839 1332 1884 desiderium
1360 1854 1467 1882 con-

72 1913 340 1971 cupiscatur3
364 1921 584 1971 postremo
606 1920 656 1955 ut
677 1911 1112 1970 proficientelumine
1135 1919 1266 1970 atque
1284 1910 1466 1954 sanitate

73 1983 260 2027 delectet
275 1999 425 2027 earum
448 1992 491 2026 et
512 1983 729 2042 operatio,
755 1998 940 2042 quarum
964 1981 1053 2026 sola
1073 1982 1181 2025 ratio
1200 1981 1461 2025 delectabat.

76 2055 161 2098 Sed
184 2069 233 2098 ea
263 2070 362 2114 quae
394 2063 661 2114 sequuntur,
699 2053 906 2113 quoniam
931 2053 1021 2112 jam
1044 2053 1124 2096 iste
1149 2051 1340 2112 prolixus
1369 2060 1462 2106 est,

72 2124 156 2169 alio
173 2140 387 2180 sermone,
403 2125 637 2185 adjuvante
652 2124 837 2169 Domino
848 2158 859 2179 ‚
886 2123 1156 2168 commodius
1178 2123 1459 2168 disserentur.

122 2229 130 2244 ¹
148 2222 227 2255 Psal.
246 2233 353 2264 vanl,
370 2223 425 2255 23.
