1848 3261
358 179 444 220 514
793 188 828 218 s.
863 189 1095 220 Avensa-rm
1127 193 1311 221 Eprseom

352 257 418 301 sui
450 255 615 300 arbitrii
637 258 1002 315 praesumentibus
1026 258 1096 302 lex
1127 257 1326 315 daretur,
1351 274 1439 319 qua
1460 260 1741 319 praevaricata

352 327 620 388 quicumque
637 329 887 388 compuncti
905 328 1256 385 humiliarentur,
1280 346 1369 374 non
1381 331 1471 389 jam
1489 346 1565 390 per
1580 330 1739 389 legem,

352 397 428 441 sed
448 413 525 457 per
552 397 685 442 fidem
706 397 762 442 ad
783 399 1115 444 subvenientem
1137 409 1361 444 currerent
1384 400 1579 458 gratiam.
1611 400 1744 444 Dissi-

351 477 451 528 pata
475 484 577 528 ergo
598 467 694 527 lege
716 478 889 527 tempus
907 468 993 513 fuit
1014 480 1064 515 ut
1092 486 1169 531 per
1186 471 1462 530 unigenitum
1482 469 1642 514 Filium
1664 471 1742 515 Dei

349 538 643 583 misericordia
674 538 936 583 mitteretur.
959 543 1046 585 Lex
1067 542 1184 586 enim
1204 541 1467 585 subintravit
1483 575 1494 596 ,
1519 549 1569 584 ut
1597 540 1740 583 abun-

350 608 474 653 daret
495 608 707 653 delictum
732 625 847 669 :quo
869 608 1030 655 delicto
1047 614 1138 656 Lex
1159 611 1362 672 dissipata
1383 621 1448 657 est
1466 632 1478 669 3
1513 620 1557 656 et
1579 626 1741 670 oppor—

350 688 460 724 tuno
478 680 571 738 jam
595 688 788 739 tempore
809 680 1005 725 Christus
1027 681 1203 726 advenit
1228 702 1237 726 2
1267 701 1284 722 «
1314 686 1369 727 Ut
1386 682 1466 726 ubi
1500 680 1743 726 abundavit

356 770 374 792 »
410 749 620 794 delictum
639 784 650 804 ‚
671 750 1047 808 superabundaret
1069 753 1247 811 gratia1.
1278 773 1297 794 »

411 822 534 865 VIII.
565 840 583 861 ‹<
611 819 738 876 Ideo,
763 820 927 880 inquit⁷
951 821 1080 866 dilexi
1105 823 1310 868 mandata
1341 832 1416 868 tua
1432 838 1563 882 super
1581 816 1735 867 aurum

356 914 373 936 »
409 901 454 936 et
473 891 719 952 topazion‘2.
745 912 763 933 »
788 891 839 936 Id
857 893 945 951 agit
965 894 1124 952 gratia,
1145 904 1196 939 ut
1217 895 1453 939 dilectione
1475 894 1745 954 impleantur

352 962 557 1007 mandata
573 962 662 1018 Dei,
679 977 778 1021 quae
793 963 944 1007 timore
955 980 1044 1008 non
1057 975 1274 1024 poterant.
1294 985 1311 1005 «
1331 965 1475 1009 Gratia
1490 966 1651 1025 quippe
1667 964 1745 1007 Dei

358 1053 377 1075 »
414 1033 679 1079 diffunditur
709 1035 894 1080 charitas
927 1036 974 1080 in
1007 1035 1212 1080 cordibus
1243 1035 1398 1080 nostris
1420 1051 1497 1094 per
1536 1034 1746 1094 Spiritum

351 1115 548 1150 sanctum
568 1142 579 1162 ,
605 1108 682 1167 qui
715 1107 843 1152 datus
876 1116 941 1151 est
973 1107 1144 1151 nobis&
1175 1127 1192 1148 »
1219 1110 1402 1166 Propter
1429 1105 1551 1166 quod
1583 1115 1629 1149 et
1655 1106 1746 1164 ipse

354 1178 565 1221 Dominus
583 1178 713 1224 dicit:
738 1198 758 1222 «
778 1181 876 1225 Non
897 1178 997 1224 veni
1015 1181 1172 1235 Legem
1190 1177 1355 1222 solvere
1370 1213 1380 1233 ,
1397 1177 1473 1222 sed
1489 1176 1670 1236 implere
1680 1176 1742 1230 4‚>›

354 1249 411 1290 Et
431 1247 548 1291 idem
570 1249 803 1308 Apostolus
830 1269 839 1294 :
869 1268 886 1289 «
916 1248 1148 1293 Plenitudo
1171 1249 1294 1306 Legis
1311 1248 1540 1292 charitas5.
1570 1267 1588 1288 »
1611 1246 1743 1301 Ideo,

360 1335 377 1357 «
418 1320 555 1377 Super
573 1335 729 1362 aurum
753 1328 796 1362 et
812 1319 1028 1378 topazion.
1050 1339 1067 1359 »
1091 1322 1184 1363 Hoc
1205 1320 1321 1362 enim
1343 1328 1386 1362 et
1406 1319 1452 1363 in
1469 1317 1552 1362 alio
1576 1316 1747 1361 Psalmo

355 1387 514 1446 legitur
539 1409 548 1434 2
579 1409 596 1430 «
617 1392 755 1449 Super
777 1405 932 1433 aurum
951 1398 995 1433 et
1011 1388 1201 1448 lapidem
1213 1389 1450 1448 pretiosum
1468 1387 1656 1432 multum
1671 1390 1704 1432 ⁶.
1724 1408 1742 1428 »

361 1461 579 1519 Topazion
601 1461 763 1521 quippe
784 1459 973 1520 lapidem
1003 1460 1192 1505 multum
1216 1461 1445 1519 perhibent
1478 1476 1566 1504 esse
1584 1460 1747 1519 pretio-

355 1545 467 1574 sum.
496 1534 548 1575 In
570 1534 843 1576 Testamento
863 1540 1009 1576 autem
1026 1532 1172 1575 Veteri
1189 1530 1398 1576 latentem
1420 1532 1618 1589 gratiam,
1647 1540 1743 1574 tan-

357 1618 487 1661 quam
517 1602 614 1647 velo
635 1603 912 1663 interposito,
933 1618 1022 1646 non
1044 1603 1334 1660 intelligentes
1348 1637 1360 1657 ‚
1387 1603 1509 1663 quod
1529 1603 1746 1661 significa—

357 1672 488 1716 batur
509 1673 687 1733 quando
709 1673 755 1716 in
777 1672 932 1717 faciem
954 1673 1094 1730 Moysi
1123 1673 1349 1717 intendere
1372 1690 1461 1718 non
1483 1673 1689 1717 valebant
1703 1675 1746 1728 ⁷,

356 1752 534 1802 propter
558 1742 802 1787 mercedem
824 1752 1040 1786 terrenam
1065 1752 1196 1802 atque
1212 1743 1428 1787 carnalem
1447 1744 1523 1787 Dei
1545 1743 1750 1787 mandata

357 1811 500 1856 facere
518 1814 791 1857 conabantur
806 1846 817 1866 ‚
842 1826 986 1871 neque
1015 1810 1232 1855 faciebant
1257 1830 1266 1856 ε
1291 1812 1395 1871 quia
1422 1827 1512 1856 non
1529 1812 1619 1870 ipsa
1636 1847 1647 1867 ‚
1673 1813 1749 1857 sed

359 1882 481 1927 aliud
509 1882 765 1942 diligebant.
794 1881 919 1926 Unde
945 1881 1018 1926 illa
1040 1897 1131 1925 non
1168 1891 1292 1926 erant
1313 1897 1444 1941 opera
1471 1882 1714 1927 volentium
1730 1917 1742 1938 ‚

358 1953 435 1998 sed
453 1969 585 1998 onera
606 1954 750 2013 potius
771 1952 1024 1997 invitorum.
1044 1955 1158 1997 Cum
1174 1967 1278 1997 vero
1297 1953 1389 2012 ipsa
1414 1953 1619 1998 mandata
1647 1952 1749 1998 dili-

362 2034 526 2084 guntur
546 2040 675 2084 super
693 2039 849 2069 aurum
867 2033 910 2068 et
923 2023 1112 2083 lapidem
1129 2025 1366 2084 pretiosum
1388 2024 1592 2079 multum,
1609 2026 1747 2070 omnis

360 2112 452 2155 prae
475 2097 576 2156 ipsis
597 2096 809 2140 mandatis
839 2104 1011 2139 terrena
1036 2095 1130 2139 vilis
1153 2105 1216 2140 est
1244 2111 1407 2140 merces
1423 2131 1434 2150 ‚
1469 2111 1549 2139 nec
1578 2095 1668 2140 ulla
1697 2112 1748 2140 ex

360 2158 486 2226 parte
516 2174 822 2226 comparantur
853 2181 1146 2226 quaecumque
1177 2165 1259 2210 alia
1290 2167 1478 2211 hominis
1509 2167 1647 2222 bona,
1681 2167 1747 2210 his

362 2238 489 2283 bonis
510 2238 671 2298 quibus
684 2238 775 2297 ipse
796 2238 928 2282 homo
951 2238 1001 2281 fit
1022 2238 1179 2282 bonus.

425 2311 502 2354 lx.
533 2328 552 2351 «
574 2312 805 2368 Propterea
824 2343 835 2363 ,
857 2307 1024 2368 inquit,
1047 2307 1103 2352 ad
1124 2309 1269 2352 omnia
1293 2308 1495 2353 mandata
1517 2318 1591 2352 tua
1614 2309 1747 2353 corri-

411 2431 419 2447 ¹
444 2425 540 2456 Rom.
556 2435 589 2461 v.
606 2433 658 2455 20.
682 2441 722 2445 —
743 2430 755 2445 ²
773 2422 853 2454 psat.
874 2433 986 2461 cxvm,
1010 2431 1081 2464 1¹27.
1096 2440 1137 2444 —-
1158 2421 1171 2445 3
1190 2425 1279 2454 Rom.
1304 2435 1337 2463 v,
1359 2424 1388 2455 5,
1411 2441 1452 2446 —-
1470 2422 1484 2451 4
1503 2423 1612 2455 Matth.
1635 2436 1669 2463 v,
1691 2436 1742 2465 17.

424 2478 439 2502 5
457 2480 548 2512 Rom.
564 2491 632 2521 xrn,
656 2490 705 2512 10.
728 2495 768 2501 —-
792 2476 808 2497 ⁵
829 2477 907 2510 Psal.
928 2490 1014 2519 xvm,
1038 2489 1088 2511 11.
1111 2486 1178 2511 ——7
1200 2480 1297 2510 Exoti.
1325 2490 1438 2520 xxxxv,
1459 2480 1569 2521 33-35,
1591 2485 1655 2512 et2
1671 2482 1743 2513 Cor.

363 2547 411 2578 111,
431 2537 468 2568 13
492 2535 541 2567 16.
