1848 3261
522 238 763 269 ENARRATIO
793 240 840 268 m
870 236 1074 267 PsALMuM
1104 241 1170 268 cv.
1422 232 1506 270 229

186 306 399 350 XXXIII.
435 322 455 347 «
481 306 538 349 Et
568 305 840 349 abominatus
862 311 925 347 est
955 302 1252 348 haereditatem
1285 320 1421 350 suam.
1452 309 1510 351 Et

129 392 152 418 »
187 375 368 420 tradidit
384 391 455 420 eos
471 376 517 419 in
535 391 688 420 manus
707 374 929 429 Gentium,
950 383 994 418 et
1010 373 1218 418 dominati
1241 385 1342 420 sunt
1357 393 1509 422 eorum

131 463 152 488 »
187 447 263 506 qui
281 446 462 491 oderant
477 462 548 490 eos
568 455 636 491 :et
659 444 980 490 tribulaverunt
1001 459 1072 489 eos
1092 445 1254 489 inimici
1277 461 1443 501 eorum,
1464 457 1508 492 et

130 534 151 558 ν)
185 516 402 561 humiliati
426 525 526 561 sunt
545 516 626 560 sub
648 514 849 559 manibus
871 517 1093 559 eorum1.»
1122 515 1304 567 Quando
1322 532 1394 561 eos
1415 518 1509 561 hae-

125 587 353 631 reditatem
379 588 456 631 Dei
485 586 671 640 vocavit,
702 583 982 629 manifestum
1000 594 1063 629 est
1079 584 1199 645 quod
1220 601 1309 630 non
1331 585 1386 631 ad
1406 602 1508 647 per-

125 655 350 712 ditionem,
378 656 454 701 sed
479 657 535 701 ad
566 655 838 715 disciplinam
861 671 932 699 eos
954 655 1227 700 abominatus
1249 665 1313 701 est
1318 692 1335 713 ,
1359 666 1402 701 et
1420 667 1510 703 tra-

123 726 234 771 didit
263 728 308 770 in
341 742 493 772 manus
524 727 816 772 inimicorum.
852 726 1051 787 Denique
1081 727 1300 787 sequitur,
1341 746 1361 770 «
1386 730 1508 790 Saepe

123 815 145 840 »
179 798 379 843 liberavit
394 815 481 843 eos.
508 817 530 840 »

177 871 385 913 XXXIV.
419 889 438 911 t<
465 869 550 928 Ipsi
573 878 717 913 autem
741 868 1103 914 exacerbaverunt
1126 884 1227 913 eum
1259 869 1306 913 in
1327 870 1507 916 consilio

121 956 142 981 >›
177 943 298 984 suo‘l.
321 958 339 981 »
370 942 463 987 Hoc
483 949 546 984 est
569 939 690 1000 quod
711 940 907 999 superius
933 939 1015 984 ait:
1040 958 1060 981 «
1080 943 1178 985 Non
1209 941 1508 987 sustinuerunt

120 1027 141 1051 »
169 1010 398 1054 consilium
420 1012 556 1071 ejus.»
577 1010 868 1054 Perniciosum
886 1018 1028 1055 autem
1047 1011 1347 1054 estconsilium
1360 1012 1508 1056 homi-

117 1079 186 1123 nis
205 1080 287 1139 ipsi
309 1081 492 1136 homini,
516 1097 604 1140 quo
618 1096 665 1124 ea
679 1080 835 1140 quaerit
852 1096 951 1139 quae
967 1096 1042 1124 sua
1060 1090 1176 1136 sunt,
1201 1097 1290 1126 non
1308 1098 1407 1142 quae
1429 1083 1509 1127 Dei

116 1159 219 1194 sunt
233 1147 264 1194 3.
292 1154 343 1194 In
365 1152 487 1211 cujus
509 1150 762 1195 haereditate
778 1185 788 1205 ‚
814 1151 934 1211 quod
953 1151 1041 1210 ipse
1063 1152 1189 1195 nobis
1211 1161 1296 1208 est,
1322 1168 1424 1197 cum
1450 1152 1506 1198 ad

115 1219 354 1264 fruendum
370 1237 413 1265 se
426 1221 620 1280 praebere
637 1220 857 1279 dignatur,
878 1220 1021 1266 nullas
1035 1222 1251 1281 patiemur
1268 1238 1369 1267 cum
1387 1238 1506 1268 sanc-

115 1292 170 1336 tis
192 1292 403 1337 societatis
418 1293 651 1351 angustias,
669 1292 902 1337 dilectione
915 1293 975 1337 rei
989 1303 1147 1338 nostrae
1164 1294 1286 1355 quasi
1305 1295 1501 1354 privatae.

116 1362 428 1407 Gloriosissima
451 1363 616 1423 quippe
638 1361 712 1406 illa
741 1363 889 1407 civitas
912 1364 1068 1422 adepta
1089 1365 1341 1423 promissam
1369 1366 1505 1409 haere-

116 1432 311 1488 ditatem,
333 1433 380 1477 in
394 1450 479 1493 qua
492 1433 639 1478 nullus
661 1433 887 1488 morietur,
909 1433 1243 1491 nullusorietur‚
1262 1452 1351 1480 non
1363 1436 1504 1481 habe-

113 1503 180 1548 bit
201 1505 312 1548 cives
336 1504 413 1564 qui
439 1504 598 1563 singuli
625 1503 843 1561 gaudeant
865 1504 951 1547 suis
982 1505 1133 1561 rebus,
1161 1507 1262 1566 quia
1286 1510 1399 1552 Deus
1422 1508 1503 1553 erit

113 1575 258 1619 omnia
280 1575 325 1618 in
346 1575 548 1619 omnibus
562 1575 594 1617 4.
621 1575 757 1634 Cujus
775 1574 1020 1618 societatem
1040 1576 1234 1636 quisquis
1251 1577 1297 1620 in
1317 1578 1400 1623 hac
1422 1595 1502 1639 pe-

112 1644 401 1702 regrinatione
424 1643 611 1688 fideliter
633 1653 676 1688 et
700 1644 932 1701 flagranter
949 1643 1273 1702 desideraverit,
1300 1650 1502 1695 assuescit

111 1715 287 1775 privatis
308 1714 514 1774 praeferre
536 1715 800 1770 communia,
821 1730 910 1759 non
926 1731 1001 1759 sua
1025 1717 1279 1775 quaerendo,
1307 1718 1383 1763 sed
1400 1736 1500 1780 quae

111 1788 213 1830 Jesu
235 1786 393 1831 Christi
417 1805 424 1830 :
455 1801 510 1829 ne
531 1786 611 1831 sibi
646 1786 812 1845 sapiens
834 1794 876 1829 et
899 1785 979 1829 sibi
1002 1787 1246 1842 consulens,
1271 1791 1501 1835 exacerbet

110 1858 247 1900 Deum
269 1855 448 1900 consilio
470 1871 571 1912 suo3
597 1855 672 1899 sed
697 1870 873 1914 sperans
899 1855 1020 1915 quod
1042 1872 1131 1900 non
1146 1858 1282 1913 videt,
1305 1875 1393 1905 non
1415 1859 1500 1905 fes-

109 1926 219 1970 tinet
241 1926 295 1970 de
327 1926 392 1969 his
414 1941 513 1985 quae
534 1924 739 1969 videntur
760 1925 853 1969 fieri
875 1925 1026 1970 beatus
1041 1961 1051 1981 ‚
1089 1936 1219 1987 atque
1239 1927 1351 1974 illud
1374 1940 1499 1975 aeter-

109 2012 217 2040 num
236 1995 357 2056 quod
378 2012 467 2040 non
494 1995 669 2040 videtur
695 1995 909 2055 patienter
939 2006 1189 2056 expectans,
1215 1999 1306 2058 ejus
1325 2000 1372 2044 in
1392 2016 1497 2060 pro-

107 2068 384 2113 missionibus
417 2077 626 2129 sequatur
658 2066 911 2123 consilium,
954 2069 1078 2128 cujus
1110 2070 1156 2113 in
1182 2072 1497 2118 tentationibus

106 2147 309 2198 precatur
341 2138 565 2182 auxilium.
598 2141 663 2182 Ita
697 2138 777 2182 erit
805 2147 848 2182 et
879 2138 1055 2183 humitis
1076 2140 1122 2183 in
1153 2139 1495 2186 confessionibus

107 2210 216 2265 suis,
245 2226 300 2254 ne
322 2211 397 2254 fiat
423 2210 606 2255 istorum
629 2209 778 2254 similis
792 2245 802 2265 ‚
829 2209 884 2253 de
902 2210 1061 2270 quibus
1081 2210 1256 2269 dicitur,
1285 2231 1306 2256 «
1325 2215 1382 2258 Et
1400 2214 1490 2258 hu-

110 2298 130 2322 »
166 2279 319 2324 miliati
341 2291 442 2325 sunt
458 2281 504 2324 in
525 2281 830 2341 iniquitatibus
852 2281 953 2326 suis.
984 2299 1003 2323 »

165 2353 347 2394 XXXV.
368 2354 481 2395 Deus
502 2360 649 2395 tamen
671 2351 825 2411 plenus
846 2351 1136 2397 misericordia
1150 2388 1161 2409 ,
1190 2369 1280 2398 non
1304 2353 1492 2412 neglexit

107 2435 178 2465 eos
205 2440 214 2465 :
241 2440 261 2463 «
285 2424 342 2465 Et
367 2421 476 2466 vidit
502 2437 603 2466 cum
629 2421 968 2479 tribularentur,
999 2439 1100 2468 cum
1133 2424 1300 2468 audiret
1333 2425 1491 2469 oratio-

109 2509 130 2534 »
166 2508 266 2536 nem
295 2507 458 2538 eorum.
490 2496 548 2538 Et
569 2509 733 2538 memor
750 2492 835 2538 fuit
856 2496 1101 2539 testamenti
1118 2496 1199 2552 sui,
1218 2504 1261 2540 et
1282 2496 1489 2555 poenituit

154 2583 163 2599 ¹
184 2577 486 2621 Psa1.cv‚41,42.
509 2595 550 2603 -
575 2578 690 2612 21bid.
710 2578 764 2621 43.
785 2595 827 2603 -·
851 2578 989 2622 3Philip.
1008 2589 1170 2621 n,¹21.—-
1186 2580 1203 2608 4
1223 2592 1236 2613 1
1256 2582 1330 2614 Cor.
1349 2591 1406 2622 xv,
1426 2581 1479 2613 28.
