1848 3261
401 195 457 237 46
826 209 860 236 s.
895 205 1122 236 AUGUsTffll
1152 205 1335 237 EPISCOPI

402 291 422 318 »
457 273 521 318 los
542 273 588 317 in
620 287 780 327 unum,
806 282 850 317 et
870 288 999 331 regna
1017 308 1028 329 ‚
1060 282 1111 317 ut
1132 272 1320 317 serviant
1345 272 1577 322 Domino1.
1606 291 1627 319 »
1656 274 1782 319 Unde

398 344 482 389 hoc
498 341 685 399 factum,
709 343 789 389 nisi
805 343 1012 401 sanguine
1029 342 1422 389 mortificatorum?
1440 344 1559 388 unde
1581 344 1665 389 hoc
1688 343 1782 389 fac—

401 423 516 470 tum,
541 414 623 458 nisi
644 413 874 472 gemitibus
899 412 1274 472 compeditorum?
1296 413 1500 457 Exauditi
1530 429 1632 473 ergo
1655 423 1780 471 sunt,

399 485 477 546 qui
497 494 620 536 erant
646 485 692 528 iu
714 499 910 544 pressura
931 492 975 534 et
998 482 1243 528 humilitate
1261 504 1272 542 3
1296 493 1346 528 ut
1364 493 1474 529 esset
1495 485 1650 529 nostris
1672 494 1783 531 tem—

398 556 575 616 poribus
598 554 789 607 Ecclesia
814 554 861 605 in
889 563 1008 600 tanta
1037 554 1195 613 gloria,
1223 570 1355 615 quam
1378 555 1601 611 videmus,
1626 565 1676 600 ut
1691 556 1784 617 jam

399 643 529 686 regua
551 643 650 688 quae
671 625 1043 686 persequebantur
1060 661 1070 681 ,
1090 626 1181 685 ipsa
1199 626 1386 671 serviant
1407 626 1611 671 Domino.

457 701 532 742 VI.
563 718 583 740 «
605 696 845 757 Respondit
871 697 909 741 ei
930 696 976 740 in
1003 698 1069 741 via
1090 696 1358 742 fortitudinis
1385 713 1474 742 suae
1488 701 1520 742 ².
1550 717 1569 739 »
1595 698 1676 743 Cui
1701 713 1786 743 res,-

397 768 550 829 pondit
564 803 576 824 ,
610 768 692 812 nisi
713 767 932 812 Domino?
952 768 1057 821 Quis
1092 768 1316 827 respondit
1331 803 1342 822 ,
1375 783 1505 827 supra
1525 767 1749 813 videamus
1769 787 1778 812 :

400 859 420 882 «
454 842 511 889 Et
545 837 639 882 laus
672 839 762 898 ejus
776 873 786 893 ,
817 837 961 898 inquit
981 872 991 893 ,
1025 838 1071 881 in
1102 837 1371 896 Jerusalem,
1407 839 1453 882 in
1481 837 1784 894 conveniendo

400 930 419 953 υ
455 909 638 970 populos
659 910 706 954 in
725 925 865 960 uuum
885 945 895 964 ,
922 918 965 954 et
985 925 1117 968 regna
1132 944 1144 965 ,
1170 919 1219 954 ut
1241 909 1429 954 serviant
1452 910 1652 954 Domino.
1674 913 1785 955 Res-

402 1001 420 1024 »
456 981 611 1042 pondit
632 983 670 1025 ei
690 982 735 1025 in
759 981 828 1031 via
851 979 1121 1027 fortitudinis
1143 997 1246 1025 suae.
1277 999 1297 1022 »
1323 986 1429 1034 Quae
1446 980 1508 1025 illi
1531 980 1754 1040 respondit
1770 1015 1782 1036 ,

399 1061 474 1097 aut
490 1053 586 1113 quis
607 1051 670 1096 illi
691 1049 928 1111 respondit,
955 1051 1001 1094 in
1023 1052 1091 1097 via
1112 1049 1380 1096 fortitudinis
1399 1052 1514 1095 suae?
1536 1055 1787 1104 Quaeramus

399 1138 498 1182 ergo
530 1124 669 1183 primo
701 1123 796 1183 quis
819 1121 1062 1182 respondit,
1088 1131 1132 1166 et
1156 1122 1215 1166 sic
1238 1138 1485 1182 quaeremus
1513 1138 1613 1182 quae
1644 1122 1697 1168 sit
1717 1122 1787 1167 via

397 1193 665 1239 fortitudinis
687 1195 793 1254 ejus.
811 1193 1040 1252 Superiora
1063 1193 1196 1237 verba
1218 1193 1415 1237 indicant
1437 1191 1708 1252 respondisse
1729 1193 1784 1249 ei,

398 1275 473 1310 aut
493 1265 668 1310 laudem
683 1266 773 1325 ejus
788 1300 798 1319 ,
824 1273 899 1308 aut
921 1263 1159 1309 Jerusalem
1177 1283 1186 1309 z
1204 1279 1333 1323 supra
1351 1264 1468 1308 enim
1483 1263 1650 1307 dixerat
1671 1283 1681 1309 ι
1697 1266 1789 1308 «Et

401 1355 420 1379 n
455 1336 548 1381 laus
579 1337 670 1396 ejus
708 1336 754 1380 in
794 1335 1034 1380 Jerusalem
1055 1355 1066 1392 3
1103 1335 1149 1378 in
1187 1334 1490 1381 conveniendo
1521 1333 1708 1394 populos
1741 1334 1789 1379 in

400 1427 419 1449 »
454 1423 595 1452 unum
612 1442 623 1462 ,
648 1416 691 1451 et
709 1421 863 1465 regna,
888 1415 938 1450 ut
955 1405 1144 1450 serviant
1166 1406 1368 1450 Domino.
1397 1405 1641 1465 Respondit
1673 1405 1735 1460 ei,
1763 1421 1784 1448 »

398 1495 488 1523 non
507 1493 734 1538 possumus
756 1477 899 1521 dicere
918 1496 926 1521 :
947 1479 1097 1535 Regna
1112 1496 1123 1533 3
1139 1476 1257 1536 quia,
1278 1475 1634 1535 Responderunt,
1660 1474 1789 1520 dixis}

398 1559 476 1594 set.
503 1568 523 1591 «
544 1547 784 1608 Respondit
805 1547 866 1601 ei,
881 1565 901 1587 »
923 1562 1012 1591 non
1033 1563 1258 1606 possumus
1277 1547 1422 1593 dicere
1447 1566 1456 1591 :
1478 1545 1635 1606 Populi
1655 1566 1665 1603 3
1686 1546 1789 1606 quia

397 1631 440 1666 et
459 1621 546 1675 hic,
567 1618 903 1679 Responderunt
921 1653 930 1673 ,
949 1617 1135 1663 dixisset.
1154 1619 1261 1672 Quia
1278 1634 1381 1677 ergo
1399 1637 1419 1660 «
1432 1617 1675 1678 Respondit
1696 1618 1779 1673 ei,»

396 1691 658 1751 singularem
678 1705 911 1735 numerum
936 1690 1171 1750 quaerimus
1192 1690 1410 1749 superius,
1436 1698 1479 1733 et
1498 1705 1589 1733 non
1611 1688 1783 1734 inveni-

397 1778 492 1807 mus
507 1798 517 1817 ,
543 1761 624 1806 nisi
645 1770 721 1805 aut
737 1759 913 1805 laudem
934 1761 1041 1820 ejus,
1063 1768 1107 1804 et
1124 1760 1378 1805 Jerusalem.
1398 1763 1453 1804 Et
1474 1760 1577 1820 quia
1597 1760 1681 1804 hoc
1697 1774 1784 1804 am,-

399 1834 579 1893 biguum
609 1841 672 1876 est
691 1867 703 1885 ,
741 1841 890 1876 utrum
911 1830 1005 1874 laus
1032 1831 1122 1890 ejus
1139 1866 1149 1885 ,
1177 1847 1231 1875 an
1253 1829 1514 1886 Jerusalem,
1541 1829 1784 1878 secundum

398 1913 635 1963 utrumque
669 1911 918 1946 tractemus.
952 1901 1181 1954 Quomodo
1214 1901 1253 1944 ei
1286 1900 1507 1958 respondit
1536 1900 1631 1945 laus
1659 1902 1784 1961 ers?

398 1973 582 2028 Quando
603 1973 642 2016 ei
667 1972 822 2031 gratias
848 1980 984 2030 agunt
1017 1971 1158 2015 vocati
1181 1971 1234 2015 ab
1257 1971 1348 2016 illo.
1374 1970 1455 2015 Ille
1486 1972 1601 2015 enim
1623 1981 1749 2016 vocat
1767 2006 1780 2027 ,

398 2061 477 2091 nos
510 2043 847 2104 respondemus,
874 2058 963 2086 non
989 2058 1095 2087 voce
1111 2078 1122 2097 ,
1147 2041 1223 2087 sed
1243 2043 1330 2086 fide
1350 2063 1361 2100 3
1385 2058 1474 2086 non
1506 2042 1658 2102 lingua
1673 2078 1684 2098 ‚
1708 2041 1784 2086 sed

398 2117 502 2162 vita.
531 2116 572 2161 Si
596 2115 711 2159 enim
732 2122 859 2158 vocat
881 2122 922 2156 te
947 2116 1076 2168 Deus,
1093 2122 1136 2156 et
1152 2113 1349 2173 praecipit
1370 2123 1420 2157 ut
1442 2113 1553 2157 bene
1575 2114 1715 2169 vivas,
1740 2121 1785 2158 et

400 2198 450 2232 tu
470 2185 584 2231 male
605 2186 726 2240 vivis,
744 2184 959 2229 vocationi
978 2186 1068 2244 ejus
1091 2200 1180 2228 non
1203 2183 1450 2243 respondes,
1476 2200 1557 2228 nec
1577 2184 1670 2228 laus
1692 2186 1784 2245 ejus

401 2258 635 2319 respondet
655 2257 693 2300 ei
711 2256 765 2300 de
786 2265 829 2300 te
847 2275 855 2300 :
876 2256 976 2316 quia
994 2256 1052 2300 sic
1067 2256 1248 2311 vivis,ut
1265 2255 1338 2299 ille
1356 2271 1445 2299 non
1466 2255 1687 2311 laudetur,
1708 2254 1783 2299 sed

400 2330 544 2390 potius
575 2327 900 2386 blasphemetur
931 2342 1006 2385 per
1028 2335 1085 2369 te.
1113 2328 1222 2371 Cum
1247 2335 1389 2369 autem
1413 2326 1472 2370 sic
1497 2326 1680 2370 vivimus
1696 2361 1707 2381 ,
1732 2334 1782 2369 ut

400 2416 476 2460 per
499 2415 575 2443 nos
598 2397 799 2442 laudetur
829 2400 939 2440 Deus
954 2432 964 2451 ,
986 2396 1208 2456 respondit
1224 2396 1260 2439 ei
1282 2396 1374 2440 laus
1399 2398 1504 2456 ejus.
1537 2399 1597 2440 De
1618 2396 1780 2441 vocatis

399 2480 444 2515 et
465 2469 621 2514 sanctis
648 2470 765 2529 ejus,
791 2466 1013 2526 respondit
1034 2476 1077 2511 et
1098 2465 1354 2512 Jerusalem.
1386 2468 1549 2512 Vocata
1573 2474 1636 2511 est
1663 2466 1779 2511 enim

450 2561 458 2578 ¹
480 2554 564 2587 Psal.
585 2565 628 2595 ei,
650 2552 703 2585 23.
721 2569 759 2576 -
781 2558 793 2574 ²
808 2551 889 2584 Ibid.
907 2550 960 2593 24.
