1848 3261
313 189 396 231 558
744 199 779 227 s.
814 194 1045 227 Aucvs‘nm
1077 196 1261 226 EPISCOPI

313 285 335 310 υ
371 281 460 312 cus.
496 282 516 307 >›
544 262 657 318 Quid
686 264 802 309 enim
833 264 953 309 aliud
978 264 1162 308 dicimus
1194 262 1284 307 istis
1318 260 1556 316 haereticis,
1585 261 1693 317 nisi,

311 337 570 398 Cognoscite
592 352 741 397 pacem
759 372 770 393 ,
796 346 936 381 amate
963 336 1145 398 pacem?
1166 336 1312 378 Justos
1332 348 1408 378 vos
1430 333 1584 377 dicitis.
1613 331 1698 377 Sed

311 411 345 454 si
361 409 468 470 justi
499 407 643 452 essetis
658 442 669 462 ‚
704 407 818 452 inter
839 406 1009 466 paleam
1032 421 1164 466 grana
1188 404 1428 464 gemeretis.
1453 406 1563 449 Nam
1595 404 1699 463 quia

312 496 445 540 grana
462 487 564 523 sunt
583 478 629 522 in
647 476 855 522 catholica
869 512 880 531 ‚
901 486 945 521 et
965 492 1066 521 vera
1088 492 1219 535 grana
1241 484 1343 519 sunt
1361 495 1372 532 3
1396 474 1494 519 ideo
1510 473 1699 518 tolerant

311 550 480 612 paleam
500 587 511 606 ‚
545 549 684 594 donec
712 549 948 593 ventiletur
970 564 1097 605 area3
1135 548 1237 609 quia
1270 548 1382 591 inter
1413 546 1581 606 paleam
1612 545 1701 589 cla-

311 631 434 667 mant
454 640 462 666 :
481 641 501 663 «
527 623 625 665 Heu
641 635 710 663 me
724 655 735 675 ‚
760 618 882 679 quod
899 618 1112 663 incolatus
1134 634 1254 662 meus
1276 617 1541 677 longinquus
1561 616 1701 660 factus

314 712 336 735 »
372 701 457 747 est,
482 690 722 735 inhabitavi
745 706 846 734 cum
877 687 1168 733 tabernaculis
1191 688 1348 733 Cedar.
1382 706 1402 729 »
1429 686 1698 742 Inhabitavi‚

311 764 456 825 inquit
471 798 482 818 ‚
502 777 603 806 cum
624 761 773 822 paleis.
803 760 888 806 Sed
905 759 1129 822 quomodo
1153 759 1209 804 de
1225 759 1348 819 palea
1371 758 1536 803 multus
1556 757 1702 802 fumus

312 835 398 880 exit
415 870 426 889 ‚
451 833 511 878 sic
532 832 587 877 de
610 831 751 878 Cedar
767 832 977 876 tenebrae.
1007 852 1027 874 «
1048 832 1297 876 Inhabitavi
1319 846 1420 876 cum
1442 830 1704 874 tabernacu-

316 924 338 947 »
372 905 424 949 lis
445 905 602 950 Cedar.
629 896 817 948 ‘Multum
841 903 1115 964 peregrinata
1137 911 1201 947 est
1236 903 1378 946 anima
1400 917 1511 945 mea.
1541 920 1561 942 »
1589 903 1704 944 Fru-

313 986 562 1022 mentorum
578 991 662 1020 vox
679 985 757 1030 est,
772 976 886 1019 inter
902 974 1045 1035 paleas
1065 975 1347 1034 gementium.
1362 976 1466 1018 Haec
1481 972 1706 1033 loquimur

313 1047 397 1092 illis
421 1047 498 1108 qui
522 1045 711 1091 oderunt
730 1061 881 1105 pacem
902 1065 910 1091 :
933 1055 975 1090 et
1001 1045 1206 1090 dicimus:
1237 1064 1257 1087 «
1281 1047 1395 1090 Cum
1416 1044 1482 1088 his
1504 1044 1580 1104 qui
1599 1043 1707 1087 ode-

317 1136 337 1161 »
374 1128 477 1163 runt
504 1132 658 1177 pacem
678 1152 689 1172 ⁷
716 1133 833 1161 eram
865 1117 1084 1177 pacificus.
1114 1135 1134 1157 »
1161 1117 1244 1170 Qui
1279 1125 1381 1160 sunt
1411 1117 1487 1176 qui
1516 1114 1706 1159 oderunt

315 1190 503 1250 pacem?
536 1188 618 1241 Qui
640 1186 932 1231 conscindunt
964 1188 1192 1231 unitatem.
1233 1188 1275 1232 Si
1305 1188 1421 1231 enim
1443 1201 1593 1246 pacem
1616 1200 1706 1230 non

316 1261 507 1306 odissent
527 1295 538 1315 ,
566 1260 612 1302 in
648 1259 816 1303 unitate
843 1258 1116 1303 mansissent.
1147 1259 1232 1304 Sed
1252 1259 1454 1303 videlicet
1476 1268 1707 1318 propterea

316 1347 360 1376 se
384 1338 695 1390 separaverunt
715 1364 725 1384 ‚
751 1338 801 1373 ut
819 1329 922 1389 justi
949 1338 1111 1384 essent,
1135 1339 1185 1373 ut
1207 1345 1297 1373 non
1318 1330 1532 1373 haberent
1553 1329 1707 1372 mixtos

316 1403 513 1462 injustos.
537 1403 626 1444 Aut
644 1408 790 1443 nostra
813 1409 876 1443 est
897 1399 976 1443 ista
997 1415 1102 1453 vox,
1125 1409 1200 1443 aut
1222 1399 1398 1443 illorum
1422 1419 1430 1444 :
1456 1399 1564 1458 elige
1586 1400 1708 1459 cujus

316 1472 385 1516 sit.
423 1469 648 1516 Catholica
679 1468 814 1524 dicit,
841 1472 940 1514 Non
969 1479 1032 1514 est
1055 1469 1313 1513 dimittenda
1343 1470 1508 1523 unitas,
1534 1485 1623 1513 non
1646 1478 1710 1513 est

317 1541 595 1602 praecidenda
616 1539 808 1584 Ecclesia
833 1541 925 1584 Dei.
956 1543 979 1585 J
986 1540 1180 1585 udicabit
1202 1544 1315 1585 Deus
1338 1539 1393 1584 de
1415 1540 1537 1585 malis
1559 1549 1598 1584 et
1626 1541 1709 1585 bo-

317 1615 384 1658 nis
411 1622 576 1672 postea.
606 1612 649 1656 Si
682 1627 801 1655 nunc
835 1610 937 1655 mali
971 1628 994 1655 a
1022 1612 1148 1656 bonis
1171 1613 1359 1672 separari
1382 1628 1472 1656 non
1493 1620 1674 1673 possunt
1693 1646 1704 1668 ‚

318 1683 488 1728 serendi
510 1691 612 1726 sunt
635 1681 690 1725 ad
708 1690 878 1740 tempus
905 1701 914 1726 ε
939 1681 1040 1725 mali
1062 1683 1106 1725 in
1129 1698 1224 1725 area
1247 1683 1476 1727 nobiscum
1498 1699 1587 1727 esse
1610 1699 1711 1742 pos-

319 1762 421 1797 sunt
435 1789 445 1807 ,
465 1753 511 1796 in
532 1753 690 1796 horreo
711 1767 802 1795 non
819 1760 1016 1810 possunt.
1044 1755 1100 1795 Et
1122 1751 1233 1796 forte
1255 1753 1387 1796 hodie
1409 1753 1485 1812 qui
1506 1753 1606 1797 mali
1630 1769 1709 1812 ap-

319 1832 496 1884 parent,
532 1838 624 1867 cras
647 1822 753 1866 honi
773 1831 926 1876 erunt,
953 1831 996 1866 et
1018 1823 1094 1882 qui
1117 1822 1172 1866 dc
1192 1822 1386 1867 bonitate
1409 1823 1538 1868 hodie
1556 1839 1707 1883 super-

320 1894 450 1938 biunt
465 1929 476 1949 ,
516 1909 608 1938 cras
639 1892 743 1936 mali
775 1892 1067 1936 invenientur.
1104 1894 1309 1954 Quisquis
1347 1909 1449 1953 ergo
1486 1894 1710 1939 humiliter

319 1964 456 2009 malos
479 1963 534 2008 ad
554 1973 726 2022 tempus
748 1962 831 2006 fert
851 1997 862 2017 ‚
898 1963 988 2022 ipse
1010 1964 1232 2022 perveniet
1254 1963 1307 2008 ad
1331 1964 1524 2024 requiem
1547 1965 1708 2025 sempi-

319 2044 505 2080 ternam.
528 2036 632 2078 Haec
648 2049 731 2078 vox
751 2032 963 2077 catholica
985 2044 1049 2078 est
1065 2036 1095 2078 ¹.
1112 2033 1293 2079 Illorum
1310 2044 1453 2079 autem
1468 2052 1551 2080 vox
1572 2035 1711 2096 qualis

321 2115 385 2150 est
399 2141 410 2161 ,
435 2120 525 2150 non
545 2104 884 2163 intelligentium
906 2120 1050 2164 neque
1072 2121 1171 2165 quae
1194 2104 1462 2166 loquuntur,
1491 2122 1635 2167 neque
1655 2106 1711 2151 de

321 2177 483 2238 quibus
504 2176 767 2220 affirmant2.
793 2194 813 2216 «
837 2177 899 2220 Ne
922 2184 1071 2234 tangas
1089 2176 1365 2221 immundum
1380 2179 1418 2232 ³,
1443 2195 1463 2218 »
1489 2186 1559 2233 et,
1583 2196 1603 2219 «
1624 2178 1709 2231 Qui

325 2264 346 2289 n
381 2247 570 2306 tetigerit
595 2244 871 2290 immundum
888 2281 899 2301 ‚
924 2246 1227 2307 inquinabitur
1242 2248 1273 2291 4.
1289 2266 1309 2288 »
1325 2249 1580 2307 Separemus
1601 2264 1679 2292 nos
1696 2284 1707 2304 ,

322 2333 379 2362 ne
400 2317 761 2362 commisceamur
778 2316 915 2361 malis.
937 2320 994 2362 Et
1015 2332 1093 2361 nos
1112 2315 1195 2361 illis
1215 2352 1225 2372 ‚
1251 2320 1405 2362 Amate
1427 2333 1593 2378 pacem,
1615 2317 1711 2363 dili-

324 2389 411 2448 gite
436 2390 664 2433 unitatem.
697 2388 874 2433 Nescitis
902 2404 925 2432 a
946 2403 1076 2448 quam
1099 2387 1246 2432 multis
1269 2389 1394 2433 bonis
1415 2390 1673 2449 separamini
1693 2425 1705 2446 ‚

323 2461 431 2505 dum
454 2461 578 2522 quasi
598 2458 720 2503 malis
743 2459 1096 2504 calumniamini?
1111 2463 1298 2516 Furunt,
1317 2461 1516 2517 saeviunt,
1533 2460 1710 2521 quando

371 2550 381 2569 ¹
402 2546 508 2580 Forte
525 2543 696 2580 Catholicae
716 2550 825 2579 est.--
840 2550 853 2569 ¹
876 2555 888 2578 1
909 2545 989 2578 Tim.
1011 2555 1034 2587 1,
1061 2555 1142 2587 7.-
1162 2542 1260 2579 usai.
1281 2556 1337 2588 Lu,
1360 2544 1487 2580 11.—4
1503 2546 1608 2580 Levit.
1623 2558 1660 2589 n,
1674 2545 1708 2588 4.
