1848 3261
404 233 644 262 ENARRATio
676 235 721 262 m
752 231 955 261 PSALMUM
986 234 1069 260 cvi.
1333 221 1407 261 24¹

42 316 163 346 orare
188 300 387 345 delectet.
415 300 555 344 Tertia
569 299 750 344 tentatio
761 298 892 358 priori
909 297 1124 343 contraria
1145 315 1153 342 ε
1173 299 1290 356 prius
1303 299 1419 343 enim

41 371 367 431 periclitabatur
389 371 504 414 fame
521 406 530 423 ‚
555 380 703 430 postea
720 368 910 413 fastidio.
933 367 1057 412 Unde
1074 377 1118 411 et
1137 368 1244 422 hoc,
1267 369 1349 412 nisi
1366 369 1421 412 de

42 442 233 503 quodam
248 442 455 500 languore
478 442 662 485 animae?
683 443 779 484 Jam
800 454 890 484 non
923 448 963 483 te
990 437 1113 483 illicit
1132 437 1395 482 adulterium
1408 473 1420 494 ,

43 529 123 557 nec
139 522 284 557 tamen
305 512 493 557 delectat
508 511 585 556 Dei
611 511 808 556 verbum.
834 513 931 555 Jam
952 519 1049 570 post
1071 509 1315 570 periculum
1338 509 1423 552 im-

44 583 208 643 peritiae
229 592 272 627 et
290 582 648 643 concupiscentiae
667 617 678 637 ,
715 582 769 625 de
791 581 951 642 quibus
981 580 1154 626 duobus
1175 590 1218 624 te
1247 580 1427 625 evasisse

44 654 202 698 laetaris
221 689 232 709 ‚
248 654 347 698 vide
359 670 414 698 ne
435 653 616 698 taedium
640 652 947 713 fastidiumque
971 662 1013 696 te
1029 661 1170 696 necet.
1190 653 1288 698 Non
1304 660 1367 696 est
1384 660 1428 695 et

45 725 122 769 ista
143 724 248 769 levis
271 725 453 769 tentatio
481 744 489 769 :
515 739 698 784 agnosce
720 733 762 768 te
784 724 829 767 in
850 722 923 767 illa
942 758 953 779 ‚
983 733 1027 767 et
1047 722 1238 767 exclama
1266 722 1321 767 ad
1342 728 1428 767 Do-

46 795 214 839 minum
228 829 243 850 ,
267 804 318 839 ut
339 794 392 839 de
414 795 740 839 necessitatibus
763 795 846 838 tuis
864 795 993 838 etiam
1009 795 1080 839 hic
1101 794 1259 838 liberet
1288 803 1331 838 te
1351 815 1362 852 3
1386 802 1430 837 et

48 867 102 912 de
120 868 202 912 hac
237 866 477 912 tentatione
499 865 707 910 liberatus
731 881 831 910 cum
852 863 984 909 fueris
1002 901 1013 922 ,
1047 866 1338 910 confiteantur
1366 865 1431 909 illi

49 940 342 984 miserationes
365 940 470 998 ejus.

109 1013 206 1055 VII.
230 1010 456 1054 Liberatus
475 1018 621 1053 autem
644 1009 700 1054 ab
722 1024 864 1054 errore
881 1045 892 1065 ,
916 1008 1123 1054 liberatus
1139 1025 1163 1054 a
1176 1008 1435 1054 difficultate

53 1082 164 1126 bene
186 1081 416 1142 operandi,
447 1080 654 1124 liberatus
677 1097 701 1125 a
726 1080 859 1125 taedio
890 1079 1152 1141 fastidioque
1179 1080 1300 1125 verbi
1325 1077 1404 1124 Dei
1420 1115 1431 1135 ‚

53 1153 242 1197 fortassis
261 1151 417 1211 dignus
440 1151 522 1194 eris
543 1151 614 1195 cui
637 1151 826 1210 populus
848 1151 1145 1196 committatur
1161 1187 1172 1206 ‚
1198 1151 1437 1196 constitua-

54 1223 110 1266 ris
123 1223 169 1266 in
192 1221 499 1281 gubernaculis
521 1221 642 1265 navis
658 1256 668 1276 ,
695 1230 892 1265 recturus
913 1221 1165 1266 Ecclesiam.
1193 1221 1261 1265 Ibi
1284 1231 1440 1282 quarta

54 1292 251 1337 tentatio.
276 1294 567 1350 Tempestates
580 1291 707 1335 maris
725 1292 968 1352 quatientes
983 1292 1217 1337 Ecclesiam
1234 1328 1244 1344 ,
1259 1293 1441 1337 turbant

55 1363 404 1422 gubernatorem.
425 1363 622 1422 Denique
645 1371 728 1406 tres
748 1362 841 1407 illas
867 1365 1126 1408 tentationes
1154 1365 1336 1424 experiri
1357 1380 1440 1424 po-

56 1444 140 1478 test
161 1434 300 1479 omnis
322 1433 418 1493 pius
441 1432 580 1477 fidelis
601 1433 647 1475 in
665 1433 829 1492 populo
861 1434 938 1478 Dei
965 1454 974 1479 :
1003 1444 1156 1494 quarta
1187 1435 1266 1480 ista
1294 1444 1441 1480 nostra

56 1513 133 1549 est.
158 1507 333 1557 Quanto
355 1503 467 1546 enim
497 1501 594 1562 plus
624 1503 891 1547 honoramur
909 1539 919 1558 ‚
954 1514 1076 1549 tanto
1106 1505 1204 1564 plus
1225 1505 1445 1564 periclita-

56 1592 170 1620 mur.
190 1574 479 1620 Metuendum
502 1583 566 1618 est
593 1589 648 1617 ne
662 1583 826 1619 avertat
849 1575 1039 1635 aliquem
1066 1585 1257 1621 vestrum
1288 1593 1311 1621 a
1332 1577 1446 1621 veri-

56 1658 145 1693 tate
160 1648 406 1708 periculum
429 1646 611 1702 erroris3
645 1646 932 1690 metuendum
955 1656 1020 1691 est
1051 1663 1106 1692 ne
1123 1649 1269 1692 vincat
1285 1664 1447 1692 unum—

58 1734 278 1781 quemque
299 1717 514 1777 cupiditas
532 1733 633 1772 sua‚
654 1726 697 1761 et
715 1717 845 1776 eligat
860 1734 955 1762 eam
968 1721 1088 1780 sequi
1105 1755 1115 1775 ‚
1135 1736 1267 1780 quam
1289 1736 1340 1764 ex
1354 1721 1446 1780 ejus

59 1789 390 1835 difficultatibus
420 1787 658 1832 exclamare
683 1787 738 1832 ad
765 1788 1024 1846 Dominum3
1060 1789 1348 1834 metuendum
1383 1799 1447 1834 est

60 1876 116 1905 ne
137 1859 375 1919 unicuique
389 1867 584 1903 vestrum
595 1858 738 1901 minus
752 1859 889 1917 sapiat
901 1860 1084 1903 verbum
1098 1861 1192 1915 Dei,
1209 1870 1252 1904 et
1274 1859 1448 1905 fastidio

61 1931 271 1976 moriatur
293 1949 302 1974 ι
322 1929 504 1973 tentatio
521 1943 624 1973 vero
639 1928 928 1987 gubernandi,
948 1930 1132 1975 tentatio
1152 1931 1446 1990 periculorum

61 2001 108 2045 in
124 2000 313 2060 regenda
334 1998 528 2043 Ecclesia
549 2014 627 2044 nos
649 1999 921 2058 potissimum
939 2000 1093 2060 tangit.
1122 2000 1206 2046 Sed
1224 2001 1448 2063 quomodo

63 2080 107 2116 et
127 2086 204 2116 vos
225 2069 355 2113 alieni
367 2069 483 2113 eritis
502 2104 514 2125 ,
539 2069 572 2113 si
588 2078 680 2114 tota
696 2070 817 2114 navis
835 2069 1173 2129 periclitabitur?
1196 2071 1326 2125 Quod
1347 2071 1446 2116 ideo

64 2141 181 2197 dixi,
203 2156 258 2185 ne
281 2141 328 2184 in
358 2140 440 2184 hac
468 2149 623 2200 quarta
645 2140 907 2196 tentatione,
932 2149 1142 2201 tanquam
1175 2151 1321 2187 nostra
1342 2157 1446 2202 pro-

65 2213 181 2273 pria,
207 2211 308 2267 (ubi
325 2226 433 2271 opus
455 2220 520 2255 est
539 2220 591 2255 ut
613 2210 669 2255 ab
693 2210 959 2255 orationibus
981 2227 1071 2256 non
1088 2211 1298 2257 desistatis
1313 2248 1323 2265 ,
1348 2228 1449 2257 nam

67 2298 143 2328 vos
158 2281 300 2341 primo
320 2281 586 2339 naufragatis
602 2282 642 2338 ‚)
662 2281 804 2324 minus
827 2280 996 2325 solliciti
1022 2281 1133 2337 sitis,
1159 2293 1201 2327 et
1222 2266 1449 2343 prffi'iobis

69 2353 212 2396 minus
234 2351 378 2395 oretis.
411 2351 527 2404 Quid
551 2351 689 2405 enim,
713 2351 888 2406 fratres,
914 2352 1016 2412 quia
1037 2351 1092 2396 ad
1120 2353 1272 2397 eadem
1292 2353 1451 2412 guber-

70 2423 226 2467 nacula
247 2438 337 2467 non
353 2421 508 2466 sedetis
529 2456 539 2476 ‚
574 2421 726 2466 nonin
743 2421 894 2465 eadem
916 2422 1016 2467 navi
1038 2424 1248 2482 navigatis
1266 2425 1283 2465 ‘3

131 2495 253 2537 VIII.
280 2496 382 2537 Post
398 2493 474 2537 has
496 2501 685 2552 quatuor
707 2491 964 2536 tentationes
981 2527 992 2548 ‚
1023 2503 1211 2553 quatuor
1237 2494 1452 2540 exclama-

70 2565 208 2609 tiones
222 2597 234 2620 ,
255 2573 442 2624 quatuor
464 2562 767 2618 liberationes,
804 2572 992 2623 quatuor
1015 2564 1342 2611 miserationum
1365 2565 1446 2611 do-

262 2644 416 2675 cxvm,
1242 2638 1291 2676 16
