1848 3261
316 200 560 232 ENARRATIO
590 203 637 232 ΙΝ
668 200 870 231 PsALMUM
901 203 1063 242 cvxm,
1096 201 1235 231 snmuo
1265 204 1311 231 x.
1417 190 1501 232 423

118 270 247 314 bent:
273 287 294 311 «
314 271 486 313 Instrue
507 283 593 312 me.
620 286 642 310 »
667 267 797 322 Quod
817 267 1053 327 expressius
1070 268 1125 311 de
1147 283 1287 326 graeco
1313 267 1499 312 dicitur:

122 358 144 382 «
177 342 264 383 Fac
285 354 355 383 me
373 337 654 398 intelligere1.
675 341 731 383 Et
753 338 984 382 exercebor
1001 337 1047 381 in
1068 337 1340 382 mirabilibus
1356 337 1456 382 tuis.
1478 355 1501 380 η

117 414 234 470 Ipsas
247 410 580 471 justificationes
600 410 848 469 ampliores,
874 425 979 470 quas
993 407 1261 468 proficiendo
1278 409 1400 468 cupit
1421 424 1502 468 ap-

116 480 408 541 prehendere,
431 480 644 525 mirabilia
662 481 738 525 Dei
759 489 899 525 vocat.
929 483 1039 525 Sunt
1069 494 1169 537 ergo
1193 478 1397 539 quaedam
1423 480 1503 523 Dei

111 551 439 611 justificationes
461 551 520 595 ita
537 550 779 606 mirabiles,
804 560 854 595 ut
879 551 1071 595 humana
1102 550 1329 594 infirmitas
1357 549 1412 593 ab
1445 550 1503 593 eis

115 622 192 682 qui
208 622 373 681 experti
395 638 484 666 non
496 631 613 676 sunt,
630 637 718 666 non
736 621 791 666 ad
813 638 881 666 eas
900 638 1022 681 posse
1039 621 1266 681 pervenire
1280 619 1499 664 credatur.

118 691 243 736 Unde
269 691 470 736 laborans
493 691 572 735 iste
587 727 598 747 ,
624 701 667 736 et
695 707 843 736 earum
865 691 1122 736 difficultate
1156 689 1348 752 quodam
1370 689 1504 735 modo

115 760 321 820 fatigatus
345 780 353 806 :
379 761 599 821 adjungit,
629 781 649 804 «
669 762 927 807 Dormitavit
949 763 1093 807 anima
1114 778 1209 806 mea
1230 777 1318 822 prae
1340 760 1502 820 taedi03

117 851 138 874 »
173 832 382 876 confirma
398 848 467 876 me
490 833 535 876 in
556 832 697 877 verbis
718 833 804 877 tuis
818 835 850 876 ².
872 851 893 875 »
919 832 1037 886 Quid
1058 842 1122 877 est
1144 852 1164 875 «
1180 832 1459 887 Dormitavit‚
1479 849 1501 874 »

115 903 197 948 nisi
218 903 271 947 ab
294 918 368 962 spe
391 902 611 962 refriguit,
643 920 730 964 qua
751 919 820 949 eas
838 919 882 948 se
903 904 1274 964 apprehensuram
1295 918 1384 947 esse
1406 917 1504 949 cre-

114 973 286 1018 diderat
297 975 315 1015 ‘2
337 973 421 1018 Sed
437 1008 448 1027 ‚
477 992 498 1016 «
534 975 755 1018 Confirma
777 990 847 1018 me
866 1009 877 1030 ‚
905 974 1078 1035 inquit,
1103 975 1149 1018 in
1178 974 1319 1019 verbis
1343 973 1428 1018 tuis
1446 1008 1458 1029 ‚
1480 990 1502 1015 »

114 1060 169 1090 ne
191 1045 246 1089 ab
261 1045 319 1088 eis
340 1060 518 1104 quoque
534 1080 545 1100 ‚
568 1046 624 1090 ad
640 1062 740 1106 quae
766 1046 1008 1106 pervenisse
1030 1061 1099 1090 me
1117 1047 1208 1106 jam
1236 1045 1376 1089 sentio
1390 1079 1402 1099 ,
1427 1043 1507 1088 de-

113 1115 255 1160 cidam
277 1114 554 1160 dormitando
574 1134 583 1160 z
610 1117 818 1160 confirma
840 1116 988 1176 itaque
1005 1129 1075 1157 me
1097 1114 1143 1158 in
1164 1115 1223 1158 eis
1244 1114 1388 1159 verbis
1402 1114 1504 1170 tuis,

113 1200 213 1245 quae
229 1186 319 1244 jam
342 1194 470 1229 teneo
486 1220 498 1240 ‚
523 1201 622 1245 quae
640 1187 731 1244 jam
749 1186 883 1240 facio,
908 1194 959 1229 ut
981 1200 1032 1229 ex
1053 1185 1113 1229 eis
1150 1184 1207 1229 ad
1242 1183 1325 1229 alia
1346 1184 1506 1245 possim

113 1255 382 1316 proficiendo
403 1254 675 1314 pertendere.

171 1329 226 1370 V.
246 1329 303 1370 Et
323 1324 431 1386 quid
456 1325 640 1384 impedit
672 1326 719 1370 in
753 1326 820 1370 via
838 1326 1207 1386 ‘justificationum
1229 1326 1308 1370 Dei
1331 1326 1390 1369 sic
1412 1340 1506 1369 am-

113 1396 266 1441 bulare
283 1432 294 1447 ,
319 1405 369 1439 ut
389 1396 522 1439 homo
540 1395 667 1440 stzcile
689 1397 822 1456 possit
843 1396 899 1440 ad
919 1396 994 1442 illa
1017 1398 1146 1441 etiam
1169 1396 1384 1440 mirabilia
1401 1412 1504 1456 per-

113 1468 294 1511 venire?
321 1465 438 1519 Quid
460 1476 664 1525 putamus
682 1501 694 1522 ‚
720 1467 800 1510 nisi
823 1466 943 1527 quod
961 1483 984 1511 a
1007 1483 1050 1511 se
1073 1467 1264 1512 amoveri
1284 1468 1330 1510 in
1354 1482 1506 1511 conse-

112 1537 346 1598 quentibus
361 1546 484 1595 rogat
502 1537 649 1581 dicens
666 1556 674 1582 :
697 1557 716 1579 «
732 1537 858 1581 Viam
876 1537 1115 1597 iniquitatis
1132 1552 1284 1581 amove
1301 1553 1325 1580 a
1342 1551 1412 1581 me
1424 1537 1466 1577 3?
1480 1555 1501 1578 »

113 1611 170 1653 Et
199 1608 301 1668 quia
327 1607 395 1651 lex
419 1606 635 1651 factorum
663 1627 682 1649 «
715 1608 1006 1662 Subintravit,
1026 1616 1077 1650 ut
1104 1607 1347 1651 abundaret
1370 1605 1507 1650 delic-

115 1696 136 1719 >›
172 1679 294 1721 tum4
317 1695 325 1718 z
347 1696 366 1718 >›
386 1677 606 1737 sequitur,
629 1686 670 1720 et
688 1676 794 1721 dicit
813 1696 821 1721 :
840 1696 859 1718 «
880 1680 938 1720 Et
953 1677 1049 1735 lege
1061 1686 1136 1721 tua
1149 1678 1348 1720 miserere
1365 1676 1465 1720 mei.
1483 1694 1504 1718 »

115 1751 211 1802 Qua
228 1746 323 1806 lege
336 1741 359 1802 ,ἓ
369 1747 448 1791 nisi
464 1747 559 1806 lege
575 1747 675 1790 fidei
692 1749 710 1791 Ξ)
730 1747 845 1791 Audi
861 1747 1119 1806 Apostolum
1143 1767 1151 1791 :
1176 1767 1195 1789 «
1215 1747 1300 1791 Ubi
1319 1755 1382 1791 est
1404 1762 1508 1805 ergo

116 1837 136 1861 »
173 1818 370 1878 gloriatio
410 1820 512 1861 tua?
548 1817 732 1861 Exclusa
770 1827 845 1861 est.
885 1817 966 1862 Pe‘r
994 1833 1126 1878 quam
1158 1817 1327 1876 legem?
1365 1815 1506 1861 facto-

116 1908 137 1931 »
174 1891 300 1933 rum?
322 1892 417 1933 Non
434 1924 444 1944 ,
474 1888 549 1932 sed
572 1904 647 1947 per
669 1888 809 1946 legem
837 1889 939 1933 fidei
965 1891 995 1932 ⁵.
1025 1908 1044 1930 »
1072 1892 1176 1933 Haeo
1198 1898 1262 1932 est
1281 1888 1349 1932 lex
1371 1887 1474 1932 fidei
1491 1923 1504 1944 ‚

113 1976 200 2018 qua
220 1958 436 2002 credimus
455 1968 497 2002 et
510 1975 681 2003 oramus
704 1975 780 2019 per
796 1959 977 2018 gratiam
1006 1960 1132 2004 nobis
1162 1959 1337 2015 donari,
1367 1968 1419 2003 ut
1444 1957 1507 2004 fa-

114 2030 278 2074 ciamus
310 2030 429 2088 quod
454 2046 529 2088 per
552 2031 839 2090 nosmetipsos
860 2031 1039 2090 implere
1057 2046 1148 2075 non
1174 2046 1426 2091 possumusf,
1450 2045 1507 2074 ne

114 2101 362 2159 ignorantes
384 2101 461 2143 Dei
481 2100 692 2159 justitiam
712 2136 722 2156 ,
744 2111 787 2145 et
802 2111 993 2146 nostram
1011 2102 1206 2147 volentes
1221 2102 1501 2157 constituere,

109 2170 290 2231 justitiae
315 2170 392 2213 Dei
417 2185 505 2213 non
526 2170 656 2213 simus
679 2171 905 2229 subjectifi.
928 2176 979 2216 In
991 2173 1245 2232 legeitaque
1267 2170 1501 2227 factorum,

115 2251 178 2287 est
203 2241 278 2285 Dei
290 2240 485 2300 jubentis
497 2241 662 2301 justitia
685 2261 692 2286 :
719 2241 867 2301 inlege
889 2253 1034 2289 autem
1057 2245 1187 2301 fidei,
1208 2243 1504 2289 subvenientis

116 2310 424 2357 misericordia.
1352 2310 1354 2312 '

176 2386 252 2427 VI.
280 2384 392 2427 Cum
410 2391 554 2426 autem
578 2383 753 2428 dixisset
776 2403 784 2429 :
814 2403 834 2427 «
851 2387 909 2429 Et
921 2384 1015 2444 lege
1036 2395 1112 2430 tua
1131 2386 1333 2430 miserere
1353 2384 1463 2442 mei3
1480 2402 1500 2425 »

167 2485 175 2500 ¹
193 2480 294 2510 Graec.
316 2475 469 2508 συνὲτισόν
484 2489 584 2521 μεκ-
607 2484 620 2500 ²
635 2479 717 2511 Psal.
737 2490 844 2521 exvm,
863 2480 971 2512 28.-—
985 2479 998 2504 3
1016 2481 1099 2514 Ibid.
1122 2490 1177 2524 29.
1197 2498 1239 2505 —-
1256 2479 1273 2512 ⁴
1290 2483 1385 2514 Rom.
1400 2491 1433 2522 v,
1446 2488 1502 2513 20.

121 2549 162 2555 —
182 2531 197 2556 5
214 2534 263 2566 ld.
278 2545 313 2576 11,
331 2543 386 2576 27.
403 2552 445 2557 —
463 2533 546 2568 6141.
568 2546 600 2577 x,
624 2536 655 2568 3.
