1848 3261
261 236 503 269 ENARRATIO
534 240 569 268 11
599 240 647 267 m
675 236 880 269 PsALMUM
909 240 977 278 01,
1011 237 1151 269 SERMO
1181 242 1231 270 11.
1389 228 1444 271 43

71 322 94 347 n
127 303 334 362 gemitum
364 302 708 363 compeditorum
726 339 737 359 ‚
770 313 822 348 ut
852 301 990 349 solva
1024 303 1135 348 {ilios
1162 305 1446 352 mortifie‘ato-

24 386 30 387 ’
71 391 93 416 »
127 376 270 418 rum1.
298 392 319 415 »
343 373 593 419 Invenimus
610 374 654 418 in
672 373 756 418 alio
777 373 947 418 Psalmo·
969 373 1135 418 dictum
1160 393 1169 419 ε
1199 390 1219 416 «
1244 377 1382 421 Intret
1402 377 1448 421 in

70 463 92 488 υ
127 454 409 507 conspectum
431 454 556 489 tuum
579 446 762 503 gemitus
779 445 1158 504 compeditorum²
1185 463 1195 490 :
1222 463 1242 486 »
1268 455 1311 490 et
1330 446 1376 490 in
1398 463 1449 492 eo

67 517 165 562 loco
182 517 361 572 dictum,
381 517 459 561 ubi
477 533 559 561 vox
581 520 827 575 Martyrum
844 514 1185 576 intelligebatur.
1199 517 1324 562 Unde
1340 512 1451 563 Mar-

68 598 185 647 tyres
207 588 471 649 compediti?
486 591 641 635 Nonne
662 589 849 634 catenati
870 588 1014 648 potius
1036 604 1168 649 quam
1190 589 1452 649 compediti?

67 662 231 705 Ductos
259 659 375 703 enim
402 669 572 704 sanctos
595 660 671 704 Dei
692 662 904 717 Martyres
920 670 1019 719 post
1031 659 1201 720 judices
1216 695 1227 715 ‚
1248 670 1326 720 per
1346 673 1452 720 pro-

66 730 228 775 vincias
249 730 583 786 circumeuntes,
607 732 653 774 in
674 740 846 776 catenas
868 731 1067 775 novimus
1088 732 1252 787 missos,
1269 732 1314 775 in
1337 747 1455 777 com-

67 801 198 860 pedes
226 811 370 845 autem
388 816 478 845 non
494 802 709 846 novimus.
733 805 1042 860 Agnoscuntur
1055 810 1097 845 et
1118 802 1350 862 compedes
1367 801 1455 847 dis-

67 870 240 931 ciplinae
261 872 338 915 Dei
360 881 404 915 et
423 872 589 916 timoris
610 873 704 933 ejus
721 900 731 927 ,
751 871 806 916 de
828 881 917 932 quo
933 871 1100 916 dictum
1123 881 1186 916 est
1207 891 1215 917 ε
1235 887 1254 915 «
1276 873 1455 918 Initium

71 960 93 983 »
128 942 350 1002 sapientiae
367 942 498 987 timor
514 943 726 987 Domini3.
743 947 857 987 »Per
877 944 996 988 hunc
1016 943 1130 987 enim
1148 944 1349 988 timorem
1366 957 1456 990 non

68 1012 311 1056 timuerunt
331 1013 440 1057 servi
462 1013 538 1057 Dei
560 1028 632 1057 eos
653 1013 730 1074 qui
752 1028 908 1074 corpus
925 1013 1148 1069 occidunt5
1173 1015 1358 1059 animam
1383 1032 1457 1061 au-

68 1092 157 1127 tem
180 1098 269 1127 non
291 1092 472 1142 possunt
493 1082 690 1128 occidere
713 1103 722 1128 :
747 1084 849 1143 quia
876 1098 976 1129 eum
999 1085 1212 1129 timebant
1232 1086 1308 1145 qui
1325 1085 1457 1130 habet

68 1161 327 1214 potestatem
364 1163 406 1198 et
438 1166 595 1213 corpus
626 1163 670 1198 et
702 1154 891 1199 animam
920 1153 1116 1199 occidere
1145 1155 1190 1199 in
1214 1154 1456 1215 gehennam

68 1224 225 1283 ignis⁴.
255 1224 345 1269 Nisi
368 1225 483 1268 enim
506 1223 790 1284 compedibus
813 1225 977 1269 timoris
1006 1225 1135 1286 hujus
1168 1224 1287 1284 ligati
1316 1236 1456 1272 essent

68 1297 281 1353 Martyres
299 1331 309 1350 ‚
336 1294 512 1356 quando
532 1295 605 1340 illa
635 1295 778 1340 omnia
802 1295 911 1340 dura
934 1305 977 1341 et
993 1296 1173 1341 molesta
1195 1297 1457 1343 sustinerent

70 1382 92 1410 a
110 1366 458 1425 persecutoribus
481 1366 582 1421 suis,
603 1381 704 1411 cum
727 1366 785 1410 eis
806 1365 994 1411 liberum
1017 1365 1150 1412 suerit
1171 1367 1314 1412 facere
1335 1368 1456 1428 quod
1487 1427 1493 1430 Δ

69 1436 337 1494 cogebantur
354 1472 365 1492 ,
396 1446 439 1480 et
461 1437 643 1481 evadere
665 1436 784 1497 quod
808 1437 1120 1497 patiebantur?
1144 1439 1227 1483 Sed
1250 1438 1457 1498 alligave-

69 1516 136 1550 rat
164 1522 236 1551 eos
261 1510 376 1551 Deus
398 1508 488 1551 istis
509 1507 792 1567 compedibus
809 1543 820 1562 ‚
861 1507 979 1552 duris
1001 1507 1180 1569 quidem
1202 1517 1246 1553 et
1266 1508 1458 1554 molestis

70 1576 125 1621 ad
143 1585 312 1637 tempus
330 1612 340 1632 ‚
367 1577 444 1621 sed
466 1576 700 1622 tolerandis
722 1587 902 1637 propter
918 1579 1125 1638 promissa
1147 1580 1262 1640 ejus,
1294 1581 1364 1624 cui
1386 1580 1457 1625 di-

69 1647 183 1691 citur
204 1666 213 1692 ε
247 1666 268 1689 «
292 1650 475 1707 Propter
500 1647 633 1692 verba
661 1647 877 1692 labiorum
906 1658 1083 1694 tuorum
1099 1685 1109 1705 ‚
1136 1665 1217 1709 ego
1242 1651 1458 1696 custodivi

71 1735 92 1759 »
126 1717 216 1761 vias
243 1716 413 1762 duras⁵.
435 1736 456 1760 »
484 1717 759 1763 Gemendum
780 1719 958 1779 quidem
988 1728 1052 1764 est
1079 1720 1124 1764 in
1146 1720 1211 1765 his
1233 1721 1458 1781 compedi-

68 1788 150 1832 bus
175 1787 229 1832 ad
263 1788 580 1848 impetrandam
599 1789 937 1834 misericordiam
960 1791 1067 1848 Dei3
1092 1790 1209 1835 unde
1233 1807 1316 1836 vox
1338 1795 1457 1836 Mar-

68 1867 217 1917 tyrum
240 1868 303 1902 est
327 1860 371 1902 in
399 1859 484 1904 alio
509 1859 680 1904 Psalmo
695 1895 706 1915 ‚
747 1879 766 1902 «
794 1863 933 1905 Intret
953 1861 999 1905 in
1025 1867 1307 1922 conspectum
1330 1872 1456 1908 tuum

70 1947 93 1971 »
128 1930 313 1989 gemitus
339 1931 690 1990 compeditorum
717 1951 725 1976 :
762 1950 782 1973 n
815 1948 904 1977 non
938 1941 1085 1977 tamen
1118 1934 1333 1979 evitandae
1356 1945 1458 1980 sunt

69 1999 175 2044 tales
198 2000 427 2060 compedes
442 2036 452 2056 ‚
479 2011 527 2046 ut
550 2011 780 2062 appetatur
799 2003 1036 2062 perniciosa
1057 2003 1255 2061 libertas,
1282 2014 1324 2050 et
1345 2012 1457 2050 tem-

69 2070 228 2131 poralis
245 2072 344 2115 vitae
361 2072 590 2133 brevisque
613 2066 817 2128 dulcedo,
835 2089 967 2133 quam
986 2084 1192 2136 sequatur
1213 2077 1457 2123 amaritudo

70 2150 294 2201 perpetua.
325 2141 512 2186 Proinde
543 2143 762 2202 Scriptura
778 2179 788 2199 ‚
821 2159 876 2188 ne
898 2160 1145 2190 recusemus
1167 2162 1256 2191 esse
1278 2158 1456 2209 compe-

71 2210 151 2255 diti
171 2211 393 2271 sapientiae
410 2248 420 2268 ,
446 2213 502 2256 sie
524 2228 602 2257 nos
624 2213 863 2274 alloquitur
886 2235 895 2260 :
925 2232 944 2257 α
967 2216 1110 2271 Audi,
1133 2215 1194 2261 fili
1210 2253 1221 2273 ‚
1247 2227 1290 2262 et
1310 2218 1458 2279 excipe

74 2299 96 2323 »
131 2282 389 2326 sententiam
416 2298 584 2338 meam,
621 2293 664 2328 et
686 2300 740 2328 ne
774 2285 947 2346 abjicias
969 2286 1197 2331 consilium
1215 2304 1389 2348 meum3
1416 2299 1459 2335 et

75 2370 96 2394 >›
131 2351 244 2396 infer
279 2353 434 2412 pedem
465 2363 590 2398 tuum
619 2356 665 2399 in
697 2358 927 2416 compedes
957 2357 1071 2403 illius
1089 2394 1100 2414 ,
1126 2360 1234 2403 etin
1256 2369 1457 2422 torquem

76 2442 97 2465 n
132 2424 222 2484 ejus
259 2423 420 2469 collum
448 2435 577 2470 tuum
608 2446 617 2472 :
649 2427 814 2488 subjice
845 2430 1079 2474 humerum
1110 2439 1238 2475 tuum
1272 2441 1316 2477 et
1336 2442 1461 2493 porta

121 2527 130 2543 ¹
152 2519 231 2552 Psal.
252 2531 293 2561 ci,
313 2530 367 2553 21.
394 2539 435 2546 -
455 2524 531 2556 ²1d.
555 2535 687 2565 Lxxvm,
709 2537 815 2558 11.—-
835 2524 848 2550 3
867 2526 965 2559 Eccli.
994 2538 1017 2567 1,
1044 2528 1093 2561 16.
1114 2546 1157 2574 -7
1173 2527 1190 2559 li
1208 2530 1321 2563 Manli.
1346 2541 1380 2571 x,
1403 2531 1457 2563 28.

75 2591 117 2598 -
135 2573 149 2598 5
172 2576 245 2607 psal.
275 2588 339 2618 xvr,
365 2577 395 2618 4
