1848 3261
399 252 484 292 524
826 264 860 294 s.
896 264 1126 293 AUGUSTINI
1159 264 1341 290 Enscom

402 349 419 370 »
455 330 683 373 necessitas
707 330 970 374 invenerunt
991 345 1060 373 me
1075 364 1086 384 ‚
1114 326 1319 372 mandata
1337 336 1413 372 tua
1435 326 1660 373 meditatio
1687 344 1784 374 mea

400 419 419 441 »
455 402 581 444 est1.»
607 401 794 445 Saeviant
809 437 820 456 ,
842 409 1183 460 persequantur:
1200 398 1307 443 dum
1329 407 1472 442 tamen
1488 400 1693 444 mandata
1707 401 1784 445 Dei

396 486 486 514 non
505 470 811 531 relinquantur
826 506 836 526 ‚
862 480 906 514 et
927 486 977 514 ex
994 471 1093 531 ipsis
1115 469 1330 514 mandatis
1350 469 1480 513 etiam
1501 470 1578 530 qui
1598 471 1784 516 saeviunt

395 539 646 600 diligantur.

454 615 552 656 VII.
582 631 600 652 «
627 614 651 655 J
656 612 800 656 ustitia
816 611 1063 656 testimonia
1079 621 1155 656 tua
1176 612 1222 655 in
1242 621 1455 656 aeternum
1476 630 1486 656 z
1510 610 1784 657 intellectum

397 702 417 724 »
453 682 508 726 da
529 683 663 738 mihi,
689 692 733 727 et
752 683 895 727 vivam
907 687 938 727 ².
970 703 987 724 »
1023 682 1298 727 intellectum
1326 683 1464 742 poscit
1500 682 1579 727 iste
1604 683 1781 743 junior3

393 769 526 813 quem
541 753 573 797 si
593 769 682 797 non
699 753 902 808 haberet,
928 769 1018 797 non
1040 769 1168 812 super
1189 753 1375 797 seniores
1397 752 1657 812 intelligeret
1678 773 1687 799 z
1708 754 1784 799 sed

394 840 494 868 eum
518 824 657 884 poscit
678 824 724 867 in
746 824 1029 868 tribulatione
1056 834 1099 868 et
1132 824 1407 879 necessitate,
1445 840 1534 884 quo
1570 823 1785 883 intelligat

394 911 525 955 quam
548 895 601 939 sit
624 894 1021 950 contemnendum,
1046 895 1166 955 quod
1191 894 1229 938 ei
1250 903 1432 954 possunt
1454 892 1624 938 auferre
1645 910 1784 955 perse-

393 974 580 1025 quentes
604 965 793 1020 inimici,
815 981 838 1009 a
859 966 1019 1026 quibus
1038 981 1081 1010 se
1104 965 1210 1009 dicit
1232 979 1321 1008 esse
1339 974 1655 1024 contemptum.
1678 964 1783 1009 Ideo

393 1035 517 1091 dixit,
541 1056 560 1078 «
581 1039 638 1081 Et
655 1037 797 1080 vivam
819 1056 828 1081 ε
851 1057 867 1078 »
881 1037 983 1097 quia
1005 1037 1039 1081 si
1061 1051 1112 1081 eo
1130 1051 1269 1096 usque
1285 1035 1510 1080 tribulatio
1533 1035 1784 1080 necessitas-

392 1123 479 1167 que
501 1108 768 1167 pervenerit,
795 1117 846 1152 ut
870 1123 944 1168 per
962 1108 1238 1152 inimicorum
1264 1107 1616 1167 persequentium
1630 1122 1784 1152 manus

391 1178 477 1224 vita
494 1179 573 1221 ista
595 1178 794 1236 finiatur3
813 1179 931 1223 vivet
943 1180 987 1222 in
1003 1188 1215 1223 aeternum
1228 1214 1238 1233 ‚
1256 1178 1331 1238 qui
1346 1176 1657 1237 temporalibus
1674 1193 1783 1237 prae-

392 1247 515 1307 ponit
532 1249 742 1307 justitiam
760 1285 770 1303 ‚
796 1266 894 1309 quae
926 1259 1074 1293 manet
1094 1250 1137 1293 in
1161 1259 1388 1293 aeternum.
1416 1249 1702 1308 Quaejustitia
1735 1250 1783 1294 in

392 1318 676 1363 tribulatione
697 1328 740 1362 et
752 1319 1008 1363 necessitate
1029 1321 1235 1376 martyria
1254 1329 1355 1363 sunt
1368 1321 1467 1373 Dei,
1486 1321 1571 1365 hoc
1593 1329 1672 1375 est,
1698 1329 1783 1365 tes-

394 1389 576 1434 timonia
593 1425 604 1445 ‚
630 1405 709 1450 pro
734 1390 894 1450 quibus
917 1399 1019 1434 sunt
1041 1393 1253 1447 Martyres
1270 1390 1480 1434 coronati.

874 1658 1084 1699 SERMO
1126 1659 1307 1697 XXIX.

448 1800 484 1841 I.
510 1799 695 1842 CLAMon
718 1797 774 1840 ad
792 1784 1029 1840 Dominum
1046 1830 1057 1850 ‚
1083 1799 1159 1855 qui
1182 1800 1231 1839 fit
1253 1798 1308 1839 ab
1325 1797 1564 1852 orantibus,
1586 1797 1620 1840 si
1633 1798 1779 1842 sonitu

387 1867 621 1926 corporalis
640 1867 756 1910 vocis
778 1866 874 1920 fiat,
896 1882 985 1910 non
1007 1866 1176 1910 intento
1194 1866 1239 1910 in
1258 1869 1397 1910 Deum
1419 1865 1684 1928 corde3quis
1696 1869 1781 1912 du-

387 1938 497 1981 bitet
513 1937 698 1980 inaniter
716 1937 838 1979 fieri?
862 1937 905 1981 Si
928 1946 1073 1981 autem
1097 1938 1172 1981 fiat
1193 1937 1344 1992 corde,
1371 1938 1499 1981 etiam
1516 1937 1668 1982 silente
1682 1954 1781 1984 cor-

385 2008 501 2068 poris
524 2022 652 2063 voce3
670 2006 802 2050 alium
821 2006 1063 2066 quemlibet
1084 2008 1316 2051 hominum
1332 2017 1476 2067 potest
1499 2007 1634 2052 latere
1651 2044 1662 2064 ,
1687 2025 1777 2054 non

387 2082 541 2122 Deum.
570 2078 667 2122 Sive
688 2092 789 2135 ergo
811 2093 911 2121 cum
934 2093 1041 2122 voce
1074 2078 1232 2133 carnis,
1271 2078 1448 2138 quando
1477 2078 1522 2122 id
1550 2095 1659 2139 opus
1683 2090 1774 2136 est,

386 2149 476 2193 sive
498 2164 597 2193 cum
616 2147 784 2192 silentio
801 2184 811 2202 ‚
835 2148 888 2192 ad
907 2152 1043 2192 Deum
1062 2184 1072 2203 ,
1093 2164 1193 2192 cum
1212 2164 1383 2193 oramus
1399 2184 1411 2204 ,
1436 2149 1568 2193 corde
1589 2149 1779 2195 claman-

387 2219 492 2263 dum
517 2229 594 2263 est.
616 2222 693 2262 Est
715 2228 860 2262 autem
885 2218 1048 2263 clamor
1069 2219 1209 2263 cordis
1225 2254 1236 2273 ‚
1254 2234 1411 2278 magna
1426 2220 1693 2278 cogitationis
1709 2221 1778 2266 in-

387 2291 547 2335 tentio:
569 2306 669 2350 quae
691 2305 790 2333 cum
816 2300 879 2334 est
896 2291 940 2334 in
974 2292 1188 2345 oratione,
1214 2305 1422 2349 magnum
1440 2291 1641 2350 exprimit
1661 2291 1777 2336 desi-

387 2361 576 2406 derantis
599 2371 642 2405 et
664 2362 848 2420 petentis
881 2362 1085 2406 affectum
1104 2398 1114 2417 ‚
1149 2371 1197 2406 ut
1220 2377 1309 2405 non
1334 2361 1531 2421 desperet
1549 2363 1773 2407 effectum.

388 2436 509 2476 Tunc
529 2448 656 2491 porro
681 2433 724 2474 in
747 2441 838 2475 toto
861 2432 993 2476 corde
1015 2432 1248 2486 clamatur,
1285 2432 1464 2492 quando
1487 2432 1664 2477 aliunde
1687 2449 1777 2477 non

384 2503 612 2559 cogitatur.
628 2501 749 2545 Tales
772 2502 986 2546 orationes
1009 2519 1114 2546 rarae
1136 2511 1238 2546 sunt
1259 2502 1423 2552 multis,
1442 2503 1605 2547 crebrae
1627 2512 1771 2546 autem

436 2605 440 2619 ¹
466 2599 541 2629 t‘sal.
561 2610 663 2634 cxviii,
690 2598 759 2639 143.
779 2615 820 2620 ·-—
841 2605 853 2620 ²
878 2599 956 2629 ibid.
987 2598 1057 2640 ¹44·
