1848 3261
253 250 493 280 ENARRATIO
525 254 574 279 111
606 254 650 280 m
683 252 885 280 PSALMUM
915 253 1016 289 cm,
1051 251 1189 280 SERMO
1223 255 1286 280 111.
1364 241 1444 279 161

76 317 161 368 Qui
191 316 384 361 vinceret
412 316 566 376 lupum
583 352 594 372 ‚
626 318 816 362 vinceret
836 316 1021 361 leonem.
1062 319 1159 376 Ipse
1191 327 1310 376 petra
1327 353 1337 372 ‚
1361 318 1453 377 ipse

77 395 244 442 pastor7
279 386 369 446 ipse
385 388 533 447 janua.
561 390 709 432 Pastor
740 388 872 430 intrat
895 402 972 445 per
995 387 1173 446 januam
1201 406 1209 431 ε
1241 396 1284 430 et
1316 387 1451 432 dicit:

81 475 102 498 «
136 459 229 515 Ego
246 473 342 501 sum
364 467 509 517 pastor
530 458 686 502 bonus.
709 476 730 499 »
751 466 794 501 et
816 456 945 502 dicit:
973 476 991 498 «
1012 460 1106 516 Ego
1130 473 1225 501 sum
1241 458 1414 517 janua1.
1430 475 1451 499 n

78 528 227 584 Ipsum
254 526 390 571 leonis
411 543 570 572 nomen
599 527 833 572 Dominum
856 527 1068 585 significat
1088 548 1099 585 ς
1130 528 1230 587 quia
1252 562 1263 583 ,
1299 546 1320 569 «
1344 526 1459 570 Vicit

79 612 100 636 »
135 595 204 640 leo
225 595 279 640 de
302 598 420 641 tribu
438 597 583 641 Juda2
610 616 618 640 ;
646 615 666 638 ))
688 606 730 641 et
747 595 999 656 diabolum3
1024 598 1147 658 quia,
1176 618 1196 640 «
1221 597 1460 642 Conculca-

80 682 101 706 »
135 666 197 710 vit
214 665 386 710 leonem
404 676 447 710 et
470 667 746 711 draconemss.
773 685 793 708 »
820 667 977 711 Discite
999 668 1057 712 sic
1078 667 1334 727 intelligere,
1360 682 1461 711 cum

77 735 260 792 figurate
274 736 353 780 ista
375 736 583 781 dicuntur
608 756 617 782 ε
648 753 704 780 ne
731 737 843 781 forte
866 738 941 781 ubi
962 737 1150 797 legeritis
1173 738 1294 798 quod
1315 738 1462 783 Chris-

79 815 173 849 tum
208 807 419 865 significat
451 816 572 866 petra
587 808 602 832 4
620 843 630 862 ‚
657 808 823 868 ubique
844 818 1009 867 petram
1032 809 1254 854 Christum
1284 809 1459 869 putetis,

81 875 305 934 Significat
336 876 417 920 alia
447 885 577 936 atque
600 875 681 920 alia
701 912 712 932 ‚
737 881 848 921 sicut
874 877 1016 922 littera
1041 895 1129 939 quo
1151 879 1247 924 loco
1276 889 1465 939 ponatur

79 947 178 990 vide
198 981 208 1001 ,
233 946 296 990 ibi
322 946 526 1005 intelligis
549 948 638 1006 ejus
660 947 764 991 vim.
797 949 839 992 Si
861 948 1046 992 audieris
1066 949 1254 994 litteram
1281 951 1465 1009 primam

78 1016 125 1059 in
147 1016 322 1060 nomine
347 1017 449 1071 Dei,
476 1026 518 1060 et
540 1018 757 1075 putaveris
793 1033 885 1061 eam
908 1034 1076 1078 semper
1104 1019 1165 1062 ibi
1188 1020 1433 1079 ponendam
1452 1055 1463 1076 ,

79 1085 243 1130 delebis
257 1102 352 1130 eam
374 1087 419 1130 in
442 1088 618 1130 nomine
640 1087 818 1131 diaboli.
838 1088 906 1131 Ab
926 1088 1075 1132 eadem
1094 1090 1208 1133 enim
1231 1090 1373 1134 littera
1396 1091 1467 1134 in·-

80 1156 185 1215 cipit
201 1172 362 1201 nomen
380 1156 471 1211 Dei,
489 1173 511 1200 a
527 1173 613 1216 qua
630 1157 783 1216 incipit
799 1173 960 1201 nomen
978 1158 1140 1202 diaboli
1157 1177 1166 1204 :
1182 1168 1225 1202 ct
1247 1160 1355 1204 nihil
1378 1170 1467 1205 tam

80 1226 365 1286 disjunctum,
393 1242 524 1286 quam
548 1230 661 1270 Deus
685 1236 727 1270 et
748 1226 960 1271 diabolus.
986 1229 1096 1272 Vide
1118 1244 1218 1287 ergo
1234 1247 1364 1290 quam
1388 1232 1472 1275 ab-

80 1297 236 1340 surdus
270 1306 334 1340 est
365 1313 389 1340 a
411 1297 537 1340 rebus
559 1306 601 1340 et
623 1297 824 1340 humanis
859 1307 902 1341 et
924 1297 1079 1342 divinis
1096 1334 1106 1353 ,
1140 1300 1216 1358 qui
1239 1299 1392 1345 dixerit
1413 1301 1469 1346 de

79 1367 222 1411 littera
251 1366 458 1425 singulari
487 1370 547 1421 D,
579 1369 676 1411 Non
699 1367 829 1410 debet
861 1367 1012 1410 haberi
1039 1368 1084 1410 in
1111 1369 1250 1428 capite
1278 1371 1466 1416 nominis

81 1437 260 1481 diaboli.
293 1440 350 1481 Et
373 1452 472 1480 cum
496 1437 714 1495 quaesieris
734 1472 744 1491 ‚
768 1439 934 1496 quare?
963 1438 1238 1496 Respondeat
1262 1459 1270 1484 ε
1296 1444 1388 1498 Ego
1421 1443 1467 1487 in

81 1507 257 1551 nomine
287 1506 366 1550 Dei
398 1506 483 1564 legi
513 1506 648 1549 istam'
667 1505 871 1550 litteram.
899 1506 1082 1550 Ridetur
1114 1508 1221 1565 iste;
1262 1526 1363 1554 nam
1385 1528 1467 1557 nec

81 1576 178 1621 talis
201 1586 264 1620 est
283 1611 293 1631 ‚
319 1577 389 1620 cui
418 1576 606 1634 digneris
629 1575 810 1619 reddere
832 1576 1058 1620 rationem.
1084 1577 1226 1623 Nolite
1251 1595 1354 1639 ergo
1376 1590 1466 1626 tam

81 1647 307 1707 pueriliter
329 1661 477 1706 sapere
509 1646 640 1689 etiam
671 1646 751 1689 ista
782 1645 925 1690 divina
941 1682 951 1701 ‚
988 1656 1037 1690 ut
1058 1646 1170 1691 forte
1192 1648 1346 1710 aliquis
1367 1668 1466 1696 ves-

79 1727 197 1762 trum
214 1753 224 1773 ‚
250 1717 351 1777 quia
369 1716 455 1761 dixi
478 1717 673 1776 superius
692 1715 848 1760 bestias
866 1716 998 1773 sylvae
1023 1718 1262 1775 significare
1286 1731 1432 1779 gentes
1450 1759 1462 1780 ‚

79 1787 209 1832 modo
240 1797 385 1832 autem
415 1786 512 1831 dico
543 1787 697 1830 bestias
732 1785 865 1843 sylvae
899 1787 1137 1844 significare
1174 1788 1388 1836 daemonia
1420 1804 1465 1839 ct

80 1857 254 1916 angelos
286 1856 650 1917 praevaricationis
667 1891 677 1911 ‚
703 1865 828 1915 putet
850 1856 900 1899 iis
922 1871 991 1899 me
1013 1856 1178 1917 aliquid
1198 1863 1463 1908 contrarium

79 1928 237 1973 dicere.
267 1927 576 1972 Similitudines
606 1927 721 1970 enim
750 1935 875 1981 sunt,
906 1936 949 1970 et
979 1928 1024 1970 in
1057 1945 1335 1992 quocumque
1363 1933 1462 1980 loco

79 2008 202 2053 sunt⁷
228 1998 548 2042 circumstantia
567 1997 633 2040 sui
654 2006 946 2056 exponuntur.
977 2017 996 2040 «
1019 1998 1112 2044 Illic
1135 2004 1462 2060 pertransibunt

81 2089 103 2112 »
138 2085 286 2115 omnes
310 2069 455 2113 bestiae
472 2067 620 2126 sylvae.
649 2087 669 2110 »
697 2068 815 2112 Ubi?
838 2071 890 2113 In
910 2079 1038 2114 nocte
1059 2088 1188 2131 quam
1209 2075 1353 2132 posuit
1373 2079 1462 2122 Do-

78 2143 221 2187 minus
241 2177 251 2197 ,
279 2142 380 2202 quia
402 2140 465 2185 sol
485 2140 661 2199 agnovit
678 2155 878 2185 occasum
901 2157 1042 2185 suum.
1074 2161 1093 2183 «
1118 2143 1261 2188 Catuli
1280 2144 1459 2192 leonum

84 2232 103 2254 n
138 2213 356 2271 rugientes
372 2247 382 2267 ‚
420 2220 471 2255 ut
501 2210 695 2270 rapiant,
719 2220 961 2271 quaerentes
985 2228 1007 2256 a
1030 2216 1119 2257 Deo
1147 2229 1283 2258 escam
1309 2216 1404 2260 sibi.
1436 2238 1454 2260 »

77 2282 234 2329 Merito
251 2282 461 2328 Dominus
477 2290 687 2326 venturus
705 2280 759 2324 ad
780 2297 978 2326 occasum
998 2297 1142 2338 suum,
1167 2284 1256 2344 ipse
1276 2286 1348 2330 Sol
1364 2288 1458 2346 jus-

78 2355 183 2398 titiae
205 2369 440 2412 agnoscens
473 2368 673 2397 occasum
705 2368 858 2408 suum,
891 2353 950 2397 ait
972 2354 1221 2414 Discipulis,
1248 2366 1458 2417 tanquam

78 2424 266 2470 tenebris
284 2423 329 2467 fu
338 2423 466 2479 turis,
491 2423 725 2468 circuituro
747 2423 873 2467 leone
891 2458 900 2478 ‚
925 2433 975 2467 ut
996 2435 1209 2484 quaereret
1230 2443 1360 2486 quem
1379 2429 1457 2473 de-

126 2540 133 2556 ¹
154 2534 244 2565 Jmn.
269 2543 302 2574 x,
324 2542 339 2573 7
360 2535 394 2563 ct
414 2542 465 2563 11.
488 2548 529 2554 -
550 2538 562 2554 ²
582 2533 682 2573 Apoc.
703 2542 736 2573 v,
759 2530 788 2563 5.
811 2548 851 2554 —-
872 2529 979 2565 31³sal.
1001 2544 1054 2575 xc,
1074 2532 1125 2565 13.
1149 2533 1254 2566 -41
1281 2537 1352 2569 Cor.
1368 2548 1401 2580 x,
1420 2537 1452 2580 4,

289 2607 429 2638 cxvxz.
1246 2602 1290 2641 11
