1848 3261
267 198 508 228 ENARRATm
542 201 554 226 1
586 199 632 225 m
663 195 864 226 PsALMUM
897 198 998 232 cm,
1033 194 1170 222 SERMo
1206 197 1233 221 1.
1367 184 1448 221 119

73 267 206 312 modo
227 275 286 310 est
307 264 394 309 dux
411 279 629 325 passerum
647 265 665 308 Ρ
689 266 782 307 Hoc
804 262 920 305 enim
942 261 987 304 in
1003 261 1081 304 ista
1104 269 1298 304 creatura
1316 295 1326 315 ‚
1352 276 1450 321 quae

74 336 207 383 oculis
228 335 383 380 nostris
404 335 586 396 adjacet,
610 333 790 391 intelligi
810 330 932 376 nullo
954 339 1081 391 pacto
1102 339 1257 390 potest.
1281 331 1451 376 Fulicas

73 408 186 452 enim
221 422 318 451 aves
346 421 433 449 esse
456 406 640 449 marinas
671 403 740 448 vel
778 411 1022 461 stagnenses
1050 400 1264 445 novimus.
1289 404 1453 445 Domus

73 477 215 522 fulicae
237 478 291 521 sit
311 477 439 520 nidus
462 475 603 519 fulicae
623 492 634 518 .·
659 472 879 534 quomodo
903 488 1004 531 ergo
1021 471 1176 515 domus
1197 469 1340 515 fulicae
1361 471 1452 516 dux

71 564 290 609 passerum
300 549 318 590 ‘?
327 550 468 600 Quare
477 546 675 606 quaedam
686 545 731 588 in
741 544 867 587 rebus
879 542 1120 586 visibilibus
1132 541 1252 602 quasi
1266 541 1451 586 absurda

71 620 223 664 miscet
246 619 427 677 Spiritus
449 626 620 661 sanctus
636 651 646 670 ‚
672 615 752 658 nisi
774 624 825 658 ut
846 630 895 657 ex
914 629 964 658 eo
985 612 1105 673 quod
1122 628 1209 656 non
1227 627 1452 671 possumus

72 690 264 748 accipere
280 687 334 731 ad
356 687 542 731 litteram
559 722 568 740 ‚
595 695 717 743 cogat
741 701 817 729 nos
839 685 919 728 ista
937 683 1184 744 spiritaliter
1200 686 1424 743 quaerere?

129 761 251 803 th.
279 761 395 816 Ergo
419 758 452 801 si
476 757 527 800 ad
553 756 714 801 coelum
743 754 995 809 intellectu,
1020 764 1070 798 ut
1092 753 1180 797 dixi
1196 789 1206 808 ‚
1232 753 1287 797 ad
1303 763 1454 797 exten-

72 838 160 874 tam
183 828 340 888 pellem
363 827 493 871 vultis
516 827 746 870 ascendere
766 861 777 881 ‚
813 835 855 869 et
878 825 1015 868 nubes
1039 824 1140 868 fecit
1161 825 1454 868 ascensionem

71 901 163 960 ejus
185 918 193 943 :
220 899 358 942 nubes
387 898 466 942 ista
489 913 586 957 quae
616 897 736 940 vobis
774 895 995 955 loquitur,
1020 895 1208 939 invalida
1241 904 1305 939 est
1323 896 1455 939 hodie

71 970 127 1014 ad
148 970 292 1014 omnia
318 969 395 1012 ista
420 969 691 1028 exponenda.
719 971 825 1011 Date
850 967 1018 1010 veniam
1036 1001 1046 1020 ‚
1072 966 1150 1009 etsi
1168 981 1257 1010 non
1278 975 1449 1022 vestrae,

70 1056 178 1084 meae
201 1048 316 1084 certe
337 1038 592 1082 infirmitati.
606 1037 864 1081 Aviditatem
885 1036 1061 1095 quidem
1082 1045 1267 1080 vestram
1290 1045 1455 1080 tantam

69 1111 199 1156 video
215 1146 225 1164 ‚
251 1119 300 1153 ut
323 1125 490 1168 semper
514 1109 650 1168 parati
681 1108 768 1151 sitis
791 1108 940 1151 audire
964 1127 972 1151 :
998 1107 1072 1150 sed
1109 1107 1209 1150 duae
1241 1123 1306 1151 res
1320 1118 1453 1163 sunt,

69 1195 257 1241 quarum
274 1180 380 1223 ratio
398 1195 486 1222 non
501 1177 820 1222 contemnenda
838 1187 915 1221 est.
931 1180 1039 1221 Nam
1054 1186 1097 1221 et
1115 1178 1342 1222 infirmitas
1359 1194 1456 1223 cor-

70 1252 186 1312 poris
208 1249 343 1294 nostri
365 1247 679 1293 consideranda
702 1258 790 1302 est,
817 1258 859 1291 et
887 1249 1075 1307 ipsarum
1102 1263 1245 1291 rerum
1263 1264 1361 1308 quae
1383 1264 1457 1293 ex-

73 1330 297 1380 ponuntur
323 1318 545 1363 memoria.
581 1319 757 1362 Interim
780 1334 878 1378 quae
903 1317 1079 1361 audistis
1107 1319 1307 1376 cogitate.
1342 1319 1458 1372 Quid

71 1391 192 1435 dixi?
214 1394 320 1444 Quae
350 1390 640 1434 manducastis
662 1390 893 1432 ruminate.
915 1389 982 1433 Sic
1005 1388 1119 1431 enim
1155 1389 1273 1432 eritis
1294 1390 1458 1435 munda

73 1462 297 1517 animalia,
332 1472 373 1505 et
397 1471 494 1520 apta
516 1460 654 1520 epulis
678 1461 766 1503 Dei.
795 1463 1004 1503 Fructum
1030 1469 1175 1503 autem
1198 1471 1389 1505 vestrum
1412 1463 1457 1506 in

71 1535 274 1594 operibus
298 1533 445 1576 vestris
467 1532 693 1575 advertite.
721 1530 858 1575 Valde
881 1533 995 1575 enim
1017 1532 1128 1575 male
1151 1533 1306 1591 digerit
1328 1533 1362 1577 {s
1382 1535 1459 1594 qui

71 1605 184 1649 bene
208 1603 349 1658 audit,
376 1613 418 1646 et
441 1619 525 1646 non
552 1603 662 1645 bene
695 1611 899 1660 operatur
930 1622 938 1647 2
966 1602 1067 1662 quia
1107 1603 1316 1648 Dominus
1346 1607 1458 1649 Deus

72 1683 216 1719 noster
237 1689 327 1717 non
351 1673 470 1717 deest
500 1687 686 1732 pascere.
723 1675 883 1717 Notum
915 1681 980 1715 est
1015 1673 1245 1728 omnibus,
1279 1674 1380 1734 quia
1404 1674 1459 1719 de

71 1761 184 1805 pane
201 1759 329 1804 quem
356 1744 603 1802 accepimus
621 1778 631 1797 ‚
657 1751 700 1786 et
722 1758 851 1802 quem
872 1758 1120 1801 erogamus,
1147 1743 1357 1788 reddituri
1385 1761 1460 1790 su-

71 1831 169 1858 mus
192 1814 418 1858 rationem.
446 1814 620 1871 Optime
648 1813 769 1857 novit
791 1813 985 1857 Charitas
1018 1816 1196 1864 Vestra;
1223 1830 1312 1858 non
1344 1815 1460 1859 enim

72 1890 185 1930 tacet
204 1884 329 1929 nobis
349 1885 509 1943 pagina
528 1884 672 1926 divina
690 1919 700 1938 ,
727 1893 802 1927 aut
820 1883 1022 1927 adulatur
1044 1900 1121 1928 nos
1144 1888 1271 1929 Deus.
1299 1889 1361 1930 De
1378 1887 1460 1932 isto

73 1957 170 2001 loco
193 1971 324 2016 quam
348 1954 474 1998 liberi
495 1955 626 1998 simus
656 1957 710 2000 ad
744 1971 842 2009 vos,
876 1956 1053 2015 potestis
1086 1955 1308 2000 advertere
1328 1977 1336 2002 :
1362 1967 1405 2002 et
1426 1960 1459 2002 si

73 2026 187 2071 forte
204 2041 282 2084 ego
304 2026 446 2070 minus
463 2025 574 2068 liber
588 2041 699 2079 sum,
715 2025 784 2069 vel
799 2042 948 2070 omnes
967 2027 1040 2087 qui
1060 2027 1105 2070 in
1125 2026 1320 2072 hocloco
1336 2029 1459 2073 vobis

74 2098 339 2156 loquuntur,
374 2096 407 2140 si
433 2096 574 2139 minus
606 2095 734 2139 liberi
761 2112 923 2140 sumus.
954 2099 1082 2141 Certe
1102 2097 1194 2156 ipse
1215 2113 1353 2143 sermo
1382 2102 1443 2144 De

8 2219 14 2222 ι
75 2167 292 2211 neminem
314 2167 452 2210 timet.
484 2169 569 2211 Nos
593 2175 739 2210 autem
761 2167 848 2210 sive
871 2167 1117 2222 timeamus⁷
1143 2170 1231 2212 sive
1252 2168 1379 2213 liberi
1401 2170 1460 2214 si-

76 2253 172 2281 mus
189 2273 199 2292 ‚
221 2252 320 2280 eum
338 2237 535 2294 cogimur
557 2237 837 2291 annuntiare,
863 2238 936 2297 qui
955 2239 1173 2281 neminem
1197 2239 1321 2283 timet
1342 2259 1350 2284 :
1375 2241 1459 2285 hoc

75 2309 196 2352 vobis
217 2324 306 2351 non
327 2307 544 2361 homines,
571 2307 645 2351 sed
667 2311 778 2351 Deus
800 2308 1023 2366 praestitit,
1048 2318 1098 2353 ut
1119 2319 1162 2353 et
1182 2325 1260 2368 per
1282 2310 1458 2356 timidos

77 2378 265 2423 liberum
289 2378 484 2421 audiatis.
520 2379 849 2422 Excusationem
875 2379 917 2422 in
939 2378 1101 2440 judicio
1124 2381 1200 2424 Dei
1218 2397 1307 2425 non
1328 2381 1465 2426 habe-

78 2448 178 2492 bitis
195 2483 206 2503 ,
232 2449 312 2492 nisi
340 2464 414 2492 vos
444 2448 489 2491 in
523 2448 648 2493 bonis
676 2449 879 2507 operibus
901 2451 1201 2506 exercueritis,
1234 2460 1277 2495 et
1310 2467 1461 2496 eorum

80 2534 179 2578 quae
203 2519 379 2563 audistis
402 2527 607 2578 tanquam
647 2518 805 2577 pluviae
840 2518 1026 2563 fructum
1065 2533 1309 2579 congruum
1328 2520 1462 2566 dede-
