1848 3261
341 230 426 272 460
761 241 796 274 s.
831 242 1063 275 Avensa-1211
1092 243 1276 274 EPISCOPI

344 330 362 352 »
397 319 486 354 tem
508 310 617 356 doce
650 327 720 357 me
737 347 747 367 ,
785 333 802 355 »
828 314 911 358 nisi
932 322 982 358 ut
1011 314 1049 357 ei
1077 312 1211 372 gratia
1233 312 1309 356 Dei
1330 312 1466 372 magis
1495 312 1718 372 magisque

340 380 582 426 innotescat
604 381 836 427 dulcedine
855 383 1088 428 bonitatis?
1106 382 1337 427 Habebant
1355 383 1468 426 enim
1491 382 1622 427 fidem
1644 382 1720 443 qui

339 450 564 497 dixerunt:
580 455 808 509 «Domine,
821 470 931 513 auge
952 455 1077 499 nobis
1097 454 1228 497 fidem
1248 455 1278 497 ¹.
1298 474 1313 494 »
1330 456 1387 497 Et
1407 453 1603 513 quandiu
1617 452 1720 497 vivi-

338 530 411 566 tur
431 522 474 565 in
497 523 580 568 hoc
601 523 784 577 mundo,
801 525 1121 583 proficientium
1141 533 1203 568 est
1219 524 1299 568 ista
1317 523 1521 567 cantatio.
1539 521 1721 580 Addidit

339 601 484 636 autem
502 627 513 648 ,
544 612 559 632 «
585 595 641 637 Et
664 593 950 638 eruditionem
971 614 979 638 :
1006 614 1022 635 »
1048 595 1132 649 vel,
1154 594 1264 639 sicut
1285 593 1430 653 plures
1449 593 1618 637 codices
1639 593 1720 637 ha-

337 662 444 706 bent
462 698 472 717 ,
497 682 514 703 «
541 663 836 723 Disciplinam.
868 686 884 705 »
909 664 993 709 Sed
1019 684 1036 705 «
1068 665 1365 724 Disciplinam,
1387 684 1404 706 »
1427 680 1559 725 quam
1582 664 1722 708 Graeci

338 732 560 792 appellant
579 741 724 776 παιδείαν
739 771 750 790 ,
781 735 842 779 ibi
864 737 1096 796 Scripturae
1118 745 1276 780 nostrae
1299 751 1459 794 ponere
1482 750 1722 780 consueve—

336 813 461 856 runt,
496 805 572 848 ubi
595 805 873 864 intelligenda
896 817 958 851 est
980 823 1057 866 per
1079 806 1294 851 molestias
1319 806 1506 850 eruditio
1530 826 1539 851 ;
1564 821 1723 850 secun-

337 874 443 918 dum
466 875 604 932 illud,
629 895 647 916 «
673 879 812 930 Quem
836 878 951 922 enim
974 877 1115 937 diligit
1139 878 1383 931 Dominus,
1411 877 1617 936 corripit,
1641 876 1724 920 fla-

339 963 361 986 »
398 946 527 1004 gellat
551 957 694 992 autem
718 963 891 992 omnem
907 948 1067 1027 filium,
1089 963 1216 1008 quem
1238 947 1432 1007 recipit2
1444 967 1461 988 »
1482 950 1586 991 Haec
1608 946 1726 1006 apud

337 1016 656 1063 Ecclesiasticas
686 1018 850 1063 littei-³33
861 1019 968 1063 -dici
1004 1000 1159 1064 assolet
1191 1018 1416 1079 disciplina
1444 1019 1726 1096 interpretata

338 1085 393 1130 de
416 1103 582 1145 graeco,
609 1089 685 1132 ubi
709 1089 816 1148 legi
817 1107 843 1139 ,ι
851 1106 869 1133 ι,
892 1112 959 1131 ω...
974 1099 1035 1133 22¹1..
1058 1092 1152 1134 Hoc
1175 1089 1290 1133 enim
1311 1088 1526 1133 verbum
1516 1105 1561 1132 1n
1586 1103 1727 1147 graeco

337 1157 525 1216 positum
548 1168 609 1202 est
632 1159 675 1202 in
698 1159 891 1218 Epistola
915 1118 969 1203 ad
993 1160 1215 1215 Hebraeos,
1241 1159 1318 1203 ubi
1340 1158 1527 1203 latinus
1517 1169 1728 1218 interpres

339 1228 397 1272 ait
424 1247 432 1272 ε
463 1247 480 1268 «
507 1229 658 1272 Omnis
688 1229 912 1289 disciplina
951 1231 1003 1274 ad
1040 1246 1228 1289 praesens
1261 1247 1350 1274 non
1383 1229 1528 1287 gaudii
1557 1229 1730 1273 videtur

344 1318 361 1338 »
397 1313 510 1354 esse,
544 1299 617 1343 sed
650 1300 859 1355 tristitiae,
900 1311 1049 1360 postea
1080 1311 1224 1345 autem
1249 1300 1443 1345 fructum
1467 1301 1726 1360 pacificum,

344 1388 361 1410 »
396 1370 463 1414 his
485 1371 560 1430 qui
575 1387 652 1430 per
674 1387 769 1416 eam
791 1382 1014 1416 certarunt
1030 1407 1041 1427 ,
1062 1371 1207 1416 reddit
1223 1372 1403 1431 justitiae
1417 1373 1448 1415 3.
1467 1391 1485 1412 »
1513 1373 1624 1416 Cum
1641 1388 1730 1432 quo

340 1454 443 1498 ergo
466 1440 568 1485 facit
590 1445 704 1485 Deus
727 1443 979 1487 suavitatem
997 1478 1007 1496 ,
1035 1442 1081 1486 id
1103 1451 1167 1486 est
1187 1476 1197 1496 ,
1225 1442 1294 1486 cui
1318 1442 1531 1501 propitius
1552 1442 1731 1501 inspirat

340 1510 445 1554 boni
476 1510 838 1570 delectationem,
869 1522 1000 1572 atque
1030 1521 1080 1556 ut
1110 1512 1300 1571 apertius
1331 1512 1377 1555 id
1396 1511 1604 1571 explicem
1623 1547 1634 1566 ,
1659 1513 1731 1557 cui

341 1579 531 1624 donatur
563 1598 585 1625 a
614 1585 703 1625 Deo
733 1583 916 1626 charitas
943 1583 1049 1637 Dei,
1087 1591 1130 1626 et
1161 1591 1340 1642 propter
1375 1586 1514 1626 Deum
1547 1582 1732 1627 charitas

341 1651 524 1710 proximi
545 1672 556 1708 3
576 1651 773 1710 profecto
795 1653 1005 1696 instanter
1032 1667 1155 1696 orare
1173 1652 1304 1696 debet
1320 1688 1331 1707 ,
1358 1668 1448 1711 quo
1465 1661 1635 1696 tantum
1653 1652 1733 1696 sibi

342 1730 552 1779 augeatur
576 1722 660 1765 hoc
689 1721 856 1765 donum
873 1757 883 1776 ,
910 1731 961 1765 ut
987 1737 1076 1766 non
1105 1721 1246 1765 solum
1268 1737 1348 1780 pro
1376 1721 1452 1765 illo
1480 1731 1734 1766 contemnat

342 1789 650 1835 delectationes
679 1801 854 1836 caeteras
872 1827 883 1846 ,
909 1792 983 1835 sed
1002 1792 1133 1835 etiam
1155 1807 1235 1850 pro
1252 1790 1328 1835 illo
1349 1790 1568 1850 quaslibet
1591 1791 1734 1851 perfe-

343 1871 409 1905 rat
441 1862 671 1921 passiones.
708 1865 774 1906 Ita
803 1862 1002 1906 suavitati
1035 1860 1266 1905 salubriter
1290 1861 1469 1906 additur
1490 1860 1731 1921 disciplina.

342 1935 440 1978 Non
476 1933 591 1976 enim
624 1931 1044 1992 quantulaecumque
1073 1932 1277 1976 suavitati
1305 1930 1375 1976 vel
1403 1932 1616 1987 bonitati,
1653 1933 1737 1978 hoc

344 2011 429 2057 est,
461 2002 660 2046 charitati
690 2011 850 2046 sanctae
881 2000 1098 2061 poscenda
1123 2011 1166 2045 et
1201 2001 1393 2061 optanda
1425 2011 1516 2059 est3
1543 2003 1619 2046 sed
1646 2011 1735 2046 tam

344 2088 535 2132 magnae,
568 2082 617 2117 ut
640 2073 721 2117 sub
744 2074 836 2132 ejus
859 2087 1054 2132 pressura
1073 2087 1163 2115 non
1185 2071 1317 2130 possit
1334 2071 1553 2129 extingui,
1578 2071 1654 2116 sed
1676 2073 1732 2116 si-

346 2153 420 2187 cut
441 2144 590 2202 ingens
609 2144 780 2187 flamma
797 2143 878 2186 sub
901 2143 1068 2202 impetu
1089 2142 1230 2196 venti,
1254 2150 1420 2202 quanto
1436 2142 1571 2200 magis
1595 2142 1735 2201 repri-

345 2215 503 2268 mitur,
541 2223 661 2258 tanto
684 2213 904 2263 ardentius
930 2212 1121 2256 excitari.
1147 2211 1252 2256 Ideo
1275 2227 1429 2271 parum
1448 2210 1531 2256 suit
1552 2212 1696 2256 dicere
1721 2231 1730 2257 :

351 2303 368 2324 «
405 2284 666 2328 Suavitatem
690 2282 828 2328 fecisti
850 2298 949 2327 cum
972 2298 1094 2327 servo
1116 2291 1194 2326 tuo
1221 2301 1230 2326 ;
1256 2302 1272 2323 »
1299 2282 1381 2326 nisi
1398 2298 1545 2326 rursus
1567 2292 1735 2341 peteret

345 2364 395 2398 ut
417 2370 514 2398 eum
538 2355 692 2398 doceat
714 2354 985 2407 suavitatem,
1001 2362 1166 2397 tantam
1188 2352 1341 2412 utique
1358 2387 1368 2406 ,
1393 2361 1442 2396 ut
1460 2352 1735 2412 disciplinam

345 2425 478 2484 possit
494 2424 802 2484 patientissime
816 2425 1040 2467 sustinere.
1056 2423 1196 2475 Tertia
1214 2423 1392 2481 ponitur
1406 2422 1606 2467 scientia:
1631 2439 1734 2483 quo-

346 2495 462 2538 niam
485 2494 518 2538 si
541 2493 838 2552 magnitudine
859 2509 933 2537 sua
955 2492 1161 2552 praecedit
1184 2492 1361 2536 scientia
1384 2492 1732 2550 magnitudinem

395 2584 405 2600 ¹
428 2580 505 2611 Luc.
524 2589 606 2620 xvii,
629 2578 660 2609 5,
681 2594 721 2600 —-
741 2584 754 2599 ‘³
774 2579 867 2609 Prov.
888 2588 934 2618 ιιι,
959 2585 1010 2617 12,
1031 2580 1063 2609 et
1083 2575 1180 2609 Hebr.
1201 2586 1256 2617 xii,
1273 2576 1306 2608 6.
1325 2593 1365 2599 -
1386 2573 1400 2599 3
1420 2575 1518 2609 Hebr.
1538 2586 1594 2620 ιιι,
1623 2588 1676 2611 11.
