1848 3261
290 193 532 226 ENARRAno
561 197 609 225 IN
639 192 842 225 PsALMUM
870 195 1033 235 cxv111,
1066 194 1206 226 SERMO
1235 200 1267 226 1.
1377 187 1462 227 379

85 273 313 323 urgerent,
339 263 415 308 diu
437 264 685 324 petentibus
702 261 1049 323 jubentibusque
1069 277 1160 307 non
1200 264 1305 308 cessi
1331 265 1462 325 :quia

83 337 443 397 quotiescumque
468 334 570 379 inde
594 335 783 394 cogitare
798 333 992 388 tentavi,
1029 349 1198 392 semper
1225 335 1335 380 vires
1358 352 1462 381 nos-

83 415 162 450 trae
193 406 445 451 intentionis
482 406 673 450 excessit.
698 407 872 458 Quanto
904 404 1020 447 enim
1047 403 1220 448 videtur
1247 407 1459 464 apertior,

80 485 204 521 tanto
222 477 331 520 mihi
349 476 608 537 profundior
628 475 765 520 videri
783 474 917 532 solet3
951 475 1011 519 ita
1032 484 1082 519 ut
1104 475 1234 519 etiam
1256 491 1386 536 quam
1408 478 1462 521 sit

80 548 354 608 profundus,
390 548 685 591 demonstrare
718 562 807 590 non
828 561 1011 605 possem.
1044 546 1241 590 Aliorum
1270 547 1459 607 quippe,

80 618 156 678 qui
178 617 355 662 difficile
381 616 687 676 intelliguntur
711 651 722 672 ‚
748 616 912 660 etiamsi
939 617 985 660 in
1021 616 1284 661 obscuritate
1315 632 1464 662 sensus

79 688 185 732 latet
204 723 215 743 ,
251 689 339 747 ipsa
363 698 508 731 tamen
544 696 721 746 apparet
752 687 992 731 obscuritas
1020 706 1028 731 :
1054 688 1184 746 hujus
1215 697 1358 732 autem
1382 703 1462 733 nec

78 758 194 818 ipsa;
219 758 426 818 quoniam
448 757 578 802 talem
597 758 763 817 praebet
785 758 1056 816 superficiem
1073 793 1084 812 ,
1104 768 1155 802 ut
1170 758 1376 802 lectorem
1401 768 1462 803 at-

79 844 165 889 que
182 828 424 872 auditorem
441 863 451 882 ‚
477 844 567 872 non
579 828 864 887 expositorem
880 829 1167 872 necessarium
1184 830 1345 873 habere
1366 845 1462 874 cre-

78 899 222 943 datur.
244 901 300 942 Et
320 913 438 941 nunc
460 897 579 957 quod
598 897 772 941 tandem
795 898 850 941 ad
881 900 1258 957 pertractationem
1282 900 1372 958 ejus
1390 915 1464 943 ac-

77 968 185 1012 cedo
201 1004 212 1023 ‚
238 968 345 1028 quid
366 969 411 1011 in
433 984 483 1012 eo
509 967 662 1027 possim
676 1003 686 1022 ‚
704 983 877 1027 prorsus
899 969 1052 1027 ignoro
1079 988 1088 1014 :
1109 985 1232 1029 spero
1256 979 1400 1013 tamen
1415 979 1466 1015 ut

77 1039 242 1100 aliquid
270 1040 452 1099 possim,
489 1040 729 1083 affuturum
761 1050 892 1099 atque
925 1041 1180 1102 adjuturum
1210 1045 1365 1087 Deum..
1394 1043 1462 1087 Sic

77 1111 191 1155 enim
215 1110 318 1155 fecit
331 1112 376 1154 in
389 1111 608 1165 omnibus,
629 1126 920 1170 quaecumque
933 1111 1212 1166 sufficienter,
1231 1127 1330 1156 cum
1344 1113 1463 1172 prius

76 1182 185 1226 mihi
208 1181 263 1226 ad
283 1182 615 1239 intelligendum
642 1181 712 1226 vel
739 1181 1043 1240 explicandum
1065 1182 1257 1228 difficilia
1280 1200 1329 1228 ac
1350 1200 1463 1244 pene

76 1252 356 1312 impossibilia
376 1253 642 1307 viderentur,
667 1252 861 1311 exposui.
884 1254 1024 1298 Statui
1047 1263 1191 1298 autem
1209 1270 1285 1314 per
1306 1270 1463 1301 sermo-

75 1338 151 1367 nes
172 1323 216 1367 id
239 1338 381 1382 agere,
397 1323 472 1383 qui
504 1323 781 1382 proferantur
797 1324 843 1366 in
860 1324 1048 1383 populis,
1064 1340 1171 1385 quas
1189 1326 1327 1370 Graeci
1342 1333 1462 1379 ὁμιλίας

77 1403 249 1439 vocant.
291 1396 385 1438 Hoc
413 1394 527 1437 enim
556 1393 714 1454 justius
758 1409 847 1438 esse
889 1394 1075 1439 arbitror
1091 1431 1102 1451 ‚
1137 1405 1186 1440 ut
1222 1406 1461 1441 conventus

77 1464 351 1509 ecclesiastici
380 1480 469 1508 non
495 1463 758 1508 fraudentur
782 1466 912 1509 etiam
941 1466 1100 1511 Psalmi
1129 1467 1259 1528 hujus
1295 1467 1461 1513 intelli-

75 1535 215 1593 gentia
237 1570 248 1590 ,
286 1536 435 1595 cujus,
468 1545 518 1579 ut
541 1534 724 1579 aliorum
740 1570 751 1590 ‚
776 1534 982 1580 delectari
1010 1536 1195 1582 assolent
1224 1538 1457 1583 cantilena.

77 1605 161 1651 Sed
174 1606 228 1651 sit
242 1607 327 1651 huc
344 1622 481 1667 usque
500 1607 762 1666 prooemium
780 1625 788 1650 :
802 1608 891 1667 jam
906 1606 961 1651 de
977 1608 1070 1668 ipso
1089 1618 1152 1655 est
1167 1609 1456 1670 loquendum,

74 1674 129 1721 de
143 1692 232 1738 quo
251 1677 361 1722 istuc
381 1677 521 1722 visum
544 1685 607 1721 est
628 1676 1008 1737 praeloquendum.

618 1956 835 1998 SERMO
879 1958 912 1997 1.

135 2101 170 2143 I.
189 2101 251 2143 AB
274 2097 449 2143 exordio
472 2114 550 2143 suo
563 2114 746 2159 magnus
768 2099 962 2145 Psalmus
981 2101 1075 2157 iste,
1099 2101 1356 2157 charissimi,
1381 2117 1456 2146 ex-

73 2169 274 2213 hortatur
303 2185 380 2213 nos
418 2169 472 2213 ad
494 2169 827 2226 beatitudinem,
853 2187 984 2231 quam
1018 2188 1146 2217 nemo
1179 2182 1243 2216 est
1264 2173 1340 2232 qui
1367 2187 1457 2216 non

75 2249 259 2298 expetat.
281 2240 386 2293 Quis
407 2240 523 2283 enim
546 2256 729 2301 usquam
748 2241 817 2286 vel
834 2251 991 2301 potest,
1015 2241 1085 2287 vel
1104 2243 1262 2302 potuit,
1282 2241 1352 2287 vel
1374 2258 1456 2302 po-

74 2310 176 2354 terit
195 2310 401 2364 inveniri,
427 2311 501 2370 qui
521 2311 632 2355 nolit
653 2327 742 2355 esse
770 2312 947 2356 beatus?
968 2313 1085 2367 Quid
1108 2313 1238 2372 igitur
1260 2314 1459 2359 exhorta-

74 2380 193 2424 tione
231 2396 339 2439 opus
363 2390 426 2424 est
462 2380 518 2425 ad
554 2397 649 2426 eam
684 2398 775 2425 rem
792 2418 802 2437 ,
839 2398 971 2442 quam
1014 2400 1090 2428 sua
1116 2393 1270 2443 sponte
1291 2386 1457 2443 appetit

75 2451 245 2494 animus
264 2452 510 2496 humanus?
531 2455 638 2498 Nam
660 2452 856 2511 profecto
873 2454 949 2513 qui
970 2455 1220 2498 exhortatur
1240 2490 1251 2510 ,
1274 2454 1320 2498 id
1339 2455 1428 2513 agit
1442 2490 1453 2511 ‚

75 2530 126 2566 ut
142 2522 353 2567 excitetur
369 2522 569 2568 voluntas
591 2524 681 2583 ejus
704 2539 803 2568 cum
828 2540 917 2584 quo
941 2525 1051 2584 agit,
1076 2525 1132 2570 ad
1148 2524 1258 2570 illud
1279 2534 1457 2585 propter
