1848 3261
379 247 622 278 ENARRATlo
653 249 699 278 m
729 245 934 277 »sunum
963 248 1050 276 ειν.
1328 236 1414 276 203

91 316 254 359 XXVI.
275 316 370 359 «Et
390 315 580 360 comedit
598 330 727 360 omne
750 312 922 358 foenum
952 312 997 356 in
1030 321 1144 357 terra
1169 326 1349 369 eorum,
1373 321 1418 357 et

34 403 56 427 »
90 383 281 430 comedit
311 400 486 429 omnem
518 384 711 430 fructum
741 393 868 428 terrae
896 385 1088 427 eorum1.
1119 400 1142 424 »
1167 384 1225 426 Et
1242 383 1415 426 foenum

0 446 3 450 ⁵
31 455 198 501 fructus
220 465 303 511 est,
328 456 439 500 sicut
462 456 583 518 loqui
607 457 826 515 Scriptura
840 454 1069 502 consuevit
1086 488 1097 509 ,
1122 469 1222 514 quae
1243 452 1413 497 foenum

32 527 222 587 appellat
243 528 370 572 etiam
394 538 556 588 segetes
571 528 749 587 frugum
772 546 781 571 ι
807 525 883 570 sed
903 535 953 570 ut
974 524 1064 570 duo
1087 524 1275 579 diceret,
1301 524 1416 568 duo—

30 597 113 642 bus
137 596 316 643 fortasse
342 614 441 658 quae
478 597 641 642 dixerat
656 633 666 652 ‚
707 612 891 643 numero
921 595 1062 641 voluit
1082 610 1345 650 consonare,
1368 595 1416 639 id

30 677 94 712 est
109 703 119 722 ‚
136 667 316 713 locustae
338 677 381 712 et
398 668 582 713 brucho.
599 671 693 713 Hoc
711 677 856 712 autem
878 676 1019 711 totum
1041 667 1231 725 pertinet
1252 665 1308 710 ad
1327 665 1417 710 elo-

29 737 217 782 cutionis
240 738 494 782 varietatem
515 737 764 783 medentem
786 736 981 792 fastidio,
1004 752 1094 781 non
1114 735 1169 780 ad
1193 736 1418 782 diversita-

30 816 118 851 tem
135 807 464 851 sententiarum.

88 880 274 922 XXVII.
310 897 332 920 «
367 881 423 922 Et
449 879 660 938 percussit
686 893 814 924 omne
848 877 1189 937 primogenitum
1226 877 1273 920 in
1303 885 1417 921 terra

32 966 54 990 »
89 963 267 1003 eorum,
296 948 505 1008 primitias
537 949 676 993 omnis
697 948 858 992 laboris
880 962 1032 991 eorum
1047 950 1079 990 ².
1109 965 1129 988 »
1165 949 1268 990 Haec
1290 946 1419 1005 plaga

29 1019 258 1063 novissima
275 1027 354 1073 est,
366 1029 542 1079 excepta
556 1028 697 1063 morte
716 1019 762 1062 in
777 1018 884 1062 mari
898 1018 1063 1061 Rubro.
1082 1017 1294 1060 Primitias
1315 1032 1419 1061 vero

28 1089 230 1133 laborum
247 1125 258 1144 ‚
278 1099 456 1149 propter
478 1090 762 1148 primogenita
785 1103 1010 1148 pecorum,
1027 1086 1195 1131 dictum
1214 1087 1415 1131 arbitror.

31 1162 140 1213 Quae
170 1159 310 1219 plagae
340 1175 441 1204 cum
475 1160 559 1203 sint
581 1159 731 1204 decem
748 1194 759 1214 ‚
795 1174 876 1203 nec
898 1173 1048 1203 omnes
1069 1167 1420 1202 commemoratae

31 1239 158 1285 sunt,
184 1246 264 1273 nec
302 1229 456 1273 eodem
482 1230 635 1273 ordine
657 1245 745 1289 quo
774 1229 835 1273 ibi
866 1227 993 1273 factae
1017 1228 1239 1287 leguntur.
1266 1228 1420 1272 Libera

32 1301 148 1345 enim
178 1308 242 1344 est
262 1299 456 1344 laudatio
485 1316 509 1344 a
538 1299 633 1358 lege
661 1300 872 1344 narrantis
905 1309 948 1344 et
970 1300 1155 1343 texentis
1176 1299 1416 1343 historiam.

31 1371 167 1430 Cujus
184 1369 446 1414 laudationis
462 1380 614 1415 auctor
633 1378 676 1414 et
698 1369 839 1415 dictor
861 1385 962 1414 cum
984 1369 1038 1413 sit
1059 1383 1136 1428 per
1159 1370 1420 1429 Prophetam

35 1441 218 1501 Spiritus
240 1450 412 1485 sanctus
430 1462 440 1499 3
466 1440 617 1485 eadem
639 1441 793 1501 utique
813 1440 1093 1495 auctoritate,
1118 1455 1204 1500 qua
1222 1455 1299 1499 per
1320 1455 1422 1484 eum

33 1511 123 1570 egit
142 1511 365 1556 hominem
394 1512 471 1571 qui
493 1510 611 1555 illam
629 1511 799 1571 scripsit
819 1510 1042 1556 historiam
1058 1545 1069 1565 ,
1090 1519 1133 1554 et
1153 1525 1420 1555 commemo-

30 1591 98 1627 rat
118 1581 286 1642 aliquid
307 1581 472 1627 factum
495 1581 615 1642 quod
634 1582 696 1626 ibi
715 1598 805 1627 non
827 1582 1007 1640 legitur,
1032 1590 1075 1626 et
1097 1580 1218 1641 quod
1238 1581 1300 1625 ibi
1320 1581 1422 1640 legi-

31 1662 104 1698 tur
119 1653 327 1712 praeterit.

90 1725 301 1767 XXVIII.
320 1722 530 1782 Adjungit
551 1731 698 1767 autem
716 1723 846 1767 etiam
861 1723 946 1768 hoc
966 1722 1170 1767 laudibus
1193 1723 1284 1779 Dei,
1300 1722 1421 1784 quod

32 1802 212 1852 argento
233 1802 277 1837 et
298 1809 405 1837 auro
426 1792 582 1838 ditatos
605 1793 818 1838 Israelitas
840 1793 991 1838 eduxit
1007 1809 1057 1838 ex
1076 1797 1270 1854 AEgypto
1290 1813 1299 1840 ε
1320 1795 1422 1855 quia

33 1873 79 1909 et
98 1864 180 1924 ipsi
198 1864 303 1909 tales
321 1873 459 1918 erant,
481 1864 558 1924 qui
579 1864 778 1908 nondum
802 1873 977 1924 possent
998 1873 1277 1909 contemnere
1298 1864 1424 1910 labo-

32 1950 133 1979 rum
154 1949 334 1979 suorum
354 1934 454 1979 licet
475 1934 758 1994 temporalem
771 1970 781 1989 ‚
802 1943 949 1979 tamen
969 1935 1161 1979 debitam
1172 1936 1424 1996 justamque

33 2004 281 2049 mercedem
307 2023 316 2049 :
339 2020 419 2049 nec
437 2005 482 2048 in
504 2019 555 2049 eo
574 2004 695 2064 quod
715 2006 943 2065 AEgyptios
962 2005 1252 2065 deceperunt,
1273 2022 1297 2051 a
1320 2006 1423 2067 qui-

33 2074 117 2120 bus
149 2075 230 2120 sibi
260 2084 311 2120 ut
338 2075 690 2121 commodaretur
725 2092 880 2121 aurum
917 2086 1234 2137 argentumque
1255 2077 1424 2138 petive—

33 2155 164 2201 runt,
192 2145 412 2206 putandus
434 2155 497 2190 est
527 2149 640 2190 Deus
662 2146 914 2208 hujusmodi
945 2146 1094 2202 dolos,
1133 2148 1194 2192 eis
1227 2149 1304 2208 qui
1325 2163 1423 2192 sur-

36 2231 132 2260 sum
166 2232 242 2261 cor
275 2216 462 2274 habent,
487 2216 557 2261 vel
575 2218 753 2277 jubere,
784 2216 854 2262 vel
881 2217 915 2261 si
937 2216 1136 2272 fecerint,
1162 2218 1419 2277 approbare.

36 2288 173 2345 Magis
194 2287 310 2332 enim
333 2303 410 2347 per
431 2286 504 2332 illa
533 2289 611 2332 Dei
630 2289 785 2343 verba,
810 2289 963 2349 utique
985 2289 1039 2332 ab
1061 2288 1136 2333 illo
1157 2289 1233 2349 qui
1255 2305 1329 2333 cor
1350 2304 1425 2333 co-

37 2373 135 2401 rum
166 2358 372 2413 videbat,
409 2367 452 2402 et
480 2358 738 2418 cupiditates
771 2360 1068 2414 examinabat,
1104 2359 1300 2419 permissi
1322 2368 1425 2404 sunt

39 2427 181 2472 facere
202 2429 282 2472 ista
300 2463 310 2482 ‚
339 2444 471 2488 quam
488 2430 594 2489 jussi
620 2450 629 2475 ι
663 2446 752 2475 non
774 2439 921 2474 tamen
939 2431 1028 2474 sine
1046 2430 1194 2491 aliquo
1215 2439 1426 2491 provectu

40 2499 196 2543 animae
215 2497 420 2554 carnalis,
446 2499 566 2559 quod
595 2510 639 2546 et
659 2501 724 2545 his
750 2500 952 2546 fecerunt
972 2501 1049 2561 qui
1070 2500 1173 2546 talia
1197 2502 1294 2562 jure
1316 2501 1426 2561 passi

87 2589 97 2606 ¹
117 2583 195 2618 Psal.
214 2595 278 2626 mv,
296 2584 350 2617 35.
367 2600 408 2607 —
431 2591 445 2608 ²
463 2584 545 2619 Ibid.
568 2584 622 2619 36.
