1848 3261
444 231 685 263 ENARRATIO
716 231 762 260 m
793 229 995 259 rsALMUM
1026 230 1128 258 exn.
1398 216 1481 256 325

100 405 595 426 mmm1mm5mm
878 400 1230 419 mm mmmmwm
1234 401 1484 418 mmm

599 547 986 600 ENARRATto

484 712 548 753 {N
594 709 897 753 PSALMUM
953 707 1100 751 cxli,

551 866 700 914 Sermo
723 862 779 910 ad
804 862 1036 925 populum,

159 1003 195 1045 Ι.
229 1002 406 1057 Νοετιε,
437 998 613 1055 fratres,
642 1009 684 1044 et
695 999 927 1060 saepissime
963 997 1142 1043 audistis
1175 997 1221 1043 in
1247 996 1486 1055 Evangelio

98 1073 335 1118 Dominum
358 1071 523 1127 dicere,
553 1090 570 1111 «
604 1071 740 1116 Sinite
761 1085 919 1131 pueros
948 1070 1096 1114 venire
1119 1068 1174 1114 ad
1205 1084 1297 1124 me,
1332 1067 1486 1112 talium

101 1161 123 1186 »
157 1152 222 1187 est
241 1143 355 1186 enim
373 1157 556 1201 regnum
577 1141 790 1185 coelorum
814 1159 823 1185 ι
851 1157 872 1180 ))
898 1148 942 1184 et
963 1139 1143 1194 iterum,
1172 1158 1192 1181 «
1220 1139 1263 1184 Si
1283 1139 1380 1199 quis
1396 1154 1487 1183 non

101 1232 123 1256 »
157 1213 367 1272 receperit
379 1227 563 1271 regnum
578 1211 673 1266 Dei,
689 1211 932 1270 sicutpuer‚
949 1225 1039 1255 non
1055 1209 1290 1254 intrabitin
1301 1208 1447 1253 illud1.
1463 1228 1484 1250 »

100 1287 156 1329 Et
173 1282 320 1327 multis
342 1281 433 1326 aliis
453 1282 558 1327 locis
575 1282 786 1326 Dominus
809 1290 977 1335 noster,
1004 1295 1081 1340 per
1103 1278 1320 1339 singulare
1340 1278 1490 1323 humi-

98 1354 231 1399 litatis
253 1352 500 1412 exemplum
530 1352 779 1412 superbiam
800 1351 954 1395 veteris
975 1350 1162 1395 hominis
1195 1350 1249 1395 ad
1271 1350 1489 1394 innovan-

100 1424 202 1469 dam
223 1422 447 1468 humiliter
474 1423 606 1467 vitam
640 1421 923 1467 similitudine
944 1421 1122 1482 puerilis
1143 1421 1279 1466 aetatis
1299 1429 1486 1465 accusat.

101 1497 399 1554 Quapropter,
420 1493 681 1548 charissimi,
707 1507 807 1537 cum
829 1492 993 1536 cantari
1024 1491 1179 1536 auditis
1201 1492 1247 1535 in
1285 1490 1461 1535 Psalmis
1476 1526 1487 1547 ,

104 1585 125 1608 «
160 1564 356 1609 Laudate
373 1564 496 1624 pueri
510 1563 746 1609 Dominum
765 1598 776 1618 ,
793 1581 813 1604 »
835 1577 890 1607 ne
912 1562 1181 1607 arbitremini
1199 1560 1253 1606 ad
1266 1577 1342 1606 vos
1363 1561 1490 1605 istam

103 1637 446 1681 exhortationem
470 1650 560 1679 non
590 1634 834 1693 pertinere,
870 1633 972 1693 quia
1004 1634 1095 1693 jam
1129 1633 1320 1693 corporis
1342 1632 1490 1692 pueri-

101 1709 206 1753 tiam
227 1706 488 1767 supergressi
507 1742 518 1761 ,
544 1705 612 1751 vel
627 1704 814 1766 juvenili
837 1703 995 1749 decore
1016 1704 1225 1749 virescitis
1243 1740 1253 1760 ,
1273 1703 1344 1749 vel
1365 1703 1488 1748 senili

102 1780 268 1824 honore
299 1777 523 1823 canescitis
551 1796 560 1822 :
586 1776 790 1821 omnibus
819 1775 935 1819 enim
956 1774 1078 1819 vobis
1102 1774 1208 1820 dicit
1224 1774 1458 1835 Apostolus
1474 1809 1487 1832 ,

107 1869 126 1891 «
160 1848 304 1895 Nolite
326 1848 439 1892 effici
459 1847 584 1906 pueri
603 1846 823 1890 mentibus
836 1880 847 1901 ,
873 1845 950 1890 sed
966 1845 1129 1890 malitia
1146 1845 1317 1906 parvuli
1333 1853 1486 1901 estote,

104 1938 126 1962 »
161 1929 212 1964 ut
233 1918 455 1963 mentibus
470 1916 653 1978 perfecti
668 1916 800 1961 sitis‘2.
826 1933 847 1957 ³>
868 1917 963 1969 Qua
979 1914 1144 1961 malitia
1165 1916 1352 1960 maxime
1370 1951 1383 1972 ,
1408 1916 1491 1961 nisi

103 1989 332 2049 superbia?
354 1991 451 2048 Ipsa
483 1988 601 2032 enim
633 1987 687 2031 de
716 2002 828 2031 vana
848 1985 1088 2046 granditate
1109 2002 1376 2048 praesumens
1399 2002 1490 2031 non

103 2060 205 2105 sinit
225 2059 448 2104 hominem
479 2057 702 2102 ambulare
723 2073 801 2118 per
823 2067 985 2102 arctam
1006 2058 1144 2114 viam,
1166 2068 1210 2104 et
1230 2059 1392 2103 intrare
1413 2073 1491 2119 per

103 2139 330 2189 angustam
347 2137 534 2188 portam.
550 2132 663 2173 Puer
676 2137 822 2174 autem
835 2128 961 2173 facile
983 2129 1117 2174 intrat
1135 2144 1213 2190 per
1228 2138 1458 2186 angustum
1475 2147 1487 2175 :

106 2210 149 2245 et
180 2200 278 2244 ideo
310 2215 441 2243 nemo
473 2199 556 2244 nisi
584 2208 636 2244 ut
669 2215 778 2260 puer
810 2199 944 2244 intrat
964 2199 1011 2244 in
1041 2214 1224 2258 regnum
1256 2198 1492 2244 coelorum.¹

106 2270 223 2323 Quid
242 2279 385 2314 autem
404 2269 618 2329 superbiae
646 2268 809 2314 malitia
831 2269 1018 2314 deterius
1039 2305 1050 2326 ,
1070 2286 1170 2331 quae
1205 2269 1489 2330 praepositum

106 2355 197 2385 non
213 2339 308 2385 vult
329 2340 490 2384 habere
510 2355 590 2385 nec
614 2342 782 2384 Deum?
802 2342 912 2386 Nam
928 2341 1137 2401 scriptum
1157 2349 1219 2386 est
1236 2376 1247 2397 ‚
1267 2360 1287 2383 «
1308 2339 1486 2384 Initium

110 2429 131 2452 »
166 2410 380 2470 superbiae
401 2411 587 2455 hominis
616 2420 857 2470 apostatare
875 2427 898 2456 a
919 2414 1050 2457 Deo3.
1075 2432 1091 2453 »
1119 2414 1241 2457 Hanc
1265 2426 1308 2455 se
1330 2409 1486 2455 adver-

156 2512 164 2528 ¹
191 2505 306 2539 Matth.
324 2517 389 2547 xm,
412 2506 466 2549 14,
485 2518 579 2549 xvm,
601 2507 632 2548 3,
653 2513 683 2540 et
698 2509 793 2540 Marc..
818 2518 871 2549 xx,
891 2505 943 2549 14,
962 2507 1011 2540 15.
1029 2525 1070 2531 —-
1090 2516 1102 2531 ²
1127 2519 1135 2540 ι
1160 2510 1233 2541 Cor.
1258 2518 1347 2550 xxxv,
1372 2514 1425 2540 20.
1443 2520 1486 2531 -·

110 2559 124 2584 3
142 2560 240 2594 Ercli.
263 2572 315 2603 xx,
342 2561 391 2603 14.
