1848 3261
228 239 469 272 ENARRAno
500 243 534 270 11
565 243 611 270 IN
641 227 844 270 PsALngt
873 240 1007 278 cxm,
1040 236 1179 268 sEmvro
1209 240 1259 267 11.
1351 225 1437 267 347

61 325 148 371 que
163 310 407 363 turbarum,
422 308 514 352 sine
525 308 623 352 vivo
643 308 788 368 aliquo
804 305 1046 350 habitatore
1067 320 1157 349 esse
1177 320 1267 350 non
1281 307 1439 365 putat?

61 381 174 425 Hinc
197 388 239 423 et
259 378 373 423 mala
394 378 607 422 daemonia
629 377 684 422 ad
705 375 961 437 possidenda
984 374 1188 419 Gentium
1211 375 1440 420 simulacra

59 451 155 496 talis
195 450 422 494 hominum
460 450 641 494 affectus
677 448 830 493 invitat
851 482 861 502 ‚
889 461 1078 507 quorum
1112 445 1440 505 praesidentium

58 521 175 567 varia
185 520 352 565 fallacia
367 519 555 564 motiferi
567 520 834 563 seminantur
847 527 890 561 et
901 517 1246 576 multiplicantur
1258 532 1438 561 errores.

60 591 167 637 Aliis
186 592 333 651 itaque
353 590 458 635 locis
475 599 518 634 et
539 598 689 634 contra
706 589 786 633 ista
809 588 967 633 divinae
986 587 1141 631 litterae
1164 585 1368 646 vigilant,
1387 601 1443 630 ne

60 661 290 721 quisquam
314 660 454 715 dicat,
487 675 587 704 cum
615 659 734 703 irrisa
756 657 920 702 fuerint
943 657 1170 702 simulacra
1197 675 1206 702 ι
1241 660 1339 702 Non
1359 657 1443 701 hoc

60 730 230 776 visibile
251 730 347 774 colo
368 765 378 785 ‚
407 730 480 774 sed
504 745 668 773 numen
704 728 824 789 quod
849 728 937 772 illic
957 727 1228 772 invisibiliter
1245 727 1442 772 habitat:

61 801 150 861 ipsa
173 815 274 858 ergo
291 800 471 844 numina
493 800 538 843 in
553 799 637 843 alio
658 798 828 843 Psalmo
848 797 999 842 eadem
1016 798 1236 856 Scriptura
1251 798 1309 841 sic
1329 797 1446 841 dam-

62 880 139 915 nat
163 890 172 915 :
203 889 223 912 «
248 870 464 923 Quoniam
487 868 546 913 dii
568 869 774 913 Gentium
801 904 811 924 ,
834 869 992 928 inquit,
1019 867 1233 912 daemonia
1260 887 1270 914 2
1295 868 1446 913 Domi-

66 959 87 983 »
122 956 204 984 nus
233 949 379 984 autem
410 939 544 984 coelos
565 938 713 983 fecit¹.
742 958 762 981 »
786 939 899 983 Dicit
934 948 977 983 et
1003 938 1261 998 Apostolus,
1301 957 1321 980 «
1349 941 1449 983 Non

66 1027 87 1052 »
122 1010 242 1070 quod
270 1009 436 1054 idolum
455 1010 508 1053 sit
531 1008 696 1069 aliquid
713 1044 724 1064 ‚
749 1009 824 1053 sed
843 1009 1051 1068 quoniam
1088 1025 1188 1068 quae
1220 1008 1449 1053 immolant

66 1097 88 1122 »
123 1081 282 1124 Gentes
303 1115 313 1133 ‚
340 1079 565 1123 daemoniis
584 1078 813 1123 immolant
828 1114 839 1134 ,
865 1088 908 1123 et
924 1094 1013 1122 non
1033 1084 1133 1123 Deo.
1160 1079 1270 1125 Nolo
1291 1095 1368 1124 vos
1384 1094 1450 1125 so-

61 1169 83 1194 »
118 1152 206 1196 cios
228 1151 321 1194 fieri
343 1150 701 1194 daemoniorum2.
730 1167 750 1191 »

119 1224 196 1265 IV.
222 1220 437 1265 Videntur
459 1229 604 1263 autem
627 1220 707 1263 sibi
725 1220 980 1279 purgatioris
1002 1235 1092 1265 esse
1104 1220 1320 1279 religionis
1335 1256 1346 1276 ,
1371 1221 1449 1281 qui

61 1292 214 1337 dicunt
228 1326 239 1345 ,
258 1293 347 1335 Nec
384 1290 661 1334 simulacrum
676 1325 686 1344 ,
713 1305 792 1334 nec
815 1289 1081 1334 daemonium
1103 1289 1199 1335 colo
1217 1312 1228 1348 3
1253 1291 1327 1335 sed
1349 1291 1447 1335 effi-

64 1363 178 1423 giem
209 1361 477 1420 corporalem
513 1362 604 1421 ejus
641 1361 703 1404 rei
726 1361 898 1419 signum
925 1362 1124 1417 intueor,
1153 1378 1285 1423 qnam
1306 1363 1448 1408 colere

62 1434 217 1478 debeo.
261 1435 414 1492 Itaque
442 1432 785 1490 interpretantur
819 1431 1046 1476 simulacra
1067 1468 1078 1487 ‚
1115 1442 1166 1477 ut
1187 1433 1270 1478 alio
1301 1433 1449 1480 dicant

62 1503 294 1562 significari
306 1512 482 1556 terram,
498 1501 617 1546 unde
631 1501 841 1561 templum
857 1502 996 1547 solent
1010 1503 1227 1563 appellare
1243 1504 1446 1563 Telluris3

64 1573 148 1619 alio
182 1589 329 1624 mare,
359 1573 469 1618 sicut
500 1572 692 1632 Neptuni
722 1571 979 1629 simulacro3
1017 1573 1101 1618 alio
1135 1578 1278 1618 aerem
1302 1610 1313 1630 ,
1339 1576 1450 1620 sicut

64 1644 249 1689 Junonis
270 1665 280 1701 3
311 1643 395 1687 alio
415 1643 577 1701 ignem,
603 1643 713 1687 sicut
734 1641 945 1698 Vulcani,
964 1643 1047 1688 alio
1073 1644 1323 1701 luciferum,
1339 1646 1451 1691 sicut

65 1714 268 1771 Veneris3
284 1713 366 1758 alio
379 1713 531 1768 solem,
548 1712 631 1757 alio
645 1712 812 1768 lunam,
829 1729 1017 1774 quorum
1035 1714 1273 1759 simulacris
1297 1716 1449 1761 eadem

66 1784 242 1829 nomina
259 1784 369 1828 sicut
395 1783 577 1827 Telluris
599 1783 856 1842 imponunt3
892 1783 976 1828 alio
1000 1783 1111 1828 illud
1129 1819 1140 1840 ,
1162 1784 1245 1830 alio
1261 1785 1371 1830 illud
1392 1787 1451 1831 si-

67 1853 171 1909 dus,
194 1853 265 1898 vel
295 1853 414 1897 illam
449 1852 520 1896 vel
539 1852 658 1896 illam
680 1862 921 1897 creaturam
948 1869 956 1895 ε
981 1869 1123 1914 neque
1145 1855 1260 1899 enim
1293 1866 1451 1901 cuncta

68 1939 322 1968 enumerare
358 1923 611 1968 sufficimus.
645 1926 707 1967 De
739 1924 900 1984 quibus
932 1940 1078 1969 rursus
1112 1941 1214 1970 cum
1247 1927 1452 1985 exagitari

68 1994 304 2053 coeperint,
337 1993 457 2053 quod
485 2009 665 2053 corpora
696 1993 862 2049 colant,
889 1995 1162 2056 maximeque
1192 2005 1352 2041 terram
1371 2032 1383 2053 ,
1409 2007 1453 2042 et

67 2080 202 2120 mare,
219 2074 262 2109 et
282 2068 425 2109 aerem
437 2099 448 2120 ,
465 2074 508 2109 et
523 2066 685 2123 ignem,
703 2081 890 2126 quorum
908 2067 1033 2112 nobis
1054 2083 1156 2112 usus
1177 2068 1223 2112 in
1242 2078 1451 2128 promptu

69 2145 159 2194 est3
183 2138 322 2194 (Nam
345 2135 400 2180 de
420 2135 669 2181 coelestibus
691 2138 899 2198 quoniam
916 2148 1064 2184 nostro
1083 2155 1132 2184 ea
1154 2156 1334 2200 corpore
1351 2156 1453 2186 con-

68 2216 252 2252 trectare
273 2216 405 2268 atque
437 2208 712 2266 contingere,
745 2209 825 2253 nisi
847 2209 1075 2255 oculorum
1099 2211 1227 2256 radiis
1257 2228 1347 2257 non
1373 2228 1452 2257 va-

68 2275 231 2332 lemus,
261 2292 351 2322 non
367 2278 426 2321 ita
447 2278 710 2324 erubescunt
735 2298 744 2324 :
768 2281 784 2336 )
805 2280 1065 2340 respondere
1092 2281 1277 2337 audent,
1301 2298 1392 2327 non
1408 2298 1453 2327 se

69 2345 162 2406 ipsa
183 2363 361 2407 corpora
377 2347 540 2404 colere,
567 2349 642 2393 sed
664 2366 762 2410 quae
782 2349 864 2394 illis
892 2352 1089 2410 regendis
1112 2353 1346 2412 praesident
1367 2369 1453 2398 nu-

71 2417 204 2461 mina.
232 2421 385 2478 Itaque
397 2419 689 2478 Apostoliuna
705 2422 916 2467 sententia
933 2439 1108 2482 poenam
1126 2425 1306 2469 istorum
1329 2425 1454 2469 dam-

74 2489 384 2550 nationemque
417 2500 598 2536 testatur
633 2512 641 2537 :
673 2512 692 2534 «
718 2494 801 2546 Qui
829 2502 1254 2552 transmutaverunt,
1281 2496 1450 2557 inquit,

126 2579 134 2595 ¹
160 2573 241 2605 Psal.
259 2585 328 2614 xcv,
348 2574 379 2607 5.
412 2592 439 2598 -
458 2583 470 2598 ²
489 2588 500 2608 1
521 2578 592 2609 Cor.
613 2587 646 2617 x,
671 2586 796 2619 19,20.
