1848 3261
212 210 452 240 ENARRATIO
484 213 516 239 11
547 213 593 240 m
624 210 827 240 PsALMUM
857 213 952 250 (3111,
988 209 1126 239 sumno
1157 206 1205 239 11.
1313 200 1394 239 123

27 295 47 319 »
82 292 152 320 me
184 285 227 321 et
262 276 398 320 bibat.
436 276 517 328 Qui
546 276 683 320 credit
712 276 758 319 in
791 291 889 330 me,
927 275 1106 319 flumina
1144 292 1268 336 aquae
1289 276 1399 320 vivae

27 365 47 389 »
82 348 220 392 fluent
243 346 297 391 [le
317 357 468 391 ventre
484 349 590 407 ejus.
618 347 743 392 Unde
765 347 995 406 probamus
1011 381 1022 401 ‚
1042 346 1143 406 quia
1165 346 1220 390 de
1240 348 1400 406 Spiritu

23 418 190 462 dictum
213 419 303 461 est?
325 417 447 461 Dicat
468 418 558 477 ipse
577 417 846 476 Evangelista
865 437 874 473 3
899 416 973 476 qui
995 416 1216 476 sequitur,
1243 426 1284 460 et
1308 417 1364 459 ait
1388 436 1396 461 :

28 507 48 531 «
83 492 176 533 Hoc
199 498 342 532 autem
359 487 532 532 dicebat
553 489 607 532 de
629 489 804 547 Spiritu,
825 503 957 547 quem
980 487 1198 546 accepturi
1217 496 1338 530 erant
1355 486 1401 530 hi

26 576 46 600 »
82 559 155 618 qui
172 559 217 602 in
232 575 332 602 eum
345 558 516 602 fuerant
532 556 772 603 eredituri1.
785 558 870 611 Qui
888 557 1081 601 ambulat
1097 573 1225 617 super
1239 572 1401 617 pennas

25 647 45 672 >›
80 639 311 674 ventorum
332 649 340 674 :
372 649 391 671 »
412 630 459 673 id
475 639 538 673 est,
554 665 564 683 ,
589 645 717 688 super
733 629 911 672 virtutes
929 629 1185 672 animarum.
1212 633 1316 681 Quae
1338 636 1402 671 est

23 700 157 744 virtus
190 700 375 743 animae‘?
400 703 494 758 Ipsa
522 700 720 744 charitas.
754 699 983 753 Quomodo
1010 710 1154 744 autem
1180 698 1253 742 ille
1274 714 1403 758 super

21 770 137 814 illam
157 769 385 814 ambulat?
402 771 507 824 Quia
532 772 668 831 major
689 780 751 815 est
773 771 956 815 charitas
980 772 1055 815 Dei
1078 771 1122 814 in
1140 786 1217 815 nos
1235 806 1246 826 ,
1271 785 1404 830 quam

21 850 165 885 nostra
186 842 232 884 in
250 844 403 884 Deum.

81 914 156 955 IV.
187 930 206 953 «
232 911 316 964 Qui
340 909 443 954 facit
459 911 647 970 Angelos
670 927 768 955 suos
791 912 985 971 spiritus„
1011 921 1054 955 et
1073 912 1288 955 ministros
1307 926 1405 955 suos

24 1000 44 1024 »
78 982 224 1041 ignem
249 983 501 1040 flagrantem
520 984 535 1006 ²
557 1002 565 1028 ς
585 1001 603 1023 ))
626 982 776 1038 idest,
801 1000 872 1027 eos
891 984 965 1043 qui
984 985 1072 1044 jam
1094 983 1267 1042 spiritus
1286 991 1401 1037 sunt,

21 1053 96 1113 qui
114 1052 323 1112 spiritales
341 1087 351 1107 ‚
377 1068 466 1096 non
482 1052 673 1096 carnales
697 1063 812 1107 sunt,
839 1053 942 1097 facit
963 1053 1149 1111 Angelos
1170 1069 1285 1108 suos⁷
1303 1053 1405 1097 mit-

21 1123 156 1167 tendo
177 1132 225 1166 ut
251 1122 491 1181 praedicent
513 1124 604 1182 ejus
627 1123 928 1181 Evangelium.
951 1143 970 1165 «
996 1125 1052 1166 Et
1072 1123 1286 1167 ministros
1310 1139 1407 1167 suos

23 1212 44 1235 »
79 1195 226 1252 ignem
251 1194 519 1251 flagrantem.
548 1214 564 1232 ν)
591 1194 678 1239 Nisi
709 1195 822 1237 enim
846 1194 993 1238 ardeat
1020 1194 1215 1238 minister
1245 1194 1406 1254 praedi-

21 1279 144 1318 cans,
169 1279 258 1307 non
279 1262 478 1307 accendit
501 1280 600 1307 eum
622 1264 691 1308 cui
716 1265 937 1324 praedicat.

79 1336 132 1377 V.
158 1353 177 1375 «
204 1333 423 1377 Fundavit
444 1342 605 1377 terram
627 1350 754 1394 super
776 1336 1099 1378 firmamentum
1122 1336 1212 1395 ejus
1229 1336 1260 1378 3.
1276 1353 1295 1376 »
1316 1336 1407 1378 Fir-

21 1405 155 1449 mavit
176 1404 416 1448 Ecclesiam
449 1420 577 1464 super
604 1405 923 1449 firmamentum
951 1405 1169 1449 Ecclesiae.
1195 1406 1325 1458 Quod
1347 1415 1410 1450 est

20 1475 341 1519 firmamentum
358 1475 578 1530 Ecclesice,
590 1475 670 1519 nisi
684 1474 1017 1518 fundamentum
1031 1475 1263 1519 Ecclesiae?
1278 1476 1408 1529 Quod

21 1554 84 1589 est
106 1544 440 1589 fundamentum
464 1544 667 1589 Ecclesiae
684 1580 694 1600 ,
726 1546 805 1589 nisi
828 1545 882 1588 de
903 1561 991 1605 quo
1015 1545 1119 1589 dicit
1143 1545 1374 1605 Apostolus
1395 1566 1403 1591 :

24 1635 44 1658 «
80 1615 435 1659 Fundamentum
468 1631 597 1659 nemo
618 1624 760 1675 potest
782 1631 943 1674 ponere
974 1625 1263 1676 praeterquam
1290 1619 1408 1676 quod

23 1704 43 1729 »
78 1687 265 1747 positum
293 1695 355 1729 est
372 1722 382 1741 ‚
416 1687 535 1746 quod
558 1696 621 1731 est
642 1687 837 1732 Christus
871 1689 1051 1731 Jesus4?
1071 1706 1090 1728 »
1116 1690 1173 1731 Et
1198 1687 1295 1732 ideo
1331 1687 1407 1732 tali

20 1756 307 1802 fundamento
329 1757 508 1803 suffulta
526 1792 536 1812 ,
566 1757 673 1817 quid
695 1757 854 1801 meruit
872 1757 1053 1801 audire?
1076 1776 1096 1799 «
1115 1760 1212 1801 Non
1230 1757 1409 1802 inclina-

25 1848 44 1870 »
79 1828 197 1872 bitur
218 1828 260 1871 in
280 1827 487 1872 saeculum
509 1827 670 1872 saeeuli.
698 1828 919 1872 Fundavit
940 1837 1097 1871 terram
1120 1843 1249 1887 super
1269 1829 1406 1872 firmi-

23 1917 44 1940 »
78 1908 212 1942 tatem
244 1900 334 1958 ejus
352 1934 362 1952 ,
392 1916 411 1939 »
442 1899 486 1942 id
509 1908 572 1942 est
591 1934 601 1953 ‚
626 1898 813 1942 firmavit
840 1897 1077 1942 Ecclesiam
1099 1914 1228 1958 super
1250 1897 1406 1943 funda-

19 1979 219 2013 mentum
243 1970 479 2014 Christum.
506 1969 687 2014 Nutabit
713 1967 899 2012 Ecclesia
916 2004 926 2023 ‚
954 1969 986 2012 si
1005 1969 1223 2012 nutaverit
1242 1967 1404 2013 funda-

20 2050 215 2085 mentum
237 2061 244 2086 :
262 2040 336 2085 sed
354 2041 471 2085 unde
489 2041 661 2084 nutabit
674 2041 882 2093 Christus,
895 2040 971 2100 qui
989 2050 1219 2100 antequam
1238 2041 1404 2085 veniret

21 2112 75 2157 ad
97 2129 199 2167 nos,
235 2122 279 2156 ct
308 2128 481 2156 carnem
517 2112 777 2170 susciperet,
807 2131 827 2154 «
853 2112 1007 2156 Omnia
1030 2112 1268 2172 peripsum
1290 2110 1402 2157 facta

22 2201 43 2225 »
78 2193 201 2238 sunt‚
227 2193 270 2226 et
290 2184 381 2227 sine
410 2183 502 2242 ipso
526 2182 690 2227 factum
713 2193 775 2227 est
798 2183 905 2226 nihil
921 2185 962 2235 ⁵3
993 2204 1009 2223 »
1032 2183 1106 2243 qui
1129 2183 1272 2227 omnia
1295 2199 1402 2227 con-

20 2253 130 2297 tinet
161 2255 402 2314 majcstate,
440 2263 483 2297 et
510 2269 586 2297 nos
623 2254 844 2297 bonitate?
878 2256 973 2298 Non
997 2263 1179 2298 nutante
1199 2253 1397 2309 Christo,

25 2343 46 2366 «
64 2326 161 2369 Non
174 2323 455 2368 inclinabitur
467 2324 511 2367 in
523 2323 731 2368 saeculum
745 2323 902 2368 saeculi.
914 2343 932 2366 n
946 2324 1029 2368 Ubi
1043 2333 1144 2368 sunt
1160 2325 1232 2384 qui
1248 2324 1402 2367 dicunt

21 2395 177 2454 perisse
199 2394 253 2438 do
273 2395 438 2439 mundo
460 2395 712 2451 Ecclesiam,
728 2394 904 2455 quando
919 2411 998 2439 nec
1016 2395 1212 2439 inclinari
1230 2397 1402 2454 potest?

69 2497 79 2513 ¹
99 2493 190 2522 Joan.
216 2502 285 2531 vix,
309 2491 425 2533 37—39.
449 2509 489 2514 -η
510 2499 522 2514 ²
551 2491 628 2524 Psal.
651 2503 712 2532 cm,
735 2491 766 2533 '5
790 2509 830 2513 —
852 2490 967 2523 31bid.
989 2491 1021 2523 5.
1042 2508 1082 2514 -—
1109 2490 1124 2521 4
1151 2503 1161 2523 ι
1187 2493 1258 2523 Cor.
1277 2502 1325 2531 m,
1349 2502 1398 2523 11.

23 2562 65 2568 —
85 2544 100 2569 5
117 2548 208 2578 Joan.
228 2558 252 2585 1,
271 2547 299 2579 3.
