1848 3261
301 259 542 290 ENAnnATio
575 264 588 289 1
621 265 663 289 nv
697 257 899 290 PsALMUM
930 262 1030 299 cm,
1065 259 1203 290 SERMO
1234 265 1265 290 1.
1382 254 1464 291 109

89 347 110 370 »
146 338 276 389 atque
298 330 357 373 ita
378 344 546 389 semper
566 344 667 373 cum
687 327 874 373 Domino
897 328 1095 372 erimus1.
1118 347 1139 369 )›
1166 329 1307 373 Habes
1324 330 1464 374 nubes

85 415 304 444 ascensum
328 399 429 444 coeli
452 419 461 444 :
487 399 709 444 ostendam
725 408 767 442 et
785 398 921 443 nubes
943 414 1165 443 ascensum
1191 399 1290 442 coeli
1307 401 1434 459 hujus
1450 435 1462 455 ,

83 469 129 513 id
151 479 239 526 est,
275 470 521 515 divinarum
551 471 884 530 Scripturarum.
913 469 1029 523 Quid
1057 479 1122 513 est
1144 470 1251 524 hoc,
1283 468 1466 515 fratres?

84 540 257 585 Utinam
278 557 347 585 me
369 542 576 586 Dominus
600 544 713 585 Deus
733 556 854 584 meus
876 541 988 584 inter
1010 539 1104 584 illas
1126 539 1465 600 qualescumque

80 612 220 655 nubes
244 627 472 656 numerare
501 611 728 670 dignetur,
750 610 907 655 viderit
927 626 1060 671 quam
1081 610 1291 656 nebulosa
1322 611 1463 656 nubes

82 681 161 724 sim
184 701 192 726 :
216 697 364 726 omnes
381 691 527 726 tamen
549 681 851 741 praedicatores
879 682 1001 726 verbi
1029 681 1217 726 veritatis
1240 683 1378 725 nubes
1399 698 1466 727 ac-

81 751 224 810 cipite.
253 752 527 812 Quicumque
550 767 652 811 ergo
673 752 833 795 infirmi
854 767 942 796 non
965 761 1147 811 possunt
1169 752 1399 797 ascendere
1420 752 1466 796 in

80 822 164 866 hoc
194 822 383 877 coelum,
422 823 468 866 id
501 832 588 877 est,
624 823 679 866 ad
711 822 981 866 intellectum
1015 824 1354 883 Scripturarum,
1388 838 1466 883 per

80 894 218 938 nubes
241 894 489 939 ascendant.
515 897 645 938 Forte
668 894 785 937 enim
808 903 850 938 et
868 894 1063 939 modofit
1084 895 1221 950 vobis,
1247 895 1280 939 si
1299 894 1465 955 aliquid

79 964 270 1021 agimus,
302 964 334 1007 si
364 963 489 1008 labor
517 964 736 1024 sudorque
764 973 909 1008 noster
935 980 1025 1008 non
1054 973 1118 1008 est
1140 965 1461 1020 infructuosus,

79 1034 307 1078 ascenditis
328 1035 373 1077 in
391 1033 552 1078 coelum
572 1035 889 1093 Scripturarum
907 1035 1153 1079 divinarum
1170 1070 1180 1090 ,
1206 1036 1289 1079 hoc
1311 1045 1397 1090 est,
1419 1036 1464 1079 in

78 1103 348 1149 intellectum
370 1120 517 1149 earum
534 1120 611 1164 per
634 1103 987 1163 praedicationem
1008 1114 1212 1149 nostram.
1235 1108 1374 1159 Quam
1399 1105 1464 1149 al-

14 1203 23 1217 x
77 1184 172 1219 tum
194 1184 285 1218 erat
306 1174 467 1219 coelum
483 1175 528 1217 in
551 1174 722 1219 Psalmo
742 1174 850 1219 isto!
876 1177 1012 1219 Nemo
1040 1176 1154 1219 enim
1181 1186 1370 1220 vestrum
1400 1177 1464 1220 vi-

78 1246 225 1301 debat,
245 1245 352 1306 quid
371 1255 480 1290 esset
490 1246 535 1289 in
553 1246 710 1303 figura:
729 1265 749 1288 «
762 1246 970 1290 Extendit
982 1246 1145 1291 coelum
1158 1248 1268 1292 sicut
1283 1247 1459 1307 pellem,

80 1335 101 1359 »
136 1317 211 1377 qui
227 1317 414 1376 protegit
431 1317 476 1359 in
499 1317 621 1377 aquis
643 1318 862 1376 superiora
886 1319 990 1378 ejus.
1016 1336 1036 1359 »
1057 1321 1149 1363 Hoc
1177 1319 1317 1379 ipsum
1342 1321 1461 1380 quod

78 1386 246 1432 dictum
274 1396 364 1430 est:
393 1387 518 1440 «Qui
539 1388 663 1446 ponit
685 1388 824 1431 nubes
847 1404 1072 1432 ascensum
1098 1391 1188 1449 ejus
1216 1406 1223 1431 :
1251 1406 1348 1435 ecce
1371 1392 1462 1450 jam

76 1457 349 1502 intellectum
381 1467 472 1513 est,
505 1467 720 1517 quantum
748 1459 958 1502 Dominus
986 1459 1186 1515 donavit,
1224 1461 1462 1520 praedican-

77 1529 193 1573 tibus
210 1529 335 1573 nobis
353 1549 363 1587 3
387 1544 476 1572 non
498 1529 613 1572 enim
635 1529 774 1572 nubes
797 1528 852 1572 de
872 1545 950 1574 suo
973 1546 1152 1574 munere
1174 1530 1348 1591 pluunt.
1375 1535 1462 1577 Vos

75 1599 360 1658 intelligendo
389 1599 607 1643 ascendite
624 1633 635 1654 ,
664 1600 710 1642 in
730 1599 955 1644 intellectu
974 1601 1066 1660 ipso
1092 1600 1380 1661 fructificate,
1406 1619 1461 1647 ne

75 1669 164 1714 sitis
186 1669 325 1729 qualis
352 1667 426 1713 illa
456 1669 580 1714 vinea
598 1704 608 1724 ,
640 1668 695 1713 de
724 1685 810 1729 qua
840 1669 999 1715 dicitur
1021 1672 1137 1732 apud
1165 1674 1425 1733 Prophetam
1449 1692 1458 1719 ε

79 1759 100 1782 «
133 1739 353 1784 Mandabo
384 1739 577 1783 nubibus
613 1739 719 1783 meis
749 1756 804 1784 ne
830 1740 985 1800 pluant
1008 1758 1137 1802 super
1170 1759 1260 1789 eam
1277 1748 1309 1786 ’ἦ
1337 1763 1356 1785 n
1382 1748 1462 1788 Ac-

75 1811 308 1856 cusabatur
329 1811 443 1855 enim
465 1810 668 1871 quaedam
697 1811 844 1867 vinea,
870 1812 989 1872 quod
1012 1829 1089 1873 pro
1111 1830 1195 1859 uva
1217 1815 1359 1874 spinas
1382 1815 1461 1859 de-

75 1881 222 1936 derat,
248 1897 338 1926 non
360 1881 608 1925 reddiderat
627 1880 803 1940 dignam
828 1883 1007 1940 gratiam
1033 1884 1150 1928 dulci
1174 1884 1347 1944 pluviae.
1375 1887 1460 1939 Qui

75 1952 191 1995 enim
223 1951 339 1996 bona
375 1951 524 2006 audit,
550 1961 594 1995 et
614 1951 728 1996 mala
751 1962 969 2012 operatur,
1006 1953 1123 1999 dulci
1155 1954 1302 2014 pluvia
1338 1972 1461 2001 com—

74 2022 256 2082 pluitur,
277 2032 321 2067 et
338 2022 481 2082 spinas
504 2031 693 2080 generat.
717 2025 814 2068 Non
832 2033 895 2068 est
913 2033 963 2069 ut
978 2026 1262 2085 suspicemur,
1288 2025 1456 2084 fratres,

75 2092 129 2136 de
146 2093 288 2153 aliqua
310 2102 480 2137 terrena
502 2102 545 2137 et
564 2093 644 2137 ista
665 2093 824 2138 visibili
845 2094 970 2139 vinea
993 2097 1227 2140 Dominum
1245 2097 1456 2143 locutum.

73 2166 271 2223 Namque
285 2163 347 2207 ibi
365 2179 420 2207 ne
443 2164 524 2208 sub
554 2164 817 2208 obscuritate
839 2166 1046 2210 sermonis
1070 2166 1221 2212 lateret
1243 2169 1460 2214 excusatio

74 2233 311 2293 iniquitatis
329 2269 339 2289 ,
365 2234 455 2292 ipse
478 2234 688 2278 Dominus
716 2250 791 2293 per
815 2234 956 2295 ipsum
980 2238 1241 2297 Prophetam
1265 2241 1462 2299 exposuit

75 2302 146 2348 cui
172 2305 309 2348 vineae
330 2303 597 2364 loqueretur,
627 2314 670 2348 et
697 2305 751 2348 de
772 2322 857 2365 qua
879 2309 1002 2351 vinea
1027 2308 1105 2352 ista
1134 2308 1297 2354 diceret
1316 2330 1324 2355 :
1347 2330 1366 2353 (ι
1387 2312 1462 2354 Vi-

79 2392 99 2415 »
134 2389 238 2428 nea,
263 2374 433 2434 inquit,
459 2374 634 2419 Domini
654 2375 856 2431 Sabaoth,
883 2376 1038 2421 domus
1063 2379 1283 2424 Israelest.
1303 2399 1322 2421 n
1346 2381 1462 2434 Quid

75 2453 302 2502 vagantur,
328 2460 353 2487 o
376 2444 536 2504 iniqui,
569 2445 699 2489 corda
729 2456 867 2490 vestra
889 2463 966 2506 per
987 2459 1154 2494 montes
1178 2460 1219 2494 et
1241 2451 1371 2496 colles
1393 2453 1460 2495 vi-

77 2514 300 2557 nitorum?
329 2515 463 2569 Novi,
499 2515 666 2574 inquit,
701 2515 754 2560 de
783 2533 867 2577 qua
897 2519 1019 2563 vinca
1047 2519 1217 2580 loquar,
1254 2523 1354 2566 novi
1384 2523 1461 2567 ubi

128 2606 134 2621 ¹
161 2598 270 2631 Thess.
290 2611 334 2641 lv,
366 2599 417 2641 ιζ),
439 2599 487 2632 16.
506 2617 547 2623 -—
567 2602 664 2632 2isa'1'.
690 2602 766 2643 v76.
