1848 3261
419 220 661 253 ENARRATIO
693 224 740 251 m
770 218 973 252 PsALMUM
1004 221 1072 247 cx.
1368 209 1452 250 313

73 288 226 346 gratias
244 289 345 347 agit.
359 291 463 333 Haec
485 290 695 334 confessio
714 284 948 349 quemdam
966 284 1191 343 significat,
1207 301 1296 331 non
1315 287 1455 332 solum

71 359 127 403 ab
147 359 265 403 omni
287 358 400 403 malo
422 359 677 415 liberatum,
713 358 788 403 sed
809 357 940 401 etiam
975 371 998 399 a
1025 353 1223 412 malignis
1254 359 1455 403 omnibus

71 438 332 488 separatum.
359 433 416 474 Et
444 430 545 475 ideo
572 431 794 475 videamus
817 427 893 471 ubi
915 426 1174 471 confiteatur
1204 427 1389 471 Domino
1410 429 1456 472 in

71 508 164 544 toto
187 499 333 544 corde.
364 519 384 542 «
411 503 463 544 In
497 500 700 555 consilio,
730 498 895 559 inquit,
927 505 1167 551 rectorum,
1204 505 1248 540 et
1275 512 1456 555 congre-

73 587 95 611 »
130 570 331 627 gatione:
360 589 380 612 n
407 571 558 625 credo,
584 572 661 630 qui
684 568 900 613 sedebunt
927 583 1056 626 super
1079 567 1312 611 duodecim
1340 568 1456 612 thro-

70 655 149 684 nos
164 675 174 695 ,
194 640 438 700 judicantes
456 640 687 686 duodecim
709 640 847 684 tribus
871 637 1210 684 Israel¹.Nullus
1232 638 1346 681 enim
1366 640 1457 699 jam

70 710 183 754 inter
208 725 279 753 eos
312 711 508 771 iniquus,
534 711 697 755 nullius
719 710 846 754 Judae
874 709 991 753 furta
1021 708 1283 764 tolerantur,
1310 708 1457 753 nullus

71 780 219 824 Simon
232 783 384 838 Magus
406 781 662 841 baptizatur,
686 781 893 840 Spiritum
907 779 1057 824 volens
1076 795 1233 834 emere,
1259 779 1367 823 dum
1384 795 1459 824 co-

70 850 176 908 gitat
199 850 434 909 vendere²3
456 851 603 896 nullus
622 849 870 895 Alexander
888 850 1063 893 aerarius
1086 848 1223 893 multa
1244 849 1358 894 mala
1389 865 1458 894 os-

67 919 234 964 tendit3
251 956 262 976 ,
287 921 435 965 nullus
467 922 594 966 ovina
617 920 730 980 pelle
753 930 892 965 tectus
915 919 1019 964 falsa
1055 918 1322 964 fraternitate
1352 921 1459 964 sub-

68 992 181 1050 repit
207 1010 216 1036 :
253 992 367 1035 inter
399 992 548 1052 quales
581 1009 700 1037 nunc
723 1007 893 1036 necesse
921 1001 983 1035 est
1005 990 1194 1035 Ecclesia
1221 1000 1363 1049 gemat
1383 1027 1393 1046 ,
1417 1001 1460 1036 et

69 1061 220 1121 quales
244 1070 349 1106 tunc
370 1072 570 1121 oportet,
596 1079 694 1107 cum
727 1078 875 1106 omnes
907 1061 1013 1120 justi
1039 1060 1425 1118 congregabuntur
1444 1097 1455 1117 ,

71 1131 287 1177 excludat.
314 1136 418 1177 Haec
440 1143 558 1187 sunt,
589 1151 607 1173 «
629 1137 788 1189 Magna
810 1146 941 1190 opera
965 1131 1158 1184 Domini,
1184 1132 1392 1191 exquisita
1414 1132 1460 1176 in

72 1221 93 1244 »
130 1218 276 1248 omnes
310 1203 556 1247 voluntates
578 1204 670 1262 ejus
686 1203 701 1227 4
728 1221 737 1246 :
768 1222 785 1243 »
821 1217 898 1260 per
919 1217 1025 1262 quas
1048 1201 1219 1245 nullum
1243 1203 1459 1247 confiten-

70 1282 158 1318 tem
181 1273 350 1317 deserat
371 1273 665 1317 misericordia
686 1308 697 1327 ,
720 1272 884 1316 nullius
907 1273 962 1316 sit
985 1272 1190 1332 iniquitas
1212 1273 1425 1331 impunita
1445 1295 1457 1332 3

70 1344 248 1404 quando
271 1362 287 1384 «
310 1347 341 1387 F
347 1343 521 1401 lagellat
543 1344 672 1387 etiam
695 1358 868 1387 omnem
886 1341 1023 1385 filium
1046 1358 1178 1402 quem
1199 1343 1362 1402 recepit
1376 1345 1406 1387 ⁵.
1438 1364 1456 1384 »

74 1413 158 1471 Sed
180 1415 213 1458 si
227 1416 369 1474 justus
390 1414 461 1458 vix
493 1413 683 1457 salvatur
702 1448 713 1468 ,
750 1422 950 1472 peccator
981 1422 1024 1456 et
1052 1413 1209 1472 impius
1230 1413 1307 1456 ubi
1335 1429 1461 1473 pare-

71 1484 246 1528 buntss?
277 1485 421 1543 Eligat
442 1484 523 1528 sibi
546 1485 678 1528 homo
715 1482 962 1544 quodlibet.
993 1486 1092 1528 Non
1131 1483 1190 1527 sic
1225 1485 1459 1529 constituta

67 1563 170 1599 sunt
192 1570 323 1614 opera
355 1554 553 1609 Domini,
579 1564 630 1598 ut
657 1563 853 1599 creatura
875 1554 921 1596 in
939 1552 1116 1597 arbitrio
1138 1553 1277 1598 libero
1295 1556 1459 1599 consti-

67 1636 187 1681 tuta,
228 1627 430 1670 creatoris
464 1635 637 1686 superet
666 1625 965 1680 voluntatem,
989 1625 1156 1669 etiamsi
1185 1636 1336 1671 contra
1365 1628 1469 1686 ejus·

68 1695 196 1741 saciat
217 1696 505 1741 voluntatem.
530 1700 628 1743 Non
651 1695 747 1741 vult
768 1699 882 1739 Deus
900 1705 950 1740 ut
971 1711 1123 1754 pecces
1143 1731 1154 1750 ,
1180 1712 1281 1739 nam
1305 1698 1458 1756 prohi-

67 1769 142 1812 bet
165 1788 172 1813 :
198 1777 344 1812 tamen
367 1769 399 1812 si
415 1770 673 1828 peccaveris,
695 1783 750 1811 ne
772 1777 897 1827 putes
921 1768 1143 1811 hominem
1169 1766 1316 1812 secisse
1337 1769 1458 1829 quod

66 1839 227 1893 voluit,
249 1848 292 1884 et
313 1845 398 1883 Deo
421 1839 626 1883 accidisse
648 1838 770 1898 quod
799 1837 954 1881 noluit.
993 1838 1112 1882 Sicut
1143 1838 1257 1881 enim
1291 1838 1388 1884 vult
1410 1849 1460 1884 ut

66 1910 199 1954 homo
222 1925 312 1953 non
334 1918 484 1969 peccet
501 1944 511 1963 ,
532 1909 590 1952 ita
609 1908 704 1952 vult
720 1908 917 1968 peccanti
935 1923 1128 1968 parcere,
1147 1917 1196 1952 ut
1217 1919 1459 1955 revertatur

67 1989 110 2025 et
130 1981 273 2037 vivat,
299 1981 359 2024 ita
382 1979 478 2023 vult
498 1988 718 2038 postremo
739 1979 785 2022 in
808 1988 987 2038 peccato
1004 1989 1352 2038 perseverantem
1376 1997 1460 2041 pu-

65 2051 174 2104 nire,
192 2059 242 2093 ut
252 2051 432 2108 justitiae
448 2050 687 2108 potentiam
706 2058 941 2093 contumax
962 2066 1051 2094 non
1073 2051 1315 2095 evadat.1ta
1333 2052 1460 2112 quid-

66 2119 174 2180 quid
201 2120 400 2177 elegeris,
425 2120 726 2179 Omnipotenti
758 2136 848 2164 non
877 2119 1013 2164 deerit
1032 2120 1161 2164 unde
1187 2137 1309 2166 suam
1338 2122 1392 2166 de
1416 2133 1459 2168 te

67 2190 284 2250 compleat
327 2189 614 2235 voluntatem.
656 2210 673 2231 «
706 2194 866 2249 Magna
914 2192 1027 2236 enim
1070 2209 1200 2252 opera
1244 2195 1417 2238 Domini
1444 2230 1455 2251 ,

71 2281 90 2304 »
126 2261 336 2322 exquisita
358 2260 404 2303 in
421 2276 568 2305 omnes
587 2260 833 2306 voluntates
855 2263 963 2321 ejus.
992 2283 1010 2304 »

126 2334 237 2375 ΙΙΙ.«
251 2330 475 2375 Confessio
498 2341 541 2375 et
559 2333 878 2389 magnificentia
900 2349 1007 2392 opus
1031 2335 1186 2393 ejus7.»
1204 2335 1321 2389 Quid
1336 2350 1457 2394 mag-

67 2401 312 2446 nificentius
348 2418 479 2462 quam
504 2403 742 2463 justificare
773 2404 984 2463 impium?
1022 2404 1106 2449 Sed
1139 2422 1247 2466 opus
1277 2407 1456 2452 fortasse

115 2504 126 2520 ¹
152 2497 267 2529 Matth.
295 2509 371 2539 xix,
390 2498 446 2530 28.
475 2516 517 2522 —-
542 2505 554 2521 ²
574 2500 647 2532 Act.
669 2511 745 2541 vni,
774 2501 812 2532 13
836 2505 869 2532 et
890 2503 946 2543 18,
976 2513 1027 2544 19.
1044 2519 1085 2525 —
1106 2500 1119 2525 3
1139 2511 1158 2534 2
1180 2503 1259 2535 Tim.
1279 2514 1324 2544 iv,
1343 2502 1393 2545 14.
1414 2520 1457 2528 --

68 2553 85 2584 4
102 2553 182 2586 Psal.
202 2564 254 2596 cx,
272 2562 305 2588 2.
328 2571 370 2577 —
386 2552 519 2588 ⁵11ebr.
542 2566 588 2598 iv,
605 2556 638 2589 6.
660 2573 701 2579 -
722 2554 738 2580 6
765 2568 778 2590 1
802 2559 954 2600 Petr.1v,
977 2558 1029 2592 18.
1050 2576 1091 2582 --
1111 2566 1125 2593 7
1141 2558 1222 2592 Psal.
1242 2569 1294 2602 cx,
1314 2560 1344 2592 3.
