1848 3261
377 252 461 291 110
816 258 849 287 s.
885 257 1116 288 Aususmm
1149 260 1329 288 EPISCOPI

370 325 623 387 quaerebam
643 340 790 380 uvam,
815 333 859 369 et
878 324 1025 368 inveni
1038 325 1181 385 spinas
1199 343 1208 370 ε
1228 325 1320 369 sine
1339 339 1464 369 causa
1481 324 1602 369 aliud
1625 333 1772 385 atque

371 396 491 441 aliud
521 396 799 456 suspicamini
830 405 873 439 et
903 395 1166 456 opinamini,
1203 394 1400 440 nolentes
1437 395 1679 454 intelligere
1711 404 1762 440 ut

371 467 485 511 bene
507 467 656 526 agatis.
677 469 787 512 Nam
809 475 852 509 et
866 466 950 510 hoc
970 466 1178 525 scriptum
1201 474 1289 509 cst:
1314 483 1334 507 «
1352 464 1502 510 Noluit
1518 465 1762 523 intelligere

376 555 397 579 »
431 546 481 582 ut
498 538 612 581 bene
633 538 821 595 ageret¹.
848 556 865 577 »
895 535 1049 580 Tollite
1072 552 1222 580 omnes
1243 535 1507 595 suspiciones
1528 545 1689 580 vestras
1708 534 1763 580 de

374 606 518 651 medio
545 626 556 652 t
586 627 606 649 «
631 607 768 650 Vinea
800 606 973 650 Domini
1002 607 1215 661 Sabaoth,
1253 606 1408 650 domus
1444 605 1575 650 lsrael
1608 615 1693 664 est,
1721 614 1765 650 et

379 698 398 720 »
432 679 565 723 homo
606 676 742 732 Juda,
780 676 1002 721 novellum
1037 677 1289 721 dilectura-12.
1325 696 1346 718 »
1380 677 1590 721 Dilectum
1605 711 1616 730 ,
1664 691 1765 721 cum

375 749 622 808 plantatum
652 758 717 793 est
745 768 753 793 :
788 748 1067 804 damnatum,
1103 764 1219 809 cumr
1241 748 1384 808 spinas
1411 749 1587 793 creavit.
1623 752 1763 807 Ergo,

376 818 550 876 fratres,
576 819 689 864 forte
710 820 835 865 vinea
862 819 946 864 fuit
968 819 1123 864 domus
1147 819 1303 875 Israel,
1334 830 1379 864 et
1400 836 1476 865 nos
1498 835 1588 864 non
1617 835 1766 864 sumus

377 890 528 936 vinea?
550 892 663 935 Cum
684 890 849 934 timore
874 890 1099 935 audiamus
1125 890 1245 951 quod
1266 890 1428 935 Judaeis
1451 891 1618 935 dictum
1644 889 1767 935 vide-

381 976 491 1005 mus.
523 960 679 1005 Videte
702 961 1073 1020 quemadmodum
1096 961 1328 1020 Apostolus
1349 971 1508 1006 terreat
1539 977 1679 1005 ramos
1698 961 1769 1004 in-

381 1041 515 1076 sertos
545 1031 599 1075 de
633 1031 760 1074 ramis
790 1030 934 1075 fractis
949 1034 982 1085 ³,
1017 1041 1060 1076 et
1088 1032 1133 1075 in
1158 1032 1287 1076 ramis
1320 1031 1464 1076 fractis
1493 1030 1771 1076 commendet

380 1101 620 1146 timendam
635 1102 922 1156 severitatem,
942 1102 987 1145 in
1004 1102 1132 1145 ramis
1147 1102 1316 1146 insertis
1329 1102 1606 1146 commendet
1620 1117 1771 1146 aman-

381 1171 483 1215 dam
517 1171 774 1216 bonitatem.
810 1171 907 1216 Noli
940 1187 1030 1215 esse
1060 1170 1357 1216 infructuosus
1382 1172 1428 1215 in
1464 1172 1685 1227 bonitate,
1716 1187 1771 1216 ne

382 1242 536 1286 sterilis
555 1242 712 1286 sentias
734 1242 1020 1286 severitatem.
1045 1241 1130 1286 Sed
1150 1257 1241 1286 non
1263 1257 1359 1286 sum
1375 1242 1496 1297 vitis,
1520 1241 1624 1285 dicis
1643 1241 1766 1286 mihi.

384 1313 467 1358 Ubi
489 1322 553 1356 est
576 1313 748 1357 Domini
770 1328 854 1356 vox
877 1328 884 1353 :
916 1332 935 1354 «
956 1315 1048 1371 Ego
1062 1328 1159 1356 sum
1181 1313 1301 1368 vitis,
1326 1328 1401 1357 vos
1418 1313 1516 1357 estis
1537 1323 1767 1369 sarmenta,

384 1402 404 1425 »
441 1386 567 1427 Pater
581 1399 703 1428 meus
717 1383 905 1442 agricola
917 1383 932 1407 ⁴
942 1384 958 1424 ’Β
973 1401 991 1423 »
1007 1384 1089 1427 Ubi
1106 1399 1187 1427 vox
1200 1382 1398 1443 Apostoli
1417 1403 1425 1427 :
1445 1383 1581 1436 «Quis
1604 1383 1772 1443 plantat

384 1473 404 1495 »
438 1454 608 1498 vineam
626 1489 637 1509 ,
676 1462 719 1497 et
743 1453 798 1497 de
820 1451 967 1497 fructu
995 1455 1086 1513 ejus
1109 1469 1199 1498 non
1220 1454 1432 1513 percipit5
1460 1473 1478 1494 »
1505 1455 1642 1498 Vinea
1669 1470 1771 1514 ergo

382 1539 452 1580 eS,
478 1540 504 1568 ο
526 1523 718 1568 Ecclesia
735 1559 746 1579 ,
772 1532 815 1567 et
837 1524 970 1567 habes
995 1524 1223 1581 agricolam
1248 1528 1401 1569 Deum.
1427 1528 1564 1570 Nemo
1586 1525 1772 1584 agricola

382 1596 516 1640 homo
542 1595 757 1655 compluit
785 1595 958 1639 vineam
992 1611 1129 1639 suam.
1158 1599 1327 1640 Fratres
1348 1612 1451 1656 ergo
1480 1596 1770 1653 dilectissimi,

384 1667 545 1710 viscera
567 1667 770 1711 Ecclesiae
787 1701 798 1716 ‚
832 1666 1015 1725 pignora
1036 1666 1263 1723 Ecclesiae,
1288 1667 1367 1711 filii
1389 1669 1535 1712 matris
1558 1668 1770 1725 coelestis,

385 1737 554 1792 audite,
581 1752 682 1781 cum
704 1747 874 1796 tempus
897 1745 974 1781 est.
992 1738 1182 1780 Minatus
1201 1746 1264 1780 est
1285 1741 1399 1781 Deus
1421 1738 1485 1781 illi
1504 1739 1640 1783 vineae
1662 1748 1774 1783 atro-

387 1809 551 1853 cissima
573 1807 910 1852 comminatione
928 1825 938 1851 2
967 1826 986 1848 «
1011 1807 1231 1852 Mandabo
1249 1809 1442 1852 nubibus
1460 1810 1590 1864 meis,
1611 1809 1770 1871 inquit,

389 1897 409 1920 »
445 1894 499 1922 ne
522 1878 677 1938 pluant
703 1893 831 1937 super
849 1892 958 1921 eam.
983 1895 1002 1918 n
1029 1880 1085 1921 Et
1107 1876 1271 1922 factum
1288 1888 1376 1923 est:
1401 1889 1616 1924 venerunt
1637 1884 1775 1941 Apos*

386 1949 464 1994 toli
497 1948 551 1993 ad
580 1949 781 2003 Judaeos,
807 1957 1067 2007 respuerunt
1096 1963 1168 1993 eos
1189 1968 1200 2005 3
1223 1958 1266 1992 et
1287 1948 1490 1994 dixerunt
1513 1950 1596 1995 illis
1623 1967 1632 1992 t
1658 1970 1678 1993 «
1703 1952 1774 1996 Ad

389 2039 409 2061 n
444 2035 519 2063 vos
541 2019 658 2063 missi
680 2034 864 2072 eramus,
889 2019 964 2062 sed
983 2019 1085 2079 quia
1102 2017 1315 2078 repulistis
1337 2020 1520 2064 verbum
1544 2022 1638 2077 Dei,
1662 2023 1774 2067 imus

390 2110 411 2132 »
448 2090 503 2134 ad
525 2091 684 2134 Gentes
698 2091 730 2132 0.
759 2109 779 2130 n
815 2088 981 2133 Videtis
1002 2088 1224 2148 quomodo
1240 2089 1285 2133 in
1303 2089 1457 2134 eodem
1481 2091 1645 2151 Spiritu
1666 2093 1771 2149 Dei,

389 2160 465 2206 illo
482 2161 665 2223 jubente
687 2161 942 2204 intrinsecus
976 2161 1053 2220 qui
1074 2160 1245 2204 habitat
1264 2161 1311 2204 in
1330 2161 1542 2206 ,cordibus
1570 2179 1770 2220 suorum,

389 2234 645 2276 mandatum
667 2231 721 2275 sit
737 2230 930 2274 nubibus
956 2231 1030 2275 Dei
1054 2246 1109 2274 ne
1130 2231 1431 2290 compluerent
1450 2233 1621 2277 vineam
1637 2269 1648 2289 ,
1675 2250 1775 2294 quae

390 2319 492 2348 cum
515 2311 814 2362 expectaretur
831 2310 880 2345 ut
902 2299 1063 2345 faceret
1084 2316 1213 2344 uvam
1231 2336 1241 2356 ,
1262 2300 1365 2345 fecit
1392 2303 1534 2361 spinas
1544 2305 1575 2348 ⁷.
1600 2304 1706 2349 Ideo
1732 2313 1775 2348 et

389 2374 527 2418 nubes
545 2372 647 2417 fecit
667 2387 891 2416 ascensum
909 2373 1016 2432 ejus,
1038 2380 1081 2416 et
1097 2371 1256 2416 coelum
1279 2372 1463 2417 tetendit
1475 2374 1585 2419 sicut
1597 2374 1771 2435 pellem.

392 2447 490 2491 Non
513 2453 576 2488 est
592 2442 711 2503 quod
728 2442 967 2503 queramini
988 2462 997 2486 :
1019 2443 1249 2486 auctoritas
1264 2443 1581 2502 Scripturarum
1600 2455 1774 2490 extenta

442 2547 450 2563 ¹
479 2540 558 2572 Psal.
579 2550 674 2577 xxxv,
693 2538 725 2580 4.
748 2555 788 2560 -
807 2544 821 2560 2
839 2539 910 2569 Isai'.
927 2549 960 2578 v,
984 2549 996 2569 1
1020 2541 1054 2569 et
1072 2549 1101 2579 7.
1124 2553 1164 2559 —
1181 2536 1294 2569 3R01n.
1315 2549 1357 2578 xi,
1374 2548 1486 2571 20-22.
1510 2557 1549 2562 —
1569 2538 1583 2570 4
1603 2542 1694 2573 Joanv.
1719 2552 1771 2582 xv,

399 2607 412 2629 1
434 2602 466 2629 et
484 2596 514 2628 5.
538 2612 578 2618 —
598 2593 612 2617 5
633 2607 646 2627 1
666 2597 738 2628 Gor.
760 2605 803 2636 ix,
822 2603 854 2636 7.
871 2610 911 2616 —
929 2593 944 2617 6
964 2593 1195 2635 Act.x1n,46.
1216 2611 1257 2616 -
1276 2593 1478 2635 7lsa1.v,4.
