1848 3261
305 198 548 231 nmmum
579 203 626 231 IN
657 199 860 231 PsALMUM
891 202 1053 241 cxviii,
1086 201 1224 233 SERMO
1257 206 1318 233 xl.
1409 193 1495 235 429

113 267 337 327 praeceptis
355 276 446 312 tota
468 271 555 311 Lex
571 267 732 328 pendet
746 275 789 311 et
802 268 1030 326 Prophetae
1043 270 1071 310 ¹.
1090 271 1183 314 Hoc
1202 269 1376 315 videtur
1394 285 1498 330 pro·-

112 338 276 381 misisse
293 371 304 391 ,
341 352 440 383 cum
463 337 572 382 dixit
596 356 604 382 :
635 356 655 380 «
680 340 737 382 Et
765 336 1006 381 custodiam
1034 335 1153 381 illam
1175 339 1221 383 in
1242 348 1338 384 toto
1369 340 1500 384 corde

115 425 136 449 )›
173 422 287 451 meo.
311 424 332 447 »

169 479 222 520 V.
260 477 346 521 Sed
357 477 461 537 quia
483 486 526 522 et
542 478 626 522 hoc
643 477 787 521 minus
797 475 913 521 valet
929 475 1094 520 viribus
1110 476 1311 536 propriis,
1328 478 1405 521 nisi
1432 479 1503 522 ad-

103 547 310 606 juvemur
331 547 385 591 ab
408 546 482 592 illo
504 547 581 606 qui
593 547 722 606 jubet
741 581 752 602 ,
777 555 828 590 ut
849 544 981 590 faciat
1002 546 1121 606 quod
1137 547 1287 606 jubet,
1318 547 1504 591 «Deduc

111 634 133 658 »
168 632 254 671 me,
286 617 451 678 inquit,
468 617 514 660 in
532 617 682 661 semita
698 616 1006 660 mandatorum
1024 626 1201 661 tuorum
1215 652 1225 671 ‚
1249 617 1352 677 quia
1368 617 1505 676 ipsam

111 704 132 728 »
167 686 287 731 volui
301 689 333 730 ².
362 705 382 728 »
411 690 566 731 Parum
593 696 656 730 est
676 686 783 730 mihi
805 686 1005 730 voluntas
1025 702 1138 735 mea„
1155 687 1237 730 nisi
1259 688 1303 731 in
1320 702 1372 731 eo
1384 687 1506 747 quod

107 756 244 811 volui,
275 772 345 800 me
369 757 457 816 ipse
477 756 688 802 deducas.
713 759 770 800 Et
792 765 908 800 certe
929 757 1021 816 ipsa
1039 767 1101 801 est
1118 758 1269 801 semita
1285 792 1295 812 ‚
1322 758 1405 802 hoc
1422 767 1501 813 est,

106 827 175 872 via
188 825 493 870 mandatorum
518 827 612 881 Dei,
636 841 768 887 quam
791 841 851 881 se,
872 825 1054 872 dilatato
1076 828 1130 871 ab
1156 827 1232 872 illo
1254 827 1385 872 corde
1407 843 1501 883 suo,

107 898 346 942 cucurrisse
355 899 444 958 jam
464 897 646 941 dixerat.
659 900 799 950 Quam
818 907 1046 957 propterea
1070 898 1200 942 etiam
1218 900 1414 943 semitam
1430 915 1505 944 vo-

105 979 197 1024 cat,
228 969 329 1029 quia
356 978 536 1026 angusta
563 978 627 1013 est
646 970 715 1013 via
750 985 849 1029 quae
879 968 1000 1013 ducit
1023 969 1077 1014 ad
1103 971 1235 1014 vitam
1256 972 1298 1029 33
1338 980 1380 1015 et
1402 986 1504 1015 cum

106 1040 160 1084 sit
177 1048 381 1096 angusta,
404 1040 485 1082 nisi
507 1039 687 1084 dilatato
710 1039 841 1084 corde
860 1055 948 1083 non
971 1040 1174 1084 curritur,

165 1112 243 1153 VI.
282 1109 362 1154 Sed
388 1109 595 1169 quoniam
618 1110 762 1153 adhuc
786 1110 972 1168 proficit,
991 1108 1134 1153 adhuc
1158 1110 1320 1167 cui'sit3
1346 1119 1389 1154 et
1404 1109 1505 1155 ideo

104 1180 302 1237 divinum
325 1181 531 1224 auxilium
552 1196 640 1240 quo
660 1180 905 1224 deducatur
919 1179 1124 1239 inquirit,
1150 1180 1249 1240 quia
1265 1197 1408 1240 neque
1422 1197 1504 1225 vo-

105 1251 252 1306 lentis,
273 1266 415 1310 neque
437 1250 650 1294 currentis
666 1284 676 1304 ‚
708 1249 784 1293 sed
803 1250 1042 1293 miserentis
1063 1259 1124 1293 est
1147 1251 1223 1294 Dei
1242 1252 1258 1275 4
1281 1269 1290 1295 :
1311 1251 1504 1312 denique

105 1321 207 1381 quia
231 1330 274 1364 et
295 1321 435 1379 ipsum
457 1319 567 1364 vello
585 1323 700 1363 Deus
719 1329 924 1380 operatur
946 1320 992 1362 in
1014 1320 1141 1363 nobis
1161 1322 1174 1346 ⁵
1194 1356 1204 1375 ‚
1232 1332 1503 1381 praeparatur

104 1391 219 1435 enim
240 1390 441 1434 voluntas
463 1406 486 1434 a
509 1390 725 1447 Domi1103
752 1387 947 1449 Sequitur
965 1399 1010 1434 et
1031 1391 1163 1435 dicit:
1194 1410 1213 1432 «
1237 1393 1402 1436 Inclina
1428 1409 1503 1437 cor

106 1481 126 1504 »
162 1478 307 1506 meum
324 1462 370 1505 in
390 1461 632 1505 testimonia
651 1471 742 1514 tua,
763 1470 800 1504 ei
823 1476 911 1504 non
929 1461 973 1504 in
990 1462 1211 1505 avaritiam
1225 1464 1285 1506 ὓ.»
1312 1462 1426 1515 Quid
1438 1476 1502 1508 est

103 1532 359 1576 inclinatum
371 1547 446 1576 cor
459 1531 510 1575 ad
527 1530 691 1590 aliquid
705 1531 964 1585 balnei-omisi
985 1532 1064 1575 hoc
1077 1530 1425 1576 velle‘cEtvoluit
1439 1550 1503 1577 cr-

104 1623 174 1667 go,
191 1616 235 1650 et
251 1616 345 1650 orat
361 1617 410 1650 ut
427 1605 525 1650 veli!
538 1604 633 1649 Nol
642 1605 717 1659 uit,
730 1619 828 1648 cum
849 1603 951 1647 dicii
976 1623 983 1630 ·
1001 1622 1019 1644 ο.
1034 1605 1183 1649 Deduc
1197 1621 1265 1649 me
1287 1606 1332 1649 in
1349 1607 1502 1652 semita

105 1696 125 1718 »
161 1676 467 1721 mandatorum
485 1685 664 1719 tuorum
685 1710 696 1729 ,
724 1674 827 1734 quia
849 1673 985 1732 ipsam
1009 1675 1128 1718 voiui
1154 1694 1161 1718 :
1192 1693 1212 1716 »
1239 1685 1333 1719 orat
1353 1686 1499 1721 autem

104 1757 152 1793 ut
174 1747 300 1801 velit,
326 1762 424 1792 cum
446 1747 572 1791 dicit:
599 1766 618 1788 α
639 1744 806 1790 Inciina
821 1760 894 1789 cor
908 1759 1052 1787 meum
1072 1745 1117 1788 in
1135 1746 1381 1791 testimonia
1403 1757 1494 1804 tua,

104 1837 124 1861 »
151 1828 194 1863 et
215 1834 302 1863 non
318 1819 362 1861 in
381 1817 648 1863 avaritiam.»
675 1819 768 1859 Hoc
790 1815 938 1873 itaque
961 1823 1070 1869 orat,
1088 1824 1139 1859 ut
1158 1816 1202 1859 in
1225 1816 1316 1875 ipsa
1335 1817 1498 1862 volun-

104 1899 189 1933 tate
206 1890 417 1948 proficiat.
446 1892 550 1941 Quae
572 1895 673 1931 sunt
696 1895 841 1929 autem
863 1885 940 1928 Dei
961 1886 1313 1941 testinionia‚nisi
1335 1890 1499 1948 quibus

100 1959 183 2002 sibi
204 1960 294 2017 ipse
332 1958 591 2002 attestatur?
626 1954 898 1999 Testimoniis
925 1954 1041 1998 euim
1064 1955 1230 2016 aliquid
1253 1958 1495 2020 probatur3

100 2046 149 2074 ac
171 2045 247 2089 per
275 2030 358 2073 hoc
385 2027 713 2088 justificationes
737 2029 813 2070 De1
836 2035 879 2070 et
906 2025 1108 2071 mandata
1145 2028 1217 2071 Dei
1242 2031 1498 2077 testimoniis

99 2100 178 2144 Dei
200 2099 469 2158 probantum
500 2106 543 2141 et
563 2096 778 2156 quidquid
801 2096 926 2140 nobis
949 2096 1208 2155 persuadere
1229 2099 1325 2143 vult
1350 2104 1462 2147 Deus
1480 2138 1493 2158 ‚

100 2172 185 2216 suis
209 2169 459 2215 testimoniis
480 2167 712 2228 persuadet
737 2187 746 2211 2
770 2167 815 2210 in
838 2185 937 2228 quae
958 2169 1037 2213 iste
1059 2170 1168 2228 petit
1202 2171 1398 2217 inclinari
1419 2191 1495 2220 cor

99 2258 254 2297 suum,
285 2251 330 2285 et
350 2257 438 2286 non
460 2241 507 2284 in
528 2240 763 2284 avaritiam.
799 2240 1069 2284 Testimoniis
1098 2243 1261 2302 quippe
1289 2245 1374 2288 suis
1405 2248 1495 2305 agit

100 2313 329 2357 nobiscum
353 2315 465 2364 Deus
482 2346 492 2366 ,
532 2320 582 2354 ut
603 2325 703 2354 eum
727 2310 856 2368 gratis
889 2310 1082 2355 colamus
1108 2333 1119 2369 3
1154 2314 1275 2373 quod
1310 2315 1493 2374 impedit

100 2384 277 2429 avaritia
295 2382 418 2427 radix
438 2383 635 2427 omnium
656 2380 886 2425 malorum.
910 2382 1001 2426 Tali
1016 2383 1151 2428 verbo
1171 2400 1312 2443 graeco
1335 2387 1405 2432 hic
1420 2404 1493 2448 ap·

148 2486 156 2502 ¹
176 2479 289 2511 Matth.
311 2476 469 2522 37-4ο.--
491 2485 504 2500 ²
523 2477 602 2510 Psal.
623 2487 733 2518 cxvnr,
753 2476 854 2509 35.—
870 2475 1003 2511 3Matth.
1024 2489 1081 2519 vu,
1100 2477 1198 2522 14-—
1218 2479 1233 2510 4
1259 2483 1351 2516 Rom,
1373 2494 1418 2524 ις,
1435 2486 1485 2519 16,

101 2533 169 2557 -5
185 2534 298 2577 Philip.
319 2545 356 2573 u,
379 2535 430 2567 13.
455 2550 496 2557 -
511 2531 525 2556 ⁶
545 2532 626 2566 Psal.
647 2543 760 2573 cxvm,
779 2531 832 2566 36.
