1848 3261
333 169 420 208 312
767 177 801 208 s.
837 176 1067 209 Avensa-1111
1099 181 1281 208 EPISCOPI

332 245 418 289 hoc
438 253 517 298 est,
538 252 697 288 sanctae
718 244 923 290 Ecclesiae
938 281 948 301 ,
965 246 1131 290 cunctis
1151 246 1252 290 vitae
1273 246 1404 307 hujus
1425 245 1627 289 aerumnis
1648 254 1715 290 at·-

333 330 420 376 que
442 314 664 360 doloribus
686 317 866 361 exclusis
884 353 894 373 ,
915 328 1126 378 perpetua
1147 318 1352 362 beatitate
1370 316 1586 362 succedet.
1613 320 1717 362 Haec

335 395 482 431 autem
498 386 586 431 vita
609 387 663 431 de
679 387 804 431 nobis
826 389 956 446 exigit
973 389 1302 443 continentiam,
1317 398 1368 434 ut
1387 391 1516 434 etiam
1536 404 1638 434 cum
1657 388 1719 432 la-

333 456 440 501 bore
463 466 593 516 atque
614 456 849 501 luctamine
871 458 1195 516 ingemiscentes
1218 460 1402 518 gravati,
1426 469 1469 504 et
1488 460 1719 504 habitacu-

334 526 483 572 culum
508 536 704 571 nostrum
733 528 854 586 quod
875 527 929 571 de
951 528 1065 574 coelo
1090 538 1153 573 est
1170 529 1421 589 superindui
1439 530 1660 590 cupientes
1675 532 1688 555 1
1706 564 1717 585 ,

334 615 358 642 a
381 598 657 642 saecularihus
681 597 1040 644 delectationibus
1058 610 1369 660 temperemus:
1395 610 1437 645 et
1458 601 1723 660 significatur

333 668 679 729 quadragenario
704 684 886 714 numero
905 705 916 725 ,
957 687 1045 731 quo
1075 681 1119 715 et
1147 675 1318 730 Moyses
1345 681 1388 716 et
1419 671 1533 716 Elias
1555 681 1598 715 et
1633 671 1724 731 ipse

334 739 545 783 Dominus
561 741 853 800 jejunarunt.².
884 742 1140 801 Praecipitur
1162 743 1279 786 enim
1302 743 1427 787 nobis
1449 751 1492 787 et
1513 758 1563 786 ex
1580 746 1695 801 Lege
1710 777 1722 798 ,

334 819 379 854 et
401 826 451 853 ex
473 811 716 870 Prophetis,
732 821 775 856 et
795 827 846 855 ex
863 812 954 871 ipso
976 812 1215 871 Evangelio
1229 848 1239 868 ,
1260 812 1406 873 (quod
1428 813 1726 857 testimonium

335 881 470 925 habet
502 896 525 925 a
556 884 670 940 Lege
704 891 747 925 et
776 883 1002 942 Prophetis
1022 918 1033 938 ,
1065 882 1184 927 unde
1211 883 1340 927 etiam
1370 884 1414 927 in
1446 892 1594 928 monte
1615 884 1728 926 inter

337 959 570 1012 utramque
590 968 818 1011 personam
835 953 1004 997 medius
1026 952 1220 997 Salvator
1242 952 1405 996 effulsit
1417 954 1431 979 3
1448 987 1459 1006 ,
1475 956 1491 1010 )
1506 961 1557 996 ut
1570 953 1625 996 ab
1640 967 1730 997 om-

338 1021 469 1065 nibus
491 1022 646 1065 mundi
669 1021 908 1078 illecebris,
939 1023 1099 1083 quibus
1132 1023 1289 1083 captivi
1320 1022 1517 1067 homines
1554 1022 1731 1067 oblivis-

339 1101 503 1137 cuntur
525 1095 666 1136 Deum
681 1127 692 1147 ,
716 1092 966 1136 aviditatem
990 1103 1183 1136 nostram
1204 1103 1414 1152 tanquam
1427 1094 1596 1153 jejunio
1618 1103 1731 1137 tem-

323 1164 549 1226 ⁴,perantiae
564 1199 579 1220 ,
599 1163 865 1207 refrenemus
885 1183 892 1208 :
914 1163 1110 1223 quandiu
1133 1162 1342 1222 perfectio
1363 1164 1567 1223 Decalogi
1590 1166 1728 1223 Legis,

340 1242 552 1293 tanquam
575 1233 827 1299 psalterium
851 1232 1003 1278 decem
1025 1233 1303 1290 chordarum,
1324 1251 1401 1294 per
1418 1244 1608 1295 quatuor
1625 1237 1736 1295 ejus-

342 1303 444 1348 dem
467 1303 623 1348 mundi
645 1313 787 1363 partes
802 1339 813 1357 ,
838 1304 883 1347 id
906 1313 995 1359 est,
1015 1313 1108 1348 toto
1134 1305 1239 1348 orbe
1260 1304 1523 1364 praedicatur
1543 1340 1555 1360 ,
1582 1314 1633 1348 ut
1654 1304 1735 1348 de-

343 1390 440 1420 cem
475 1384 628 1435 quater
665 1375 796 1419 ducta
830 1374 1224 1434 quadragenarium
1271 1391 1505 1420 numerum
1546 1376 1732 1435 signent.

344 1445 728 1506 Quinquagenario
741 1461 844 1490 vero
860 1461 1043 1489 numero
1056 1454 1155 1505 post
1169 1446 1527 1490 resurrectionem
1543 1447 1733 1501 Domini,

346 1532 434 1577 quo
464 1526 687 1561 cantamus
716 1515 929 1571 Alleluia,
961 1531 1050 1560 non
1083 1515 1307 1576 cujusdam
1331 1519 1538 1576 temporis
1574 1516 1672 1560 finis
1695 1525 1739 1560 et

346 1587 551 1631 transitus
565 1623 575 1642 ,
602 1586 677 1630 sed
694 1587 819 1630 beata
842 1585 915 1629 illa
937 1586 1204 1644 significatur
1221 1587 1437 1631 aeternitas
1456 1606 1464 1632 :
1481 1587 1583 1647 quia
1601 1585 1738 1631 dena-

346 1659 435 1702 rius
453 1657 625 1702 additus
644 1657 1013 1718 quadragenario,
1028 1657 1329 1701 laborantibus
1350 1658 1394 1701 in
1416 1658 1497 1701 hac
1518 1657 1604 1701 vita
1627 1657 1739 1701 fide-

346 1730 462 1775 libus
483 1745 645 1774 merces
667 1729 739 1773 illa
757 1728 1031 1788 persolvitur,
1053 1745 1185 1789 quam
1202 1738 1244 1773 et
1260 1729 1408 1789 primis
1432 1739 1473 1773 et
1498 1729 1738 1773 novissimis

347 1799 655 1861 paterfamilias
677 1800 935 1859 praeparavit
956 1799 1185 1859 aequalem.
1212 1800 1452 1843 Audiamus
1474 1800 1620 1859 itaque
1642 1798 1738 1858 ple-

347 1887 455 1915 num
474 1870 621 1914 divina
641 1870 771 1914 laude
790 1879 941 1929 pectus
964 1868 1116 1928 populi
1134 1869 1226 1913 Dei.
1239 1872 1352 1914 Ecce
1370 1878 1572 1929 personat
1592 1870 1637 1913 in
1656 1870 1739 1913 hoc

347 1941 519 1988 Psalmo
532 1941 766 2001 quemdam
782 1940 1050 1985 exultantem
1064 1940 1178 1985 felici
1195 1940 1478 1995 exultatione,
1488 1941 1741 2000 praefigurat

349 2023 392 2058 et
414 2013 721 2057 scaturientem
739 2011 869 2055 corde
892 2012 937 2054 in
956 2026 1101 2055 amore
1119 2011 1197 2054 Dei
1219 2010 1450 2070 populum,
1466 2010 1630 2055 scilicet
1652 2025 1742 2054 cor-

347 2100 429 2145 pus
451 2083 633 2138 Christi,
660 2083 715 2126 ab
740 2082 859 2126 omni
881 2081 996 2126 malo
1020 2081 1268 2126 liberatum.

413 2157 472 2199 II.
509 2174 529 2197 «
564 2154 786 2199 Confiteor
822 2152 899 2196 tibi
918 2187 929 2207 ,
968 2152 1132 2211 inquit,
1166 2151 1372 2205 Domine,
1412 2150 1458 2195 in
1490 2159 1582 2196 toto
1611 2151 1741 2196 corde

349 2245 370 2269 »
407 2226 550 2269 meo4.
577 2242 597 2265 »
626 2226 720 2270 Non
745 2238 913 2282 semper
934 2221 1147 2266 confessio
1169 2230 1447 2280 peccatorum
1471 2230 1534 2265 est
1552 2256 1563 2276 ,
1602 2221 1678 2265 sed
1699 2230 1743 2265 et

343 2297 437 2341 laus
474 2296 552 2340 Dei
584 2294 817 2339 devotione
849 2291 1128 2337 confessionis
1157 2293 1437 2351 expromitur.
1481 2291 1561 2335 Illa
1589 2291 1736 2349 luget,

342 2369 438 2412 haec
457 2368 615 2427 gaudet
633 2385 642 2411 ι
660 2365 734 2410 illa
758 2364 927 2409 medico
948 2363 1108 2408 vulnus
1133 2362 1336 2418 ostendit,
1362 2364 1457 2407 haec
1480 2360 1535 2406 de
1558 2362 1740 2406 sanitate

396 2471 405 2486 ¹
429 2473 448 2496 2
472 2468 545 2497 Cor.
565 2475 597 2505 v,
621 2473 653 2496 2.
673 2480 713 2486 —-
736 2469 748 2485 ²
767 2462 867 2494 Exod.
887 2472 995 2502 xxxiv,
1015 2464 1078 2502 283
1106 2460 1124 2493 3
1144 2463 1220 2503 Reg.
1241 2446 1307 2502 iix,
1329 2460 1372 2501 ὃς
1395 2464 1429 2493 et
1445 2459 1558 2495 Matth.
1579 2471 1625 2501 xv,
1647 2467 1679 2492 2.
1696 2474 1738 2482 --·

351 2518 364 2543 3
383 2519 494 2552 Matth.
515 2531 596 2561 xvn,
617 2520 647 2553 3.
665 2536 704 2542 —-
721 2517 737 2549 4
752 2517 834 2550 psal.
861 2527 913 2558 cx,
934 2528 960 2548 1.
