1848 3261
376 234 461 274 232
552 218 561 224 ⁶
807 242 844 274 s.
878 240 1110 274 mausum
1139 243 1324 274 Eprseon

374 310 586 366 Christus,
606 310 683 371 qui
703 309 813 355 duos
833 310 1032 355 condidit
1047 310 1092 354 in
1115 324 1176 365 se,
1198 310 1247 354 in
1268 326 1408 356 unum
1425 326 1592 358 novum
1612 312 1757 357 homi-

374 398 493 439 nem,
513 381 673 427 faciens
695 398 863 442 pacem,
887 397 1020 442 quam
1034 381 1123 426 dies
1140 397 1193 426 ex
1215 381 1285 427 die
1299 383 1476 428 veniens
1494 383 1760 443 evangeliza-

373 455 435 500 vit
451 455 508 499 eis
521 455 730 514 quierant
747 469 898 514 prope,
920 463 963 497 et
988 454 1047 498 eis
1064 454 1140 514 qui
1154 463 1278 498 erant
1292 454 1438 514 longe,
1459 454 1620 500 faciens
1638 465 1759 500 utra-

371 543 458 588 que
489 529 681 584 unum13
717 535 760 570 et
790 525 1010 569 adducens
1040 525 1142 570 alias
1164 541 1285 581 oves,
1322 542 1422 586 quae
1450 543 1541 571 non
1568 536 1671 571 sunt
1704 526 1759 571 de

372 599 457 644 hoc
483 598 610 653 ovili,
634 607 685 642 ut
716 597 769 641 sit
798 612 912 640 unus
942 613 1043 655 grex
1065 606 1108 641 et
1128 613 1241 641 unus
1261 607 1408 657 pastor
1420 602 1453 642 ².
1486 601 1544 642 Et
1564 599 1623 643 ita
1644 602 1759 644 Deus

376 688 398 713 «
431 669 561 714 Dedit
594 669 640 712 in
671 666 982 711 misericordias
1010 685 1030 709 >›
1063 667 1391 727 praedestinatos
1428 685 1527 713 suos
1556 688 1566 714 ς
1607 689 1624 710 «
1652 670 1761 723 Quia

373 757 394 782 »
430 755 520 784 non
539 737 723 783 volentis
745 754 887 798 neque
916 738 1145 792 currentis,
1171 739 1246 782 sed
1270 739 1510 783 miserentis
1534 748 1598 783 est
1618 740 1724 784 Dei3
1747 759 1757 785 :

375 828 397 852 »
432 812 477 854 in
507 818 743 869 conspectu
770 810 965 854 omnium
989 809 1062 869 qui
1089 819 1294 869 ceperant
1317 825 1402 854 eos.
1434 830 1451 852 »
1476 811 1532 855 Hi
1555 826 1658 869 ergo
1684 810 1762 854 ini-

371 882 490 936 mici,
516 880 716 925 diabolus
739 890 781 925 et
807 881 947 938 angeli
969 881 1059 941 ejus
1089 881 1412 940 captivaverant
1433 881 1762 941 praedestinatos

371 953 419 996 in
441 952 518 997 Dei
549 967 732 1010 regnum
759 960 802 995 et
831 951 1011 1010 gloriam
1038 967 1091 995 :a
1114 951 1406 1011 Redemptore
1434 962 1580 996 autem
1612 961 1762 997 nostro

371 1022 486 1067 foras
510 1022 624 1066 missi
647 1021 723 1082 qui
746 1021 961 1066 dominari
983 1021 1234 1065 infidelibus
1264 1021 1461 1066 solebant
1483 1023 1757 1079 intrinsecus,

372 1093 522 1139 fideles
539 1102 794 1154 oppugnant
809 1093 1086 1137 extrinsecus.
1107 1092 1190 1138 Sed
1200 1094 1474 1153 oppugnant,
1493 1111 1581 1138 non
1591 1110 1759 1154 expug-

371 1176 480 1211 nant
513 1182 584 1210 eos
617 1165 693 1225 qui
726 1165 1064 1224 apprehendunt
1094 1174 1260 1208 turrem
1304 1164 1570 1210 fortitudinis
1595 1182 1618 1210 a
1650 1166 1761 1211 facie

371 1236 581 1280 inimici4.
618 1238 675 1279 Ut
711 1245 857 1278 autem
891 1244 1172 1294 oppugnent,
1205 1235 1400 1280 sentiunt
1430 1236 1476 1279 in
1508 1237 1635 1281 nobis
1670 1252 1760 1281 esse

372 1305 636 1350 infirmitatis
649 1304 867 1364 reliquias,
889 1314 1068 1364 propter
1088 1320 1194 1365 quas
1212 1304 1396 1349 dicimus
1419 1325 1459 1350 z«
1483 1307 1662 1350 Dimitte
1684 1323 1761 1351 no-

377 1397 395 1419 »
431 1377 496 1421 bis
515 1376 661 1420 debita
679 1384 824 1419 nostra
846 1393 884 1419 ι»
902 1384 1080 1434 propter
1102 1390 1208 1435 quas
1235 1374 1415 1420 dicimus
1434 1395 1443 1420 ε
1474 1395 1490 1416 «
1517 1379 1581 1421 Ne
1601 1393 1678 1421 nos
1699 1378 1762 1421 in-

373 1467 395 1491 »
431 1447 604 1493 ferasin
626 1447 928 1502 tentationem,
954 1445 1030 1490 sed
1059 1445 1196 1490 libera
1213 1462 1290 1490 nos
1313 1463 1336 1491 a
1357 1446 1472 1491 malo
1487 1450 1518 1491 ⁵.
1547 1466 1567 1489 »
1594 1449 1670 1492 His
1688 1449 1764 1493 ita-

372 1536 459 1581 que
479 1519 664 1564 inimicis
695 1518 840 1578 ejectis
856 1553 866 1572 ,
895 1517 1076 1577 perfecit
1111 1519 1321 1562 Dominus
1341 1519 1538 1564 Christus
1561 1521 1763 1565 sanitates

373 1591 420 1635 in
441 1604 638 1649 corpore,
659 1589 730 1633 cui
752 1597 884 1647 caput
901 1597 964 1631 cst
984 1588 1074 1647 ipse
1095 1588 1290 1633 Salvator
1311 1589 1544 1648 corporis⁶‚
1573 1598 1623 1633 ut
1645 1591 1689 1634 in
1711 1606 1763 1635 eo

373 1662 466 1722 ipso
501 1674 680 1720 corpore
715 1674 793 1702 suo
835 1658 961 1702 tertia
991 1668 1334 1704 consummetur.
1379 1660 1447 1704 Sic
1483 1660 1596 1704 enim
1617 1659 1761 1706 dixit:

378 1752 400 1776 «
432 1734 546 1776 Ecce
579 1730 704 1791 ejicio
738 1728 970 1783 daemonia,
1013 1738 1056 1773 et
1090 1729 1291 1773 sanitates
1328 1730 1506 1788 perficio
1550 1730 1680 1774 hodie
1722 1739 1766 1775 et

378 1822 400 1846 >›
435 1818 543 1857 cras,
569 1811 612 1845 et
629 1800 752 1845 tertia
766 1802 1114 1854 consummor⁷,»
1139 1799 1185 1843 id
1199 1810 1277 1855 est,
1294 1800 1510 1860 perficior,
1532 1816 1766 1845 occurren-

377 1874 495 1919 tibus
518 1872 721 1917 omnibus
747 1871 874 1915 nobis
897 1871 942 1914 in
985 1871 1127 1914 virum
1152 1869 1419 1930 perfectum,
1443 1871 1488 1915 in
1517 1887 1765 1917 mensuram

378 1945 516 1990 aetatis
539 1941 826 2003 plenitudinis
848 1942 1055 1987 Christis.
1756 1938 1761 1944 ’

435 2017 665 2060 XXXVII.
709 2016 863 2074 Itaque
897 2013 1040 2072 ejectis
1075 2012 1319 2067 daemoniis,
1356 2028 1379 2056 a
1416 2013 1574 2072 quibus
1606 2013 1766 2073 captivi

377 2085 829 2144 tenebamur,perficit
841 2084 1059 2128 sanitates.
1076 2083 1181 2128 Ideo
1202 2084 1327 2127 ethic
1342 2098 1443 2127 cum
1462 2083 1634 2128 dixisset
1656 2103 1696 2129 :«
1710 2087 1767 2129 Et
1825 2124 1829 2128 .

380 2177 402 2201 »
436 2156 559 2201 dedit
580 2171 652 2200 eos
675 2155 720 2198 in
751 2154 1084 2209 misericordias,
1121 2155 1167 2198 in
1193 2163 1430 2213 conspectu
1457 2154 1654 2198 omnium
1691 2155 1766 2215 qui

383 2248 404 2272 »
439 2235 643 2288 ceperant
655 2242 725 2270 eos
747 2243 789 2270 ι»
807 2235 1014 2285 tanquam
1027 2225 1168 2285 ejectis
1187 2224 1409 2268 daemoniis
1426 2225 1502 2284 qui
1524 2234 1728 2284 ceperant
1751 2261 1762 2280 ‚

380 2301 432 2344 fit
453 2298 588 2343 oratio
615 2306 666 2340 ut
691 2296 885 2356 perficiat
908 2296 1122 2340 sanitates.
1153 2314 1172 2337 «
1201 2294 1346 2340 Salvos
1368 2310 1446 2339 nos
1464 2293 1548 2349 fac,
1582 2296 1767 2338 Domine

381 2388 402 2412 »
438 2372 553 2414 Deus
568 2377 729 2421 noster,
755 2375 798 2409 et
820 2381 1033 2425 congrega
1050 2382 1127 2410 nos
1145 2365 1199 2409 de
1217 2365 1508 2420 nationibus0,
1527 2382 1546 2405 »
1572 2365 1641 2408 vel
1655 2365 1767 2409 sicut

431 2490 441 2506 ¹
462 2483 577 2525 EpheS.
594 2494 641 2523 11,
664 2482 777 2514 13—22.
795 2499 837 2503 —
856 2488 867 2503 ²
887 2484 978 2513 Joan.
998 2493 1018 2513 x
1035 2507 1043 2523 ,
1068 2492 1117 2513 10.
1140 2499 1181 2503 —
1198 2479 1211 2503 3
1231 2482 1320 2512 Rom.
1338 2491 1382 2520 ix,
1403 2479 1454 2511 16.
1471 2497 1513 2502 —
1531 2477 1546 2504 l·
1561 2479 1640 2510 psal.
1661 2490 1714 2520 Lx,
1731 2478 1764 2518 4.

382 2556 424 2562 -
442 2537 457 2561 5
476 2539 596 2572 Matth.
628 2550 673 2579 Vl,
696 2547 747 2578 12,
771 2538 821 2569 13.
840 2555 882 2560 —
899 2536 914 2560 6
932 2537 1047 2580 Ephes.
1068 2549 1099 2578 v,
1118 2538 1177 2570 23.
1198 2554 1240 2560 —
1257 2544 1270 2570 7
1289 2538 1365 2569 Luc.
1387 2547 1453 2578 xm,
1481 2537 1534 2568 32.
1555 2553 1596 2559 —
1612 2534 1627 2558 8
1647 2535 1762 2577 Ephcs.

383 2604 428 2636 iv,
448 2593 497 2626 13.
519 2610 560 2617 -—·
581 2599 596 2625 9
614 2592 697 2626 Psal.
716 2602 769 2634 cv,
789 2590 842 2634 47.
