1848 3261
290 190 530 220 ENARRATio
561 193 576 218 1
608 191 654 220 ΙΝ
685 187 888 219 PsALMUM
919 192 980 229 CI,
1008 189 1147 219 SERMO
1179 193 1208 218 1.
1392 180 1448 219 33

69 267 248 315 serunt,
271 257 429 302 nonin
459 257 625 301 incerto
656 255 927 300 intellectum
954 264 1151 300 nostrum
1189 256 1454 301 constituere

68 343 146 372 nos
161 326 387 376 debemus.
405 329 528 371 Hanc
545 342 665 371 avem
686 326 828 386 potius
841 326 887 369 in
901 324 1134 369 solitudine
1149 341 1449 385 agnoscamus3

68 398 150 442 hoc
169 398 284 442 enim
306 397 407 442 inde
430 397 624 441 Psalmus
645 396 786 441 voluit
807 411 991 455 ponere,
1019 415 1040 438 «
1065 394 1291 440 Pelicanus
1314 397 1359 439 in
1382 412 1452 441 so-

71 486 90 509 »
125 467 324 512 litudine.
351 486 370 509 »
410 471 520 512 Puto
545 483 625 525 ego
653 467 723 512 hic
746 466 929 525 intelligi
953 467 1177 511 Christum
1210 476 1363 510 natum
1396 466 1451 511 de

68 537 260 597 Virgine.
290 537 413 582 Solus
435 537 550 581 enim
572 537 646 592 sic,
672 537 770 582 ideo
792 535 981 582 solitudo
1012 556 1020 582 :
1052 537 1098 580 in
1116 535 1351 581 solitudine
1372 552 1451 581 na-

67 617 152 663 tus,
178 608 280 668 quia
297 607 413 652 solus
433 608 491 651 ita
513 616 654 652 natus.
686 611 788 652 Post
809 607 1079 651 nativitatem
1103 616 1282 652 ventum
1312 616 1376 652 est
1396 607 1451 652 ad

67 679 307 738 passionem
333 694 381 722 :a
410 679 568 738 quibus
597 678 956 737 crucifigebatur?
980 679 1197 738 numquid
1219 678 1274 722 ab
1295 679 1451 723 stanti-

67 750 179 793 bus?
211 748 428 809 numquid
473 765 496 793 a
533 749 817 808 lugentibus?
846 752 964 807 Ergo
1001 758 1209 809 tanquam
1242 750 1288 793 in
1324 760 1452 794 noete

67 820 324 878 ignorantiae
341 820 550 879 ipsorum,
577 829 620 864 et
642 829 849 880 tanquam
872 821 917 863 in
941 821 1159 879 parietinis
1180 821 1318 865 ruinae
1332 821 1450 882 ipso-

67 905 179 934 rum.
208 892 320 934 Ecce
343 891 594 948 nycticorax
620 900 662 934 et
687 891 733 934 in
757 891 994 950 parietinis,
1027 901 1143 937 amat
1177 902 1220 937 et
1257 903 1447 939 noctem.

66 964 172 1007 Nam
194 962 274 1005 nisi
297 970 473 1016 amaret,
500 960 619 1004 unde
636 962 800 1005 diceret
819 981 827 1006 ;
848 981 867 1003 «
886 965 1028 1017 Pater,
1048 963 1222 1022 ignosce
1238 963 1336 1019 illis,
1351 966 1452 1024 quia

68 1049 88 1074 ³>
125 1033 325 1076 nesciunt
347 1032 454 1092 quid
484 1030 700 1076 faciunt1?
725 1051 744 1074 »
771 1032 932 1077 Deinde
960 1043 1086 1078 natus
1121 1035 1167 1078 in
1197 1034 1447 1093 solitudine,

66 1103 167 1162 quia
190 1103 305 1147 solus
337 1103 396 1146 ita
418 1112 570 1159 natus,
599 1118 746 1162 passus
768 1103 814 1147 in
840 1104 1030 1148 tenebris
1061 1105 1318 1150 Judaeorum
1350 1116 1451 1151 tan-

65 1189 198 1234 quam
214 1174 259 1217 in
281 1182 424 1227 nocte,
445 1174 491 1217 in
511 1174 864 1232 praevaricatione
876 1184 1085 1236 tanquam
1100 1176 1145 1219 in
1160 1177 1296 1222 ruinis
1314 1197 1323 1223 :
1344 1179 1452 1239 quid.

66 1245 240 1303 postea?
278 1263 298 1285 ‹<
322 1242 529 1301 Vigilavi,
560 1263 577 1284 »
613 1246 730 1302 Ergo
763 1243 997 1290 dormieras
1031 1246 1077 1289 in
1118 1247 1362 1306 parietinis,
1410 1258 1454 1294 et

65 1314 255 1368 dixeras,
286 1332 305 1355 «
330 1316 424 1372 Ego
451 1312 650 1358 dormivi.
678 1332 698 1355 »
727 1315 843 1367 Quid
872 1324 957 1370 est,
987 1335 1006 1357 «
1038 1319 1132 1374 Ego
1159 1316 1407 1363 dormivi2?
1428 1338 1447 1360 »

65 1385 171 1437 Quia
192 1382 327 1438 volui,
353 1382 539 1428 dormivi
554 1404 565 1442 3
580 1393 751 1428 noctem
767 1385 953 1429 amando
971 1385 1160 1431 dormivi
1183 1407 1191 1432 :
1213 1387 1289 1432 sed
1306 1388 1367 1432 ibi
1389 1405 1453 1433 se-

65 1455 235 1515 quitur,
265 1474 283 1496 «
311 1458 367 1499 Et
389 1455 600 1499 exurrexi.
634 1474 654 1496 »
690 1458 803 1513 Ergo
826 1456 895 1500 hic
922 1476 942 1499 «
963 1457 1164 1515 Vigilavi.
1194 1478 1213 1500 »
1244 1459 1328 1504 Sed
1350 1475 1451 1519 pos-

66 1535 268 1584 teaquam
295 1524 514 1583 vigilavit,
540 1525 649 1585 quid
671 1526 782 1583 egit?
804 1526 1011 1570 Ascendit
1031 1528 1074 1570 in
1098 1527 1259 1573 coelum
1275 1565 1286 1586 ,
1310 1530 1452 1575 factus

63 1604 128 1640 est
151 1614 172 1637 «
194 1596 314 1640 Sicut
336 1610 477 1654 passer
501 1613 521 1636 »
546 1594 758 1651 volando,
787 1595 833 1640 id
864 1606 950 1652 est,
977 1599 1251 1644 ascendendo
1272 1619 1281 1645 ε
1311 1620 1331 1643 (ι
1360 1602 1452 1646 Sin-

67 1685 87 1707 »
125 1665 283 1725 gularis
306 1666 347 1708 in
370 1674 501 1721 tecto,
528 1686 545 1707 »
567 1665 612 1710 id
627 1676 713 1721 est,
738 1667 783 1710 in
805 1667 933 1712 coelo.
960 1671 1074 1727 Ergo
1097 1670 1334 1729 pellicanus
1357 1687 1452 1717 nas-

64 1736 219 1790 cendo,
255 1737 505 1794 nycticorax
531 1737 784 1793 moriendo,
815 1754 957 1797 passer
980 1741 1245 1799 resurgendo
1279 1760 1287 1786 :
1318 1742 1378 1786 ibi
1405 1743 1451 1788 in

64 1806 312 1862 solitudine,
341 1807 461 1851 velut
482 1807 620 1864 solus,
647 1808 717 1852 hic
746 1808 790 1851 in
818 1810 1055 1868 parietinis,
1080 1808 1202 1855 velut
1225 1812 1280 1856 ab
1297 1813 1355 1857 eis
1372 1829 1450 1857 oc-

63 1877 190 1932 cisus‚
214 1878 292 1937 qui
317 1886 428 1921 stare
451 1893 539 1922 non
561 1887 800 1937 potuerunt
822 1879 867 1922 in
891 1879 1102 1933 aedificio3
1143 1882 1212 1927 hic
1240 1899 1342 1928 vero
1357 1885 1450 1944 jam

64 1947 244 2006 vigilans
265 1957 308 1992 et
334 1948 483 1992 volans
505 1948 733 2006 singularis
760 1949 806 1992 in
829 1958 966 2005 tecto,
1000 1950 1062 1994 ibi
1094 1950 1342 2012 interpellat
1371 1971 1450 2014 pro

66 2019 230 2064 nohis2.
250 2020 393 2078 Caput
408 2019 522 2062 enim
546 2029 742 2063 nostrum
766 2035 910 2079 passer
933 2031 1013 2077 est,
1037 2037 1194 2083 corpus
1216 2024 1330 2070 illius
1354 2035 1450 2071 tur-

65 2099 150 2135 tur.
183 2089 403 2133 «Etenim
435 2105 580 2148 passer
605 2090 772 2135 invenit
801 2090 881 2134 sibi
914 2090 1111 2137 domum.
1146 2112 1167 2136 »
1194 2097 1334 2148 Quam
1367 2097 1450 2142 do-

65 2161 212 2203 mum?
227 2162 278 2204 In
294 2159 406 2204 coelo
421 2169 499 2215 est,
515 2159 763 2219 interpellat
775 2175 854 2220 pro
866 2161 1007 2206 nobis.
1030 2182 1049 2205 «
1065 2167 1119 2207 Et
1135 2172 1278 2209 turtur
1295 2166 1450 2212 nidum

69 2249 88 2272 »
124 2230 222 2284 sibi,
254 2248 270 2271 ι)
292 2230 483 2274 Ecclesia
503 2231 579 2274 Dei
596 2230 749 2274 nidum
771 2231 825 2275 ‹le
841 2232 966 2290 lignis
983 2234 1122 2279 crucis
1142 2235 1274 2295 ipsius
1292 2258 1302 2295 3
1323 2257 1343 2281 «
1368 2239 1454 2284 Ubi

68 2320 88 2342 »
118 2310 252 2360 ponat
269 2301 412 2360 pullos
434 2302 576 2353 suos4,
596 2301 831 2361 »parvulos
853 2318 967 2347 suos.
991 2324 1007 2344 «
1035 2305 1234 2364 Vigssavi,
1251 2318 1293 2354 et
1310 2307 1450 2355 factus

68 2390 89 2413 »
124 2387 220 2415 sum
242 2372 353 2416 sicut
375 2388 516 2432 passer
537 2371 764 2431 singularis
784 2373 829 2416 in
847 2382 976 2419 tecto.
1007 2395 1025 2417 »

65 2491 69 2495 ,
126 2445 203 2486 ΙΧ.
235 2461 252 2482 «
279 2445 384 2488 Tota
409 2442 478 2487 die
500 2443 822 2502 exprobrabant
860 2445 963 2488 mihi
987 2446 1150 2493 inimici
1179 2450 1278 2505 mei,
1304 2459 1347 2496 ct
1375 2452 1451 2512 qui

120 2536 126 2551 ¹
149 2530 227 2560 Luc.
250 2540 345 2569 xxiii,
365 2528 417 2570 34,
441 2546 479 2551 -
499 2535 510 2551 ²
529 2529 596 2561 Psal
633 2541 680 2568 111,
697 2531 726 2561 5.
745 2529 985 2573 —3R0mv111‚
1008 2533 1060 2574 34.
1077 2552 1115 2556 -—
1136 2534 1149 2564 4
1169 2536 1248 2568 Psal.
1270 2549 1398 2579 Lxxxm,
1412 2540 1442 2580 4.

228 2593 366 2621 cxviii
1241 2592 1264 2630 3
