1848 3261
394 221 479 262 214
817 230 850 259 s.
885 230 1115 261 Aneus'rlm
1145 232 1342 259 Enscom.

392 297 603 358 exposcit:
631 315 652 338 «
672 296 778 349 Quis
791 331 802 351 ‚
826 296 984 356 inquit,
1006 296 1213 356 loquetur
1233 295 1448 355 potentias
1469 295 1668 352 Domini,
1689 311 1769 341 au-

396 387 417 410 »
453 367 562 412 ditas
585 366 714 411 faciet
737 382 886 410 omnes
913 365 1064 410 laudes
1091 367 1235 426 ejus1?
1261 384 1281 407 »
1317 365 1675 410 Subaudiendum
1707 376 1772 411 est

393 439 513 499 quod
528 453 656 497 supra
674 436 840 481 dictum
858 445 936 491 est,
951 445 1001 480 ut
1017 437 1145 480 etiam
1163 436 1243 479 ista
1262 437 1473 480 sententia
1487 436 1544 480 ita
1558 436 1611 480 sit
1623 435 1767 496 plena,

391 510 493 564 Quis
512 528 532 551 ‹<
546 507 728 553 Auditas
751 506 878 551 faciet
894 523 1042 551 omnes
1063 506 1213 551 laudes
1235 507 1351 566 ejus?
1366 525 1386 548 »
1402 506 1548 565 Idest,
1571 508 1771 566 quisnam

390 581 575 626 sufficiat
588 579 754 622 auditas
768 577 910 622 facere
922 593 1072 622 omnes
1084 577 1235 622 laudes
1248 579 1366 637 ejus?
1378 576 1584 621 «Auditas
1596 577 1768 632 faciet,»

391 652 522 706 dixit,
543 649 587 694 id
605 658 684 703 est,
708 648 840 692 faciet
855 657 905 692 ut
927 649 1187 693 audiantur:
1204 647 1436 693 ostendens
1453 648 1512 691 ita
1533 647 1775 708 loquendas

390 719 605 782 potentias
629 718 801 762 Domini
823 727 866 762 et
886 717 1036 761 laudes
1057 720 1146 778 ejus
1161 754 1173 774 ,
1208 727 1258 762 ut
1276 718 1570 777 praedicentur
1591 717 1775 762 audien-

391 791 524 837 tibus.
559 788 644 833 Sed
673 788 770 848 quis
796 797 939 848 potest
969 790 1144 832 omnes?
1177 791 1246 833 An
1273 786 1386 832 forte
1417 788 1520 848 quia
1550 788 1771 848 sequitur:

395 882 416 905 a
450 860 571 905 Beati
597 860 674 920 qui
698 859 951 904 custodiunt
967 858 1182 920 judicium
1197 895 1208 915 ,
1243 869 1287 903 et
1311 858 1477 903 faciunt
1494 859 1708 919 justitiam
1729 858 1776 902 in

392 951 414 974 »
449 930 568 976 omni
600 933 837 989 tempore2‚
867 950 884 971 »
911 945 980 974 eas
1005 929 1112 974 dixit
1138 929 1290 974 laudes
1322 931 1442 990 ejus,
1477 945 1577 989 quae
1612 927 1776 972 intelli-

392 1011 556 1062 guntur
573 1015 702 1060 opera
725 1001 815 1060 ejus
832 1000 878 1043 in
898 1000 1125 1060 praeceptis
1148 1001 1270 1060 ejus?
1297 1020 1317 1043 ι(
1342 1004 1456 1044 Deus
1477 1008 1541 1043 est
1561 1000 1694 1054 enim,
1719 998 1777 1043 ait

395 1093 416 1116 »
450 1071 683 1132 Apostolus
699 1106 710 1125 ,
736 1071 813 1130 qui
833 1080 1038 1129 operatur
1054 1071 1099 1114 in
1120 1071 1244 1115 vobis
1258 1073 1289 1114 3.
1313 1090 1333 1112 »
1360 1074 1417 1115 Et
1438 1070 1601 1115 dictum
1623 1079 1687 1113 est
1707 1085 1777 1114 se—

392 1144 501 1188 mini
518 1143 706 1187 Abrahae
724 1158 735 1184 .·
764 1160 784 1183 «
805 1143 987 1185 Cantate
1002 1141 1039 1184 ei
1055 1176 1065 1195 ‚
1091 1150 1133 1184 et
1155 1140 1324 1200 psallite
1345 1141 1383 1184 ei
1397 1143 1412 1166 ⁴
1434 1160 1443 1185 :
1467 1160 1486 1182 »
1509 1141 1629 1201 quod
1647 1139 1777 1183 intel-

392 1215 577 1260 leximus
591 1214 651 1256 ita
666 1211 849 1266 dictum,
866 1227 915 1256 ac
931 1211 965 1255 si
983 1210 1199 1255 diceretur
1219 1230 1228 1255 2
1249 1213 1368 1255 Bona
1382 1212 1426 1254 in
1445 1213 1536 1272 ejus
1547 1211 1722 1254 laudem
1737 1220 1780 1255 et

393 1285 524 1330 dicite
541 1319 552 1339 ,
577 1293 620 1327 et
642 1281 784 1327 facite.
810 1282 980 1335 Quibus
999 1282 1172 1325 duobus
1193 1282 1334 1325 verbis
1351 1317 1361 1336 ‚
1390 1281 1435 1325 id
1458 1290 1542 1334 est,
1575 1280 1780 1325 cantandi

395 1366 438 1400 et
454 1352 684 1414 psallendi,
708 1353 939 1397 convenire
956 1350 1066 1395 duos
1079 1361 1393 1411 consequentes
1409 1366 1574 1405 versus,
1595 1360 1645 1394 ut
1659 1350 1781 1411 quod

395 1426 561 1470 dictum
589 1433 652 1467 est
682 1442 691 1468 z
729 1442 750 1465 «
779 1424 957 1467 Narrate
979 1423 1126 1466 omnia
1157 1421 1370 1466 mirabilia
1395 1423 1508 1482 ejus3
1536 1440 1556 1462 »
1581 1422 1665 1465 hoc
1692 1421 1776 1466 sit:

400 1516 420 1538 «
454 1497 636 1540 Cantate
664 1493 728 1536 ei:
761 1514 777 1533 »
803 1492 925 1552 quod
957 1507 1059 1537 vero
1092 1492 1257 1536 dictum
1285 1501 1380 1536 est:
1410 1511 1430 1534 «
1450 1490 1707 1535 Laudamini
1734 1491 1782 1534 in

397 1585 417 1609 ·»
453 1565 630 1610 nomine
658 1571 806 1608 sancto
835 1564 983 1623 ejus⁵3
1015 1563 1140 1607 »hoc
1173 1563 1257 1608 sit:
1290 1582 1307 1603 «
1341 1562 1515 1607 Psallite
1543 1562 1596 1605 ei.
1626 1580 1646 1602 »
1669 1561 1781 1606 Huic

395 1637 562 1698 quippe
584 1634 737 1680 semini
757 1635 887 1679 etiam
906 1635 995 1693 ipse
1015 1634 1224 1678 Dominus
1247 1634 1374 1679 dicit:
1404 1654 1424 1676 «
1440 1637 1635 1678 Luceant
1651 1648 1782 1692 opera

399 1727 420 1750 >›
455 1716 597 1752 vestra
619 1721 764 1750 coram
784 1704 1034 1750 hominibus
1049 1740 1060 1760 ,
1085 1714 1133 1748 ut
1155 1705 1334 1749 videant
1354 1704 1469 1748 hona
1487 1703 1600 1748 {acta
1615 1712 1778 1758 vestra,

399 1796 420 1820 n
456 1786 500 1821 et
521 1776 763 1835 glorificent
790 1779 961 1819 Patrem
990 1784 1181 1818 vestrum
1213 1775 1289 1835 qui
1310 1774 1355 1818 in
1378 1773 1498 1818 coelis
1520 1783 1583 1817 est
1598 1774 1630 1817 ⁶.
1654 1792 1674 1814 »
1701 1774 1782 1818 Hic

397 1863 500 1907 ergo
513 1848 606 1906 ipsa
622 1846 701 1890 Dei
716 1854 935 1905 praecepta
952 1846 1243 1896 considerans,
1260 1860 1448 1904 quorum
1464 1852 1782 1903 praeceptorum

398 1933 528 1978 opera
550 1916 701 1960 laudes
727 1925 829 1960 sunt
858 1917 950 1976 ejus
972 1915 1049 1975 qui
1071 1924 1275 1974 operatur
1303 1915 1348 1959 in
1379 1914 1486 1969 suis,
1515 1914 1574 1957 ait
1595 1933 1604 1958 ι
1633 1933 1653 1956 «
1677 1912 1782 1966 Quis

400 2007 421 2030 n
455 1988 662 2048 loquetur
679 1987 892 2046 potentias
915 1985 1111 2030 Domini?
1129 2007 1145 2026 »
1167 1985 1373 2045 quoniam
1388 1985 1482 2028 haec
1504 1983 1784 2028 ineffabiliter

399 2068 619 2119 operatur.
645 2057 752 2110 Quis
780 2076 799 2098 (ι
825 2055 1004 2101 Auditas
1035 2054 1165 2100 faciet
1190 2071 1339 2100 omnes
1360 2054 1511 2099 laudes
1542 2056 1661 2114 ejus?
1685 2071 1706 2094 »
1733 2053 1785 2098 Id

399 2139 484 2184 est,
509 2129 604 2189 quis
626 2142 726 2172 cum
741 2125 942 2182 audierit,
964 2125 1067 2170 facit
1085 2142 1234 2170 omnes
1254 2125 1405 2169 laudes
1423 2126 1539 2185 ejus?
1556 2128 1663 2178 Quae
1683 2132 1785 2168 sunt

400 2217 530 2262 opera
549 2209 862 2260 praeceptorum
887 2199 993 2257 ejus.
1009 2198 1115 2251 Quis
1136 2198 1181 2241 in
1205 2207 1420 2257 quantum
1442 2197 1572 2251 fiunt,
1593 2196 1672 2240 etsi
1695 2211 1785 2239 non

401 2272 545 2318 omnia
572 2287 672 2331 quae
703 2269 848 2314 audita
870 2279 973 2313 sunt
1000 2270 1140 2324 fiunt,
1174 2268 1248 2312 ille
1269 2267 1516 2312 laudandus
1538 2276 1627 2323 est,
1657 2286 1674 2307 «
1699 2267 1785 2320 Qui

405 2363 425 2385 »
461 2352 663 2403 operatur
685 2343 730 2385 in
753 2341 876 2385 nobis
900 2351 941 2384 et
962 2340 1073 2384 velle
1103 2349 1146 2384 et
1166 2340 1356 2399 operari,
1388 2355 1466 2399 pro
1490 2339 1605 2383 bona
1626 2338 1785 2382 volun-

402 2434 423 2457 »
460 2424 545 2459 tate
561 2416 592 2458 ⁷.
614 2432 632 2454 »
656 2412 760 2456 Ideo
783 2427 884 2455 cum
903 2421 1047 2472 posset
1064 2411 1205 2456 dicere
1220 2447 1231 2466 ,
1257 2411 1414 2455 Omnia
1434 2409 1639 2455 mandata
1663 2410 1780 2469 ejus,

452 2512 461 2528 ¹
484 2510 563 2543 Psal.
593 2521 656 2551 cv,
675 2520 706 2541 2.
735 2526 777 2531 —-
803 2516 816 2531 ²
835 2508 918 2540 Ibid.
941 2508 970 2540 3.
992 2525 1034 2530 —
1065 2506 1077 2530 3
1096 2507 1209 2550 Philip.
1229 2519 1271 2548 11,
1305 2507 1356 2538 13.
1382 2505 1458 2536 —4
1483 2507 1562 2538 Psal.
1590 2517 1657 2547 civ,
1682 2514 1715 2539 2.
1742 2522 1784 2529 —-

403 2564 418 2589 ⁵
438 2566 520 2598 Ibid.
537 2567 569 2598 3.
589 2563 777 2597 -6Matth.
796 2574 828 2606 v,
847 2563 898 2596 16.
919 2580 960 2587 —-
982 2571 995 2596 7
1016 2563 1128 2605 Philip.
1145 2574 1179 2605 11,
1204 2563 1254 2595 13.
