1848 3261
347 186 406 224 70
788 193 823 224 s.
856 194 1088 225 Aueusnm
1108 197 1290 225 Emscopr

353 275 537 320 agonem
555 259 729 305 certavi.
747 262 916 314 Quare?
928 261 1038 315 Quia
1049 276 1224 306 cursum
1237 261 1549 307 consummavi.
1565 263 1733 315 Quare?

354 331 464 386 Quia
486 329 619 374 fidem
650 332 828 376 servavi.
856 333 981 376 Unde
1018 332 1213 376 certasti?
1233 332 1354 376 unde
1375 332 1507 377 fidem
1533 334 1734 377 servasti?

357 422 378 446 «
411 405 508 463 Non
525 417 605 460 ego
629 411 773 445 autem
785 437 796 456 ,
811 402 884 446 sed
903 403 1037 461 gratia
1059 403 1136 446 Dei
1149 405 1363 446 mecum1.
1382 421 1402 444 »
1424 406 1538 461 Ergo
1555 412 1598 447 et
1613 402 1734 463 quod

352 474 590 528 coronaris,
612 471 727 516 illius
748 473 1036 517 misericordia
1066 474 1298 518 coronaris.
1323 476 1548 532 Nusquam
1582 474 1636 518 sis
1658 489 1734 517 su-

349 544 532 605 perbus3
552 558 719 602 semper
735 541 865 586 lauda
880 544 1113 587 Dominum
1129 578 1139 598 ‚
1155 559 1303 587 omnes
1322 543 1629 587 retributiones
1643 545 1735 604 ejus

349 613 440 658 noli
458 613 665 658 oblivisci.
692 613 940 657 Retributio
962 622 1046 668 est,
1073 629 1174 658 cum
1190 622 1392 672 peccator
1419 623 1463 657 et
1482 613 1641 673 impius
1655 630 1735 659 vo-

348 694 468 729 catus
486 700 529 727 es
544 719 555 739 ,
580 693 629 727 ut
645 683 954 743 justificareris.
980 684 1227 727 Retributio
1254 692 1343 739 est,
1375 699 1477 729 cum
1500 693 1667 728 erectus
1693 693 1737 729 et

352 755 616 814 gubernatus
638 768 681 797 es
716 769 770 796 ne
803 752 993 797 caderes.
1026 754 1273 798 Retributio
1295 762 1377 810 est,
1396 770 1497 799 cum
1523 755 1600 798 tibi
1625 755 1738 799 vires

351 824 687 870 subministratae
704 832 805 867 sunt
816 858 827 879 ,
846 832 896 868 ut
918 824 1111 884 usquein
1128 825 1259 868 finem
1273 840 1580 884 perseverares.
1602 825 1740 869 Retri-

351 895 476 939 butio
488 904 566 949 est,
584 903 634 938 ut
645 895 773 937 etiarn
788 910 887 939 caro
898 895 976 938 ista
992 903 1066 938 tua
1078 911 1164 954 qua
1176 895 1453 954 premebaris,
1468 903 1678 953 resurgat,
1695 903 1740 938 et

350 981 431 1010 nec
442 964 591 1024 capitis
602 965 665 1008 tui
676 964 856 1023 capillus
866 965 1066 1009 intereat.
1083 964 1331 1008 Retributio
1344 974 1421 1019 est,
1436 974 1485 1008 ut
1497 977 1590 1024 post
1604 980 1739 1008 resur-

352 1036 588 1080 rectionem
611 1035 841 1079 coroneris.
859 1035 1104 1079 Retributio
1127 1044 1215 1090 est,
1232 1044 1281 1079 ut
1300 1036 1345 1078 in
1367 1044 1580 1078 aeternum
1598 1038 1740 1079 Deum

353 1107 496 1166 ipsum
519 1106 609 1149 sine
636 1104 811 1149 defectu
832 1104 998 1148 laudes.
1021 1106 1180 1148 Omnes
1209 1105 1515 1149 retributiones
1539 1106 1628 1164 ejus
1651 1105 1740 1149 noli

354 1176 550 1222 oblivisci
568 1211 578 1231 ‚
604 1176 638 1220 si
655 1177 717 1220 vis
732 1185 781 1219 ut
802 1175 1033 1219 benedicat
1055 1176 1197 1219 anima
1218 1185 1293 1219 tua
1321 1177 1556 1220 Dominum
1575 1212 1586 1231 ,
1615 1195 1632 1216 «
1655 1176 1741 1229 Qui

357 1265 379 1290 ))
414 1256 593 1291 coronat
614 1256 655 1290 te
674 1247 720 1289 in
738 1246 1011 1289 miseratione
1028 1255 1071 1289 et
1094 1246 1399 1290 misericordia.
1426 1265 1446 1287 »

414 1320 536 1362 VIII.
563 1320 620 1361 Et
646 1316 753 1377 quid
781 1332 905 1375 agam
936 1319 1199 1361 coronatus?
1233 1320 1346 1361 Ecce
1379 1317 1619 1377 adjuvabar
1641 1332 1743 1361 cum

355 1390 565 1444 luctarer,
590 1388 714 1432 finito
748 1388 984 1432 certamine
1017 1389 1386 1448 coronabor-,jam
1418 1387 1540 1432 nulla
1572 1387 1742 1432 residua

358 1461 438 1504 crit
470 1460 644 1503 inimica
683 1460 898 1519 suggestio
936 1460 1005 1504 vel
1035 1460 1286 1519 corruptio,
1329 1474 1430 1503 cum
1465 1475 1553 1518 qua
1583 1458 1740 1504 lucter.

359 1534 536 1590 Semper
559 1531 673 1574 enim
692 1531 736 1574 in
759 1531 839 1574 hac
857 1531 945 1575 vita
967 1530 1187 1574 luctamur
1208 1546 1309 1574 cum
1331 1530 1611 1589 corruptione
1633 1530 1712 1574 ista
1731 1549 1740 1575 :

355 1600 431 1645 sed
454 1602 562 1661 quid
594 1602 802 1660 scriptum
835 1603 931 1645 est?
967 1620 986 1642 «
1013 1601 1252 1646 Novissima
1288 1600 1463 1644 inimica
1496 1599 1744 1644 destruetur

358 1689 379 1713 a>
415 1687 545 1715 mors.
587 1690 607 1712 >›
641 1675 743 1715 Post
770 1671 1109 1715 destructionem
1147 1671 1298 1715 mortis
1314 1706 1324 1726 ,
1368 1669 1539 1714 nullum
1572 1670 1744 1715 timebis

356 1741 581 1785 inimicum
608 1761 617 1785 2
659 1761 679 1783 «
713 1741 822 1784 Inde
860 1742 1062 1800 absorpta
1095 1750 1158 1785 est
1195 1756 1310 1785 mors
1332 1742 1379 1785 in
1410 1741 1679 1785 victoriam‘2.
1719 1757 1740 1781 »

361 1815 482 1855 Tune
506 1826 606 1868 ergo
628 1811 708 1854 erit
729 1811 907 1855 victoria
927 1848 937 1867 ‚
959 1821 1066 1856 tunc
1091 1827 1266 1856 corona.
1292 1815 1395 1856 Post
1406 1820 1626 1855 certamen
1643 1824 1745 1868 ergo

359 1882 603 1925 coronabor
619 1916 629 1935 ,
654 1890 755 1940 post
773 1897 978 1925 coronam
1000 1881 1108 1942 quid
1131 1883 1286 1941 agam?
1308 1901 1327 1923 «
1347 1882 1431 1935 Qui
1453 1882 1578 1925 satiat
1600 1882 1646 1925 in
1665 1897 1747 1925 no-

359 1969 380 1992 »
416 1952 482 1994 bis
500 1951 761 1994 desiderium
790 1961 915 1994 tuum
934 1954 964 1993 3.
990 1970 1009 1991 »
1035 1951 1169 1995 Modo
1190 1953 1304 1994 enirn
1334 1951 1457 1994 audis
1479 1952 1645 1994 bonum
1667 1985 1678 2005 ,
1704 1959 1747 1994 et

358 2021 559 2078 anhelas3
596 2020 716 2065 audis
741 2021 928 2075 bonum,
954 2030 996 2064 et
1017 2022 1202 2080 suspiras
1225 2041 1233 2065 :
1269 2032 1312 2065 et
1348 2022 1431 2065 hoc
1460 2022 1600 2080 ipsum
1625 2021 1748 2082 quod

358 2092 470 2137 forte
493 2108 642 2151 peccas
659 2128 669 2145 ,
693 2091 879 2149 eligendi
896 2092 997 2135 boni
1022 2092 1226 2152 aviditate
1240 2091 1398 2135 falleris
1419 2113 1430 2149 3
1451 2102 1494 2136 et
1511 2093 1558 2135 in
1581 2108 1631 2136 eo
1649 2108 1746 2137 reus

361 2163 588 2217 detineris,
627 2162 744 2222 quod
780 2163 946 2206 bonum
975 2161 1200 2206 consilium
1226 2162 1303 2206 Dei
1334 2177 1423 2205 non
1457 2161 1601 2217 audis,
1638 2162 1747 2222 quid

358 2232 729 2277 contemnendum
752 2242 794 2277 et
816 2233 922 2293 quid
945 2232 1195 2292 eligendum
1217 2232 1297 2289 sit,
1324 2232 1445 2292 quod
1467 2232 1578 2277 forte
1602 2232 1747 2291 negli-

358 2304 418 2360 gis
451 2303 640 2358 discere,
675 2304 708 2347 si
741 2304 786 2346 in
812 2303 1013 2362 eligendo
1046 2304 1162 2347 bono
1188 2302 1426 2347 fallebaris.
1470 2304 1745 2363 Ubicumque

356 2389 506 2432 peccas
529 2373 651 2433 quasi
674 2374 840 2417 bonum
865 2374 1044 2433 quaeris,
1062 2373 1185 2434 quasi
1203 2372 1486 2417 refectionem
1508 2372 1741 2418 desideras.

356 2444 476 2487 Bona
497 2452 597 2487 sunt
618 2443 697 2487 ista
715 2459 814 2503 quae
839 2443 995 2503 quaeris
1016 2465 1028 2502 3
1047 2442 1121 2487 sed
1141 2442 1254 2487 mala
1277 2443 1359 2487 tibi
1380 2452 1509 2487 erunt
1524 2478 1535 2499 ,
1572 2442 1744 2488 deserto

409 2538 417 2554 ¹
441 2544 452 2564 1
475 2534 547 2564 Cor.
568 2544 620 2573 xv,
641 2544 689 2564 ιο.
711 2548 753 2560 ε-
768 2538 781 2553 ²
801 2531 880 2563 Ibid.
901 2530 944 2562 26
961 2535 991 2563 et
1008 2530 1060 2573 54.
1082 2547 1124 2554 ·—
1143 2528 1156 2554 3
1177 2529 1259 2564 Psal,
1280 2540 1336 2571 (ιιι,
1356 2530 1389 2562 5.
