1848 3261
324 243 565 274 ENARRA-no
597 248 630 273 11
661 247 706 274 nv
738 243 940 274 rsALMUM
971 246 1033 283 el,
1068 244 1206 274 sEnMo
1237 249 1285 274 11.
1421 238 1476 276 53

96 311 245 356 helet‘?
266 310 372 372 quid
388 312 576 370 aspiret?
596 312 693 372 quis
709 310 771 354 ibi
785 325 829 353 se
851 325 941 354 esse
957 325 1080 369 posse
1102 314 1362 369 praesumat?
1378 313 1478 358 Noli

30 423 37 426 t
95 381 339 441 desperare,
361 382 549 425 humana
574 381 796 440 fragilitas.
825 384 958 438 «Ego
990 396 1085 424 sum
1112 415 1122 435 ‚
1154 381 1325 441 inquit,
1363 386 1478 428 Deus

98 470 119 494 n
154 452 373 496 Abraham
391 487 401 507 ‚
439 461 482 496 et
510 455 622 496 Deus
658 456 800 508 Isaac,
838 462 880 496 et
908 456 1021 497 Deus
1049 454 1226 497 Jacob1.
1261 472 1281 495 »
1309 455 1479 500 Audisti

95 521 203 583 quid
224 522 303 566 sim
325 522 443 581 apud
464 538 533 566 me
553 558 563 578 ‚
587 522 689 567 audi
711 531 754 566 et
770 522 878 583 quid
895 523 974 566 sim
989 532 1166 583 propter
1187 532 1244 567 te.
1273 526 1375 569 Haec
1398 526 1480 584 igi-

95 601 168 636 tur
189 594 404 637 aeternitas
421 594 589 638 vocavit
605 609 699 648 nos,
715 602 758 637 et
775 594 917 652 erupit
940 609 989 636 ex
1004 593 1245 637 aeternitate
1264 596 1475 639 Verbum.

95 666 192 707 Jam
217 665 458 719 aeternitas,
481 665 570 724 jam
597 664 789 708 Verbum
804 700 814 719 ‚
840 673 883 708 et
904 664 1102 708 nondum
1119 667 1314 725 tempus?
1337 668 1480 719 Quare

93 733 291 777 nondum
314 736 515 792 tempus?
537 734 647 786 Quia
677 733 838 777 factum
869 743 932 778 est
962 744 1005 778 et
1038 744 1224 795 tempus.
1251 738 1480 789 Quomodo

92 803 260 848 factum
282 813 346 848 est
370 813 412 847 et
434 807 640 863 tempus?
666 824 684 846 «
716 805 871 849 Omnia
893 820 970 864 per
989 805 1132 864 ipsum
1154 805 1267 851 facta
1289 817 1411 863 sunt,
1437 818 1480 852 et

94 891 115 914 »
151 874 242 917 sine
258 875 350 932 ipso
375 873 538 918 factum
561 883 623 918 est
641 875 795 918 nihit2.
817 894 835 916 »
863 876 900 919 Ο
923 876 1118 919 Verbum
1142 886 1242 921 ante
1258 886 1477 937 tempora,

90 959 168 1002 per
189 944 310 1003 quod
331 944 446 988 facta
463 953 566 988 sunt
588 953 807 1004 tempora,
829 954 976 989 natum
1003 955 1046 989 et
1066 946 1111 991 in
1134 956 1352 1007 tempore,
1379 964 1480 992 cum

91 1015 146 1058 sit
167 1014 253 1058 vita
272 1023 454 1070 aeterna,
477 1030 637 1059 vocans
654 1015 912 1074 temporales
926 1051 936 1070 ‚
958 1014 1118 1060 faciens
1141 1027 1324 1062 aeternos
1345 1018 1354 1061 l
1377 1021 1483 1063 Haec

92 1086 312 1144 generatio
333 1086 674 1143 generationum.
697 1086 928 1131 Generatio
947 1087 1063 1131 enim
1079 1087 1214 1143 vadit,
1236 1098 1277 1132 et
1303 1104 1484 1148 genera-

91 1155 152 1198 tio
172 1155 334 1199 venit3.
373 1158 430 1199 Et
449 1155 604 1199 videtis
628 1156 925 1214 generationes
958 1157 1187 1201 hominum
1218 1159 1277 1203 sic
1315 1174 1403 1203 esse
1434 1160 1481 1204 in

92 1234 205 1269 terra
219 1260 231 1280 ,
255 1234 463 1284 tanquam
484 1225 529 1268 in
552 1225 705 1269 arbore
729 1225 859 1282 folia3
884 1226 959 1270 sed
982 1226 1027 1270 in
1049 1228 1203 1271 arbore
1225 1227 1351 1272 olivae
1371 1264 1382 1284 ‚
1411 1229 1483 1273 vel

89 1294 217 1350 lauri,
236 1294 306 1339 vel
323 1296 534 1355 cujusque
555 1295 733 1340 alterius
755 1312 854 1356 quae
879 1305 972 1341 toto
991 1305 1187 1357 tempore
1208 1297 1364 1343 fronde
1382 1315 1482 1343 ves-

91 1366 165 1409 tita
190 1375 269 1409 est.
299 1366 366 1410 Sic
390 1375 602 1425 tanquam
630 1365 733 1410 folia
758 1382 892 1424 genus
914 1367 1154 1412 humanum
1178 1378 1291 1413 terra
1308 1378 1478 1429 portat3

89 1435 217 1495 plena
239 1445 302 1479 est
331 1436 579 1480 hominibus
597 1472 607 1491 ,
633 1436 709 1480 sed
732 1437 838 1481 dum
863 1437 952 1481 aliis
976 1438 1261 1483 morientibus
1284 1440 1355 1482 alii
1378 1455 1481 1483 nas-

90 1505 230 1550 cendo
254 1506 507 1550 succedunt.
537 1509 714 1566 Semper
736 1507 850 1550 enim
880 1507 1009 1551 arbor
1026 1508 1098 1552 illa
1121 1518 1238 1553 veste
1256 1510 1383 1553 viridi
1407 1526 1480 1553 or-

88 1586 190 1621 nata
223 1586 286 1621 est
312 1596 320 1621 :
353 1576 428 1620 sed
461 1577 624 1621 subter?
649 1578 827 1622 attende
855 1594 988 1638 quam
1021 1579 1159 1624 multa
1192 1580 1329 1625 calces
1359 1581 1477 1625 arida

89 1647 209 1692 folia.

148 1721 228 1762 XI.
256 1719 371 1775 Ergo
393 1717 478 1762 fuit
501 1720 722 1777 generatio
753 1720 834 1764 sub
862 1719 1017 1775 Adam,
1039 1721 1220 1765 transiit.
1247 1723 1346 1767 Nati
1379 1732 1480 1767 sunt

88 1789 192 1832 inde
224 1789 402 1848 quidam
434 1787 571 1832 futuri
602 1789 832 1849 participes
865 1791 1115 1835 aeternitatis
1148 1792 1226 1835 Dei
1250 1794 1379 1837 etiam
1402 1792 1478 1836 illo

86 1869 307 1918 tempore.-
330 1858 432 1902 inde
448 1860 562 1902 onim
586 1859 713 1914 Abel,
737 1860 838 1904 inde
859 1862 977 1915 Seth,
1004 1861 1106 1905 inde
1126 1863 1320 1906 Enoch&
1341 1866 1480 1907 Tran-

85 1930 154 1974 siit
177 1929 251 1972 illa
274 1930 514 1987 generatio,
548 1930 669 1973 venit
690 1930 904 1974 diluvium
921 1967 931 1985 ‚
957 1933 1162 1976 remansit
1180 1949 1268 1976 una
1300 1934 1474 1978 domus.

88 2003 144 2043 Et
177 1998 252 2042 illa
276 1999 496 2057 generatio
520 1997 642 2041 dedit
675 1999 841 2058 aliquos
859 2035 869 2055 ‚
893 2001 1032 2059 ipsum
1050 2004 1142 2045 Noe
1159 2037 1169 2056 ‚
1196 2011 1239 2045 et
1262 2012 1345 2047 tres
1368 2004 1478 2048 filios

87 2071 178 2130 ejus
197 2105 207 2124 ‚
234 2078 277 2113 et
294 2079 379 2113 tres
396 2085 531 2114 nurus
554 2071 643 2129 ejus
661 2089 669 2114 :
697 2071 741 2113 in
758 2079 848 2114 tota
865 2072 980 2115 enim
1002 2072 1133 2117 domo
1153 2073 1232 2117 ista
1255 2076 1477 2120 octonaria

87 2141 202 2186 solus
220 2157 333 2184 unus
355 2150 554 2200 peccator
572 2142 773 2185 inventus
791 2145 892 2185 esth.
920 2144 1108 2188 Accessit
1126 2160 1330 2189 numerus
1349 2162 1479 2206 supe-

87 2211 189 2256 riori
211 2211 491 2269 generationi.
508 2210 675 2254 Deinde
697 2212 751 2254 de
776 2211 912 2256 tribus
935 2212 1032 2257 filiis
1054 2216 1161 2268 Noe,
1188 2224 1399 2275 tanquam
1421 2217 1476 2261 de

88 2281 229 2325 tribus
263 2281 474 2324 mensuris
507 2279 686 2336 farinae,
721 2281 926 2340 impletus
959 2293 1021 2327 est
1056 2284 1186 2328 orbis.
1212 2285 1389 2330 Electus
1413 2296 1477 2331 est

88 2351 309 2395 Abraham
325 2386 335 2405 ‚
362 2353 478 2394 Isaac
495 2386 506 2405 ,
533 2360 576 2395 et
597 2352 733 2395 Jacob
753 2387 764 2407 ‚
789 2354 924 2397 sancti
945 2355 1025 2398 viri
1041 2391 1052 2410 ⁷
1070 2356 1327 2414 patriarchas
1343 2391 1354 2411 ⁷
1379 2356 1474 2416 pla-

88 2430 276 2465 cuerunt
296 2424 401 2466 Deo.
426 2421 556 2466 Dedit
576 2432 620 2466 et
645 2422 718 2467 illa
751 2425 969 2482 generatio
991 2435 1220 2486 sequentes
1242 2427 1369 2471 etiam
1399 2443 1474 2487 ge-

137 2524 146 2539 ¹
167 2517 265 2549 Exod.
286 2529 334 2558 111,
352 2518 403 2550 15.
429 2535 472 2541 -—
492 2521 610 2552 ²Joan.
636 2530 670 2560 1,
692 2519 721 2551 3.
745 2537 785 2542 —
812 2518 825 2543 3
843 2521 950 2553 Eccle.
972 2533 994 2562 1,
1019 2521 1051 2563 4.
1072 2539 1113 2545 -
1134 2521 1149 2551 4
1174 2525 1252 2555 Gen.
1272 2534 1318 2565 vx,
1344 2534 1395 2565 17,
1417 2524 1468 2557 18.

91 2590 132 2596 —
152 2571 294 2614 ⁵1d.1x,
308 2583 361 2606 22.
