1848 3261
416 221 658 254 ENARRATIO
690 226 736 255 m
766 224 969 256 »SALMUM
998 230 1112 258 CXIX.
1369 222 1453 264 545

76 305 97 329 »
118 301 197 333 nec
208 290 321 333 auris
333 290 512 347 audivit,
524 308 604 337 nec
620 293 666 336 in
678 307 753 337 cor
767 292 954 337 hominis
968 295 1182 355 ascendit3
1201 300 1457 357 »quomodo

73 357 158 402 dici
191 369 360 418 posset,
401 377 490 421 quo
516 362 838 407 ascendendum
866 365 960 407 est?
977 364 1081 409 Ideo
1118 381 1219 410 cum
1247 368 1332 413 dici
1367 386 1457 415 non

72 439 229 488 posset,
246 432 304 476 ait
322 451 331 477 :
353 451 374 474 «
391 435 443 477 In
457 433 602 478 locum
616 448 746 494 quem
758 433 982 494 disposuit.
999 453 1019 476 »
1037 436 1154 489 Quid
1169 438 1247 481 tibi
1262 439 1358 497 plus
1370 441 1456 485 dic-

71 507 194 544 turus
216 517 311 545 sum
330 503 407 546 ait
427 504 559 549 homo
575 519 654 564 per
687 519 820 563 quem
843 505 1027 564 Spiritus
1051 516 1224 551 sanctus
1244 507 1457 568 loqueba-

72 573 172 615 tur?
193 572 239 616 in
259 572 407 617 locum
427 574 576 630 talem,
599 583 675 619 aut
696 574 846 619 locum
870 575 1030 620 talem?
1045 577 1271 638 Quidquid
1292 578 1455 636 dixero,

71 649 291 685 terrenum
324 643 510 701 cogitas,
538 644 661 688 humi
693 646 830 705 repis,
862 661 1037 690 carnem
1065 656 1211 706 portas
1242 668 1252 693 ι
1287 651 1455 709 Corpus

70 712 191 770 quod
211 713 504 773 corrumpitur
526 724 728 774 aggravat
749 715 938 760 animam
955 751 966 771 ,
993 725 1036 760 et
1060 717 1262 777 deprimit
1286 728 1455 765 terrena

71 783 335 832 inhabitatio
370 800 542 830 sensum
564 785 702 830 multa
733 786 1009 844 cogitantem.
1035 788 1117 832 Cui
1143 787 1329 848 loquar?
1361 792 1457 851 quis

70 853 297 898 auditurus
314 857 411 899 est?
433 856 529 915 quis
551 855 691 914 capiet
710 889 721 910 ,
750 856 829 900 ubi
857 857 1017 901 erimus
1043 867 1141 917 post
1161 859 1274 903 hanc
1292 860 1424 905 vitam
1442 897 1453 917 ,

68 924 102 968 si
120 924 164 967 in
177 925 308 969 corde
327 924 675 970 ascenderimus?
696 926 807 980 Quia
832 941 935 985 ergo
958 942 1108 983 nemo,
1127 944 1250 988 spera
1264 930 1454 991 aliquem

69 994 334 1039 ineffabilem
356 996 635 1041 beatitudinis
666 996 841 1052 locum,
867 1012 999 1057 quem
1023 999 1105 1042 tibi
1138 999 1349 1059 disposuit
1380 1002 1457 1062 qui

67 1065 337 1110 ascensiones
354 1067 481 1111 etiam
506 1067 552 1111 in
573 1067 704 1111 corde
722 1076 800 1112 tuo
814 1066 1040 1127 disposuit.
1062 1069 1148 1114 Sed
1165 1070 1242 1113 ubi
1257 1074 1274 1113 ‘2
1289 1074 1339 1115 In
1358 1087 1457 1116 con-

67 1135 178 1179 valle
199 1136 468 1195 plorationis.
494 1136 713 1182 Convallis
734 1136 1025 1182 humilitatem
1057 1139 1297 1197 significat,
1332 1156 1457 1186 mons

67 1205 368 1250 celsitudinem
387 1207 704 1266 significat.Est
725 1222 866 1261 mons,
887 1224 976 1268 quo
994 1207 1275 1254 ascendamus
1295 1245 1305 1264 ,
1330 1213 1458 1271 spiri-

68 1274 164 1319 talis
179 1275 382 1336 quaedam
404 1275 633 1321 celsitudo.
658 1279 716 1320 Et
732 1278 828 1336 quis
853 1285 916 1321 est
937 1277 1015 1321 istc
1033 1292 1179 1333 mons,
1203 1295 1292 1340 quo
1309 1296 1460 1326 ascen-

70 1345 235 1402 dimus,
257 1346 338 1390 nisi
361 1347 573 1391 Dominus
599 1350 722 1391 Jesus
745 1347 973 1392 Christus?
1005 1350 1104 1407 Ipse
1140 1349 1221 1393 tibi
1252 1348 1356 1396 fecit
1379 1367 1459 1411 pa-

67 1415 216 1460 tiendo
238 1415 479 1460 convallem
502 1415 777 1475 plorationis,
803 1417 878 1476 qui
898 1414 1001 1461 fecit
1020 1417 1238 1463 manendo
1260 1430 1455 1466 montem

67 1485 340 1531 ascensionis.
375 1483 493 1538 Quid
517 1494 581 1529 est
615 1484 735 1529 vallis
767 1485 1052 1544 plorationis?
1083 1489 1320 1533 «Verbum
1356 1507 1456 1538 caro

69 1573 89 1597 »
124 1554 288 1600 factum
317 1564 406 1610 est,
441 1564 484 1599 et
503 1554 718 1599 habitavit
747 1555 793 1598 in
823 1556 951 1600 nobis
969 1559 1001 1599 2.
1038 1575 1059 1597 »
1090 1557 1208 1610 Quid
1236 1569 1298 1603 est
1332 1561 1455 1607 vallis

64 1626 318 1686 plorationis
332 1627 377 1667 3?
398 1624 592 1669 Praebuit
615 1625 875 1684 percutienti
898 1640 942 1668 se
963 1625 1182 1671 maxillam
1196 1663 1207 1682 ,
1240 1639 1456 1678 saturatus

66 1706 130 1741 est
151 1695 394 1756 opprobriis
410 1695 442 1738 4.
465 1693 583 1747 Quid
611 1703 674 1738 est
690 1692 813 1738 vallis
837 1694 1121 1753 plorationis?
1149 1698 1455 1759 Colaphizatus

65 1776 149 1822 est,
169 1767 305 1826 sputis
321 1764 502 1809 illinitus
519 1799 530 1819 ,
561 1764 692 1823 spinis
714 1773 944 1809 coronatus
958 1799 969 1818 ‚
994 1766 1221 1812 crucifixus
1243 1779 1320 1814 est.
1347 1774 1453 1818 Haec

65 1846 128 1881 est
143 1835 266 1881 vallis
288 1834 561 1894 plorationis,
583 1834 701 1877 unde
714 1834 792 1878 tibi
809 1834 1133 1880 ascendendum
1155 1848 1232 1883 est.
1261 1840 1343 1885 Sed
1361 1859 1450 1903 quo

66 1904 390 1952 ascendendum
411 1905 498 1947 est?
520 1922 540 1945 «
558 1907 608 1947 In
625 1903 838 1963 principio
861 1913 953 1950 erat
965 1904 1178 1962 Verbum,
1199 1917 1242 1952 et
1257 1910 1451 1957 Verbum

68 1995 89 2019 >›
124 1985 216 2020 erat
237 1973 355 2034 apud
377 1977 539 2028 Deum,
560 1982 604 2018 et
627 1976 740 2017 Deus
759 1982 850 2018 erat
868 1974 1106 2019 Verbum⁵.
1130 1994 1150 2017 »
1170 1980 1317 2036 Ipsum
1333 1982 1448 2027 enim

69 2067 89 2091 «
124 2047 320 2091 Verbum
342 2059 441 2089 caro
453 2044 618 2088 factum
631 2052 710 2098 cst,
724 2054 767 2088 et
784 2044 1049 2090 habitavitin
1067 2047 1206 2091 nobis.
1227 2066 1246 2089 »
1267 2050 1334 2095 Sic
1350 2051 1448 2097 des-

64 2116 211 2163 cendit
229 2115 284 2160 ad
306 2125 348 2160 te
365 2150 376 2170 ,
405 2124 452 2159 ut
469 2124 663 2158 maneret
684 2113 730 2158 in
746 2129 790 2158 se
812 2132 820 2158 ε
846 2113 1070 2160 descendit
1091 2116 1145 2160 ad
1169 2126 1237 2174 te,
1262 2129 1311 2164 ut
1324 2122 1446 2169 fieret

65 2189 144 2233 tibi
161 2185 367 2231 convallis
388 2183 639 2244 plorationis
658 2204 669 2242 ς
685 2184 840 2228 mansit
853 2184 898 2227 in
920 2199 963 2229 se
979 2219 991 2239 ,
1019 2194 1069 2229 ut
1090 2196 1197 2231 esset
1217 2189 1298 2233 tibi
1319 2206 1444 2239 mons

64 2257 336 2305 ascensionis.
371 2275 390 2298 «
416 2256 510 2301 Erit
524 2290 535 2311 ,
568 2255 711 2316 inquit
750 2258 905 2312 Isa'i'as‚
936 2256 982 2300 iu
1014 2258 1251 2304 novissimis
1289 2261 1444 2311 diebus

66 2350 88 2374 υ
104 2327 353 2374 manifestus
367 2342 490 2371 mons
498 2327 671 2372 Domini
684 2335 857 2386 paratus
868 2327 911 2369 in
924 2328 1146 2372 cacumine
1158 2333 1406 2381 montium0'.
1418 2357 1438 2380 »

64 2406 177 2448 Ecce
193 2416 280 2462 quo
298 2398 619 2443 ascendendum
632 2407 708 2442 est.
732 2396 815 2442 Sed
837 2397 927 2442 noli
953 2397 1118 2459 aliquid
1141 2409 1359 2450 terrenum
1378 2424 1447 2455 co.

117 2504 124 2519 ¹
146 2500 218 2539 Sap.
239 2507 283 2536 ix,
305 2495 368 2527 5.-
403 2502 415 2517 ²
435 2491 845 2536 Joan.1‚14.—-³Thren.
867 2491 1031 2529 1¹1,30.-›·-
1050 2491 1064 2520 4
1086 2494 1199 2527 matth.
1217 2502 1386 2547 xxvustzss⁴
1401 2523 1444 2533 h

66 2555 80 2578 5
99 2557 190 2587 Joan.
211 2566 236 2595 1,
260 2565 285 2584 1.
309 2570 345 2573 »—
363 2553 464 2584 bis-21.
484 2563 517 2594 n,
538 2561 570 2584 2.

229 2618 384 2648 cxviii.
1261 2614 1311 2654 35
