1848 3261
422 258 662 287 ΕΝΑ1111ΑΤ10
694 260 739 286 IN
771 256 973 287 PsALMUM
1005 261 1076 287 c11.
1361 252 1416 292 65

40 324 168 368 tionis
187 323 502 379 devitantibus,
530 324 605 383 qui
633 324 838 370 volebant
868 323 1042 379 sedere,
1066 338 1180 367 unus
1204 325 1258 368 ad
1277 325 1421 371 dexte-

39 409 153 448 ram,
185 394 292 439 alius
311 393 365 438 ad
387 395 615 439 sinistram.
642 395 754 448 Quid
777 411 880 454 ergo
903 396 995 439 ait?
1023 413 1043 437 «
1070 395 1250 440 Potestis
1273 396 1423 443 bibere

41 482 62 505 »
76 464 271 521 calicem,
291 481 421 525 quem
441 481 520 524 ego
533 466 749 510 bibiturus
770 468 955 510 sum1PJ
959 482 1027 509 am
1044 480 1144 525 ergo
1161 469 1328 525 Martyr
1349 484 1423 528 pa-

38 544 155 579 ratus
174 535 230 579 ad
249 536 468 580 victimam
491 546 683 580 sanctam
704 535 808 580 dicit
822 571 832 591 ,
853 556 872 578 «
890 535 1078 581 Calicem
1097 536 1292 582 salutaris
1315 539 1424 583 acci-

40 623 61 647 »
96 606 227 665 piam.
266 625 285 647 »
311 607 533 666 Accipiam
569 607 747 651 calicem
781 607 962 662 Christi,
997 607 1144 651 bibam
1179 609 1423 667 passionem

37 676 226 720 Domini.
244 678 359 720 Cave
374 691 429 719 ne
441 676 627 721 deficias.
643 676 742 732 Sed,
759 696 779 719 α
794 680 961 722 Nomen
974 678 1147 722 Domini
1162 679 1421 724 invocabo.»

36 747 121 799 Qui
135 762 237 805 ergo
260 746 514 790 defecerunt
531 781 541 800 ,
559 746 794 791 Dominum
810 762 897 791 non
913 747 1249 804 invocaverunt,
1276 750 1330 794 de
1348 765 1426 795 sua

35 816 294 860 fortitudine
320 826 703 876 praesumpserunt.
731 819 796 860 Tu
817 817 876 862 sic
899 817 1054 872 redde,
1075 826 1125 862 ut
1147 827 1189 862 te
1212 820 1426 879 accepisse

36 887 155 946 quod
197 886 338 931 reddis
363 887 624 930 memineris.
673 887 741 934 Sic
778 903 880 946 ergo
913 887 1144 932 benedicat
1179 890 1321 934 anima
1353 900 1428 936 tua

36 957 295 1012 Dominum,
331 965 380 1000 ut
402 972 492 1000 non
516 956 797 1001 obliviscatur
820 973 969 1002 omnes
986 959 1293 1004 retributiones
1316 963 1424 1021 ejus.

94 1031 146 1072 V.
173 1028 334 1072 Audite
357 1043 507 1071 omnes
530 1027 840 1073 retributiones
864 1035 968 1085 ejus.
1000 1049 1019 1071 «
1045 1030 1126 1082 Qui
1146 1031 1359 1090 propitius
1378 1033 1428 1076 fit

39 1118 58 1141 »
94 1099 297 1143 omnibus
320 1099 620 1158 iniquitatibus
644 1100 750 1154 tuis,
783 1101 860 1159 qui
883 1111 1004 1144 sanat
1026 1117 1175 1145 01111165
1197 1101 1428 1160 languores

39 1188 58 1211 »
94 1178 206 1214 tuos.
234 1169 319 1221 Qui
342 1168 515 1212 redimit
537 1168 591 1212 de
616 1170 897 1228 corruptione
922 1171 1057 1215 vitam
1079 1181 1198 1216 tuam
1216 1208 1226 1228 ,
1252 1174 1328 1233 qui
1349 1189 1426 1218 co-

37 1258 58 1281 »
94 1249 219 1283 ronat
248 1248 292 1283 te
323 1239 369 1282 in
398 1239 672 1283 miseratione
695 1248 737 1283 et
774 1239 1081 1285 misericordia.
1120 1243 1201 1295 Qui
1230 1244 1356 1288 satiat
1381 1245 1427 1289 in

36 1329 56 1352 »
97 1310 223 1355 1101115
256 1308 516 1354 desiderium
542 1319 668 1353 tuum
701 1330 709 1354 :
738 1311 1020 1356 renovabitur
1047 1313 1159 1356 sicut
1177 1314 1334 1374 aquilae
1347 1316 1424 1375 ju-

36 1400 56 1424 »
92 1390 247 1426 ventus
282 1389 356 1424 tua
377 1384 409 1423 2.
454 1400 471 1421 »
516 1382 629 1424 Eece
662 1381 982 1425 retributiones.
1025 1382 1139 1435 Quid
1182 1383 1427 1430 debebatur

32 1451 273 1512 peccatori,
301 1450 381 1494 nisi
409 1449 838 1510 suppliciuinP·quid
869 1451 1111 1495 debebatur
1137 1452 1392 1513 blasphemo
1409 1491 1420 1512 ,

32 1525 113 1568 nisi
145 1522 340 1582 gehenna
365 1522 473 1580 ignis
507 1521 725 1566 ardentis?
747 1524 844 1567 Non
877 1522 966 1581 ipsa
993 1523 1195 1569 retribuit
1230 1544 1238 1569 :
1264 1542 1318 1569 no
1347 1543 1422 1571 ex-

31 1610 258 1654 pavescas,
299 1608 354 1636 ne
392 1594 690 1647 exhorrescas,
720 1608 775 1635 116
808 1593 901 1635 51116
930 1608 1075 1638 amore
1113 1595 1275 1640 timeas.
1321 1598 1421 1643 Noli

31 1665 227 1710 oblivisci
249 1678 398 1708 omnes
420 1662 726 1706 retributiones
750 1664 841 1722 ejus
869 1663 1029 1720 bonas,
1051 1673 1093 1708 et
1115 1675 1284 1710 mutare
1295 1668 1385 1727 jam
1403 1705 1414 1724 ,

31 1752 86 1780 ne
118 1734 346 1795 experiaris
381 1733 688 1776 retributiones
726 1733 841 1792 ejus,
864 1733 970 1793 quid
995 1733 1164 1778 dicam?
1190 1736 1353 1781 malas?
1373 1739 1417 1783 Si

24 1807 161 1866 justas
176 1841 186 1861 ,
211 1821 301 1849 non
316 1803 464 1847 malas.
493 1802 561 1847 Ad
580 1811 621 1846 te
639 1819 742 1861 ergo
760 1802 893 1846 malas
915 1819 922 1843 τ
943 1804 996 1847 ad
1015 1808 1154 1848 Deum
1173 1815 1318 1851 autem
1335 1824 1416 1853 nec

30 1878 124 1920 haec
142 1891 238 1936 quae
252 1875 407 1934 pateris
424 1873 537 1916 mala
549 1908 559 1927 ,
579 1872 690 1916 mala
707 1882 808 1916 sunt
824 1894 834 1929 3
855 1873 888 1916 si
902 1873 1016 1916 enim
1032 1875 1144 1932 justa
1157 1886 1283 1932 sunt,
1300 1878 1416 1924 bona

29 1956 132 1991 sunt
153 1966 162 1990 z
183 1945 258 1990 sed
279 1945 360 1988 tibi
387 1943 566 2002 patienti
597 1943 691 1987 haec
715 1943 827 1986 mala
857 1953 973 1987 sunt.
1008 1948 1104 1989 Non
1139 1948 1200 1991 vis
1223 1958 1273 1992 ut
1300 1950 1415 1996 mala

30 2017 117 2061 sint
137 2015 243 2070 tibi,
269 2029 366 2074 quae
383 2014 497 2072 justa
519 2021 620 2055 sunt
651 2013 759 2055 Dei?
781 2015 878 2057 Non
901 2014 955 2057 sit
975 2015 1088 2059 mala
1109 2016 1155 2060 in
1177 2030 1415 2078 conspectu

30 2087 108 2132 Dei
130 2085 335 2145 iniquitas
359 2093 446 2127 tua.
468 2085 565 2128 Non
582 2082 699 2126 enim
719 2084 900 2128 cessavit
913 2099 1089 2141 vocare,
1116 2097 1191 2132 aut
1207 2101 1412 2136 vocatum

29 2156 220 2216 neglexit
240 2156 473 2209 instruere,
501 2162 575 2197 aut
596 2153 858 2198 instructum
883 2157 1062 2201 cessavit
1081 2160 1311 2217 perficere,
1337 2173 1413 2208 aut

29 2227 272 2287 perfectum
294 2224 483 2283 neglexit
513 2239 734 2268 coronare.
767 2225 882 2278 Quid
906 2226 1040 2271 dicis?
1059 2229 1168 2280 Quia
1190 2247 1232 2275 es
1258 2247 1412 2291 peeca-

29 2300 127 2343 tor?
147 2299 431 2349 Convertere,
454 2305 498 2339 et
520 2295 666 2354 accipe
689 2295 992 2341 retributiones
1005 2297 1132 2357 istas3
1154 2319 1173 2343 «
1196 2304 1412 2362 Propitius

32 2386 52 2411 »
88 2368 139 2412 fit
154 2367 356 2412 omnibus
374 2365 674 2425 iniquitatibus
688 2366 785 2410 tuis.
805 2385 825 2408 >›
844 2370 945 2411 Post
960 2369 1251 2416 remissionem
1265 2389 1415 2433 peeca-

30 2447 176 2484 torum
198 2453 353 2496 corpus
392 2436 615 2480 infirmum
641 2436 750 2494 geris
768 2471 779 2491 ,
817 2453 988 2482 necesse
1010 2449 1073 2483 est
1096 2441 1180 2485 sint
1211 2444 1414 2503 quaedam

31 2508 241 2554 desideria
263 2505 451 2552 carnalia
472 2522 570 2566 quae
592 2515 635 2550 te
652 2506 855 2565 titillent,
877 2517 919 2554 et
940 2525 1039 2570 quae
1067 2511 1150 2556 tibi
1181 2528 1415 2574 suggerant

79 2603 88 2619 ¹
114 2594 238 2628 Matth:
254 2602 309 2634 xx,
330 2601 383 2625 22.
403 2608 445 2616 -
464 2598 477 2616 ²
493 2590 574 2625 psal.
593 2601 647 2632 611,
668 2590 739 2624 3-5.

199 2657 355 2689 cxviii,
1209 2652 1234 2694 5
