1848 3261
406 220 486 258 178
831 228 864 254 s.
901 226 1130 255 Ancus‘nm
1163 228 1344 255 EPISCOPI

397 292 633 354 aliquando
664 305 872 350 magnum
905 300 1264 350 procuratorem3
1303 306 1505 350 magnam
1525 297 1784 351 potestatem

395 363 512 407 illius
534 377 623 407 esse
645 361 911 406 arbitrantur
927 396 938 416 ,
963 361 1067 421 quia
1088 362 1199 422 quid
1224 361 1464 421 perdiderit
1486 360 1701 405 nesciunt.
1726 361 1785 402 Et

392 442 540 478 tamen
555 468 566 488 ‚
589 432 743 476 fratres
772 431 857 475 mei
874 466 885 486 ,
912 432 1110 475 ostiarius
1134 431 1206 475 ille
1227 466 1239 487 ,
1262 432 1316 475 de
1340 448 1430 492 quo
1452 431 1539 475 dixi
1555 466 1566 486 ‚
1587 429 1644 475 ad
1664 428 1784 472 simi-

394 501 627 547 litudinem
657 503 814 546 domus
850 515 1017 559 magnae
1044 502 1174 561 hujus
1202 510 1414 556 terrenae,
1453 510 1598 561 potest
1619 499 1785 560 aliquid

394 573 536 617 facere
557 573 775 616 nesciente
797 569 975 615 domino
998 587 1097 627 suo,
1124 581 1169 616 et
1189 572 1368 616 turbare
1386 571 1577 631 aliquem
1597 570 1674 615 illo
1695 585 1787 614 non

387 643 572 703 jubente
593 662 602 687 ε
625 643 704 686 iste
727 650 874 685 autem
895 656 975 685 nec
995 642 1050 685 ad
1072 641 1194 686 illam
1209 637 1390 702 januam
1414 642 1579 701 positus
1600 650 1680 696 est,
1696 655 1785 700 qua

394 715 605 758 intramus
628 712 684 757 ad
712 716 865 756 Deum.
891 713 1088 757 Christus
1110 722 1172 758 est
1207 714 1325 757 enim
1354 713 1428 757 illa
1451 714 1609 774 janua,
1644 721 1689 756 et
1707 726 1786 771 per

394 785 618 829 Christum
639 784 849 827 intramus
871 782 926 827 ad
947 783 1083 827 vitam
1105 794 1315 828 aeternam
1331 786 1362 827 ¹.
1391 783 1477 829 Sed
1498 792 1561 827 est
1582 781 1789 843 quaedam

388 855 537 914 janua,
557 870 644 914 qua
660 854 849 898 intratur
866 854 912 897 in
936 854 1018 898 hoc
1041 854 1267 909 saeculum,
1293 856 1430 913 janua
1452 852 1656 914 quaedam
1678 868 1789 897 mor-

393 924 596 969 talitatis:
614 925 727 969 circa
741 924 822 968 ista
839 924 1024 967 infirmae
1041 925 1180 968 carnis
1198 925 1328 984 hujus
1344 923 1608 968 detrimenta
1628 932 1672 966 et
1692 938 1791 982 sup-

393 994 635 1054 plementa,
669 994 724 1039 ad
754 994 880 1038 istam
909 995 1090 1054 januam
1121 995 1247 1055 quasi
1270 995 1452 1055 quidam
1471 994 1668 1038 ostiarius
1687 1003 1752 1037 est
1776 1011 1787 1037 :

393 1065 466 1109 hic
486 1065 620 1109 habet
641 1073 901 1124 potestatem
924 1065 969 1108 in
988 1065 1069 1110 isto
1087 1066 1194 1109 mari
1211 1101 1221 1120 ‚
1248 1081 1335 1126 qua
1357 1081 1488 1109 naves
1507 1072 1754 1108 commeant
1774 1083 1786 1121 3

393 1134 468 1179 sed
489 1151 580 1179 non
601 1144 767 1179 tantam
785 1144 835 1179 ut
852 1133 983 1179 faciat
998 1135 1165 1196 aliquid
1179 1136 1398 1180 nesciente
1419 1145 1496 1179 aut
1513 1134 1691 1179 nolente
1708 1137 1792 1178 Do-

394 1206 513 1250 mino
541 1221 634 1249 suo.
666 1207 729 1251 Ne
763 1203 874 1249 forte
908 1204 1063 1266 aliquis
1099 1207 1216 1251 dicat
1245 1226 1254 1250 :
1283 1205 1479 1250 Perdidit
1513 1205 1695 1266 quidem
1716 1203 1790 1248 ille

395 1291 600 1334 magnam
623 1284 881 1334 potestatem
899 1276 1173 1334 superiorum
1197 1286 1487 1335 apparatuum
1508 1296 1518 1320 :
1547 1275 1623 1319 sed
1644 1289 1724 1332 ego
1744 1274 1792 1319 in

398 1346 465 1389 his
482 1346 640 1389 infimis
663 1360 760 1389 sum
776 1380 787 1400 ,
812 1346 883 1390 hic
913 1361 982 1389 me
1011 1355 1154 1405 potest
1174 1346 1335 1389 habere
1356 1346 1401 1389 in
1423 1354 1662 1405 potestate,
1683 1359 1793 1404 opus

399 1426 530 1461 estut
551 1416 731 1460 serviam
755 1415 832 1459 illi.
858 1416 957 1461 Noli
990 1415 1082 1460 falli
1097 1451 1109 1470 ‚
1147 1417 1268 1461 novit
1290 1426 1333 1460 te
1358 1417 1568 1460 Dominus
1590 1425 1692 1459 tuus
1713 1436 1724 1472 3
1749 1425 1795 1460 et

399 1489 459 1531 sic
489 1496 532 1531 te
562 1487 709 1541 novit,
744 1495 795 1529 ut
824 1485 1002 1545 capillos
1036 1495 1132 1529 tuos
1168 1487 1327 1530 habeat
1348 1488 1642 1529 numeratos2.
1675 1484 1793 1538 Quid

398 1573 499 1617 ergo
522 1559 679 1602 times?
703 1560 965 1607 Tentaturus
982 1566 1047 1601 est
1062 1556 1175 1601 forte
1197 1572 1373 1601 carnem
1392 1567 1514 1601 tuam
1535 1576 1544 1601 :
1566 1556 1793 1616 flagellum

399 1639 463 1673 est
484 1627 652 1673 Domini
673 1628 762 1683 tui,
800 1643 891 1671 non
919 1636 1108 1686 potestas
1140 1629 1364 1672 tentatoris
1392 1629 1475 1672 tui.
1504 1626 1612 1672 Vult
1634 1642 1792 1672 nocere

402 1699 530 1744 saluti
562 1714 662 1758 quae
695 1698 995 1757 promittitur,
1025 1698 1103 1742 sed
1123 1713 1213 1742 non
1234 1699 1505 1758 permittitur
1529 1718 1538 1743 ε
1573 1707 1623 1742 ut
1645 1708 1794 1743 autem

403 1785 492 1813 non
511 1769 802 1828 permittatur,
816 1768 930 1811 habe
946 1776 1077 1826 caput
1094 1768 1316 1813 Christum
1335 1789 1346 1827 3
1362 1768 1525 1828 repelle
1541 1777 1674 1828 caput
1692 1767 1795 1812 dra-

404 1840 539 1894 conis,
557 1838 819 1897 suggestioni
836 1839 928 1898 ejus
949 1837 1036 1881 noli
1060 1839 1319 1894 consentire,
1338 1854 1362 1882 a
1386 1839 1458 1883 via
1480 1848 1557 1883 tua
1577 1838 1668 1883 noli
1682 1837 1790 1883 labi.

410 1929 432 1952 «
466 1913 604 1954 Draco
634 1909 700 1952 hic
723 1923 855 1968 quem
875 1907 1033 1951 finxisti
1055 1907 1111 1951 ad
1127 1907 1402 1952 illudendum
1424 1908 1481 1952 ei.
1506 1926 1527 1950 >›

464 1983 541 2025 XI.
563 1983 673 2026 Nam
693 1980 756 2023 vis
775 1979 922 2024 videre
944 1995 1078 2039 quam
1101 1995 1191 2023 non
1212 1979 1293 2023 tibi
1314 1989 1470 2025 noceat
1483 2015 1495 2035 ‚
1519 1978 1600 2023 nisi
1621 1979 1796 2039 permis-

407 2053 510 2096 sus?
536 2070 557 2093 ‹<
590 2050 771 2105 Omnia,
802 2049 968 2109 inquit,
1005 2065 1028 2093 a
1056 2059 1098 2093 te
1121 2059 1371 2109 expectant,
1412 2050 1598 2094 Domine
1614 2084 1626 2105 ,
1649 2059 1699 2094 ut
1720 2050 1797 2094 des

413 2140 433 2163 »
468 2121 550 2165 illis
569 2121 718 2165 cibum
739 2121 784 2164 in
805 2129 999 2179 tempore
1021 2121 1340 2180 opportun03.»
1353 2123 1410 2164 Et
1432 2121 1510 2165 iste
1533 2120 1663 2164 draco
1679 2135 1796 2164 man-

409 2191 568 2237 ducare
590 2191 707 2246 vult,
733 2191 809 2234 sed
829 2206 918 2235 non
940 2190 1176 2235 manducat
1197 2206 1330 2251 quem
1351 2190 1462 2236 vult.
1489 2210 1510 2232 «
1529 2191 1686 2234 Omnia
1708 2206 1733 2234 a
1754 2199 1797 2234 te

415 2284 434 2305 »
468 2271 699 2322 expectant
713 2297 724 2318 ‚
753 2261 936 2306 Domine
950 2297 961 2318 ,
987 2271 1038 2306 ut
1057 2263 1131 2306 des
1152 2261 1234 2305 illis
1259 2261 1409 2305 cibum
1431 2262 1478 2305 in
1499 2271 1695 2321 tempore
1717 2276 1797 2320 op-

417 2353 436 2374 »
472 2343 678 2393 portuno.
703 2333 859 2377 Omnia
874 2368 886 2388 ,
911 2351 930 2374 »
954 2342 996 2376 et
1017 2333 1210 2392 repentia
1233 2348 1423 2392 quorum
1444 2349 1534 2378 non
1554 2342 1620 2377 est
1645 2347 1799 2376 nume-

415 2420 507 2459 rus,
528 2414 571 2448 et
589 2403 787 2447 animalia
808 2402 963 2463 pusilla
986 2413 1029 2447 et
1045 2417 1199 2461 magna
1215 2438 1226 2459 ‚
1252 2412 1294 2447 et
1310 2404 1402 2462 ipse
1419 2403 1572 2460 draco,
1595 2411 1638 2447 et
1658 2402 1797 2447 omnis

414 2484 610 2519 creatura
633 2484 706 2518 tua
725 2509 736 2529 ‚
761 2489 847 2534 qua
863 2473 1050 2533 implesti
1073 2484 1259 2531 terram3
1286 2493 1306 2516 «
1330 2476 1487 2519 Omnia
1520 2492 1543 2519 a
1577 2483 1622 2520 te
1644 2489 1799 2533 expec-

463 2565 471 2581 1
495 2562 585 2590 joan.
604 2570 635 2598 x,
655 2569 686 2599 9.
709 2575 748 2579 —
765 2564 778 2579 ²
797 2557 908 2589 naith.
931 2569 961 2598 x,
981 2558 1030 2589 30.
1062 2574 1099 2580 -ω
1123 2557 1136 2580 3
1162 2557 1242 2590 Psal.
1259 2568 1322 2599 ciii,
1345 2566 1397 2599 27.
