1848 3261
250 208 493 240 mulinum
525 213 568 240 IN
602 209 806 242 PsALMtJM
836 213 1002 251 cxv111,
1035 211 1176 244 sEnMo
1208 217 1283 244 xx.
1373 205 1458 244 479

76 274 120 319 Si
144 284 287 320 autem
309 292 573 337 quemquam
597 286 764 333 movet,
788 293 864 321 cur
885 287 1053 337 quaerat
1069 280 1189 339 quod
1204 296 1306 325 cum
1327 281 1459 326 disci-

74 343 168 404 puli
190 355 457 406 quaererent,
482 348 687 406 Magister
708 347 931 407 respondit
964 363 972 388 t
1003 367 1023 390 (ι
1046 351 1143 394 Non
1178 364 1242 396 est
1267 361 1460 396 vestrum

77 433 97 456 »
133 416 240 460 scire
264 425 480 476 tempora,
511 434 610 478 quae
633 421 758 462 Pater
790 418 934 477 posuit
965 418 1010 462 in
1032 435 1107 464 sua
1139 430 1348 479 potestate
1367 424 1405 467 1z
1434 439 1455 463 »

74 487 164 531 Cur
184 503 275 531 non
305 488 532 533 credamus
553 489 634 534 isto
655 488 751 533 loco
785 489 942 534 Psalmi
963 491 1092 550 hujus
1114 506 1204 535 esse
1226 493 1461 551 propheta-

74 564 170 601 tum
191 558 276 602 hoc
297 559 439 617 ipsum
451 558 548 604 illos
561 559 692 603 fuisse
705 560 962 619 quaesituros
978 595 989 615 ‚
1014 570 1058 604 et
1074 560 1278 605 Ecclesiae
1289 576 1458 616 vocem,

73 642 172 686 quae
200 627 272 672 hic
296 637 419 674 tanto
440 638 540 674 ante
572 629 778 689 praedicta
800 639 884 686 est,
921 630 1097 675 illorum
1117 631 1458 691 interrogatione

73 696 362 757 completam?

132 769 186 812 V.
212 769 342 820 Quod
372 778 519 814 autem
556 770 750 830 sequitur
784 789 793 815 :
825 789 846 812 «
870 771 1166 817 Narraverunt
1191 772 1299 816 mihi
1319 772 1461 833 iniqui

76 855 97 879 »
132 835 468 898 delectatione83
492 840 567 886 sed
595 857 684 886 non
706 842 818 886 sicut
844 840 914 885 lex
939 851 1038 897 tua,
1069 844 1281 888 Domine‘2
1307 863 1316 888 :
1345 862 1365 886 »
1390 859 1461 888 eas

72 908 131 952 sic
160 908 394 954 transferre
419 909 656 956 voluerunt
697 913 954 972 interpretes
990 915 1148 969 nostri,
1190 930 1296 974 quas
1319 915 1460 959 Graeci

72 982 262 1029 ἀδολεσχία-ς
284 990 439 1025 vocant
454 1016 465 1036 ,
491 982 612 1042 quod
640 999 777 1042 usque
801 983 910 1027 adeo
927 999 1016 1028 uno
1030 985 1165 1029 verbo
1181 1001 1461 1045 nequaquam

73 1051 159 1095 dici
193 1051 326 1096 latine
368 1061 534 1111 potest,
574 1063 623 1098 ut
652 1054 786 1114 aliqui
813 1073 832 1096 «
872 1054 1213 1111 Delectationes‚
1242 1075 1262 1097 »
1303 1056 1458 1116 aliqui,

77 1140 97 1163 «
133 1121 441 1166 Fabulationes
467 1141 487 1164 »
509 1139 577 1167 eas
599 1124 793 1168 dicerent
820 1143 828 1168 :
854 1134 904 1168 ut
929 1140 1018 1168 non
1039 1125 1256 1169 immerito
1274 1126 1461 1185 accipia-

73 1199 146 1235 tur
163 1207 253 1236 esse
284 1193 462 1252 quidem
485 1193 579 1237 illas
599 1193 946 1248 exercitationes,
972 1193 1047 1238 sed
1067 1194 1112 1237 in
1134 1210 1332 1239 sermone
1361 1211 1460 1240 cum

73 1263 261 1322 quadam
281 1262 586 1307 delectatione.
609 1267 695 1308 Has
717 1280 819 1309 vero
841 1265 1006 1309 habent
1026 1266 1070 1308 in
1083 1264 1260 1310 diversis
1273 1267 1396 1310 sectis
1415 1283 1464 1311 ac

72 1331 438 1390 professionibus,
478 1342 522 1377 et
541 1334 698 1377 litterae
720 1334 947 1378 saeculares
965 1369 976 1389 ,
1002 1344 1044 1378 et
1070 1335 1327 1380 Judaeorum
1363 1353 1464 1397 quae

72 1403 321 1447 Deuterosis
350 1413 658 1463 nuncupatur,
690 1404 916 1448 continens
938 1414 1093 1464 praeter
1123 1404 1368 1450 divinarum
1391 1423 1464 1451 ca-

72 1488 233 1517 nonem
258 1474 580 1533 Scripturarum
603 1473 737 1518 millia
754 1472 1002 1519 fabularum
1028 1494 1036 1519 :
1061 1476 1193 1519 habet
1217 1492 1286 1520 eas
1309 1486 1353 1521 et
1372 1478 1467 1521 hae-

72 1543 310 1588 reticorum
337 1560 450 1589 vana
479 1553 610 1604 atque
635 1544 881 1589 errabunda
919 1544 1174 1604 loquacitas.
1203 1549 1292 1591 Hos
1315 1563 1466 1592 omnes

74 1613 249 1673 iniquos
270 1614 453 1672 intelligi
474 1615 632 1669 voluit,
659 1631 682 1659 a
700 1615 859 1675 quibus
881 1615 960 1659 sibi
982 1625 1173 1660 narratas
1197 1618 1304 1662 dicit
1325 1626 1463 1660 ἀδολεσ-

73 1692 164 1737 χίαςζ,
186 1685 232 1729 id
251 1695 314 1730 est
328 1720 338 1740 ‚
366 1687 691 1730 exercitationes
709 1685 985 1730 delectabiles
997 1688 1140 1731 verbis
1160 1707 1170 1733 2
1196 1708 1216 1730 «
1243 1690 1327 1734 Sed
1348 1707 1461 1747 non,

80 1775 98 1796 »
134 1754 303 1814 inquit,
327 1756 438 1799 sicut
451 1755 520 1798 lex
535 1765 608 1799 tua
624 1790 635 1810 ‚
661 1756 845 1800 Domine
861 1791 872 1811 ‚
894 1774 913 1796 »
931 1756 1033 1816 quia
1054 1772 1124 1800 me
1147 1757 1192 1801 in
1214 1774 1262 1803 ea
1279 1761 1435 1805 veritas
1450 1796 1461 1817 ‚

40 1821 167 1869 vnon
189 1825 322 1868 verba
344 1824 579 1869 delectant.

137 1898 212 1938 VI.
249 1895 445 1954 Denique
469 1895 666 1955 adjungit
688 1909 698 1936 τ
731 1914 751 1937 «
774 1896 928 1939 Omnia
956 1896 1159 1942 mandata
1183 1908 1257 1943 tua
1274 1902 1430 1945 veritas
1453 1921 1462 1947 2

84 1984 102 2006 »
137 1963 294 2023 injuste
328 1965 543 2023 persecuti
581 1973 682 2008 sunt
724 1979 821 2019 me⁷
848 1964 1004 2024 adjuva
1032 1968 1142 2010 me3.
1178 1986 1198 2009 »
1225 1972 1282 2013 Et
1304 1971 1467 2029 pendet

79 2042 197 2078 totus
219 2034 275 2077 de
296 2034 589 2092 superioribus
614 2049 763 2077 sensus
789 2053 798 2078 2
823 2053 843 2076 «
869 2037 986 2088 Quot
1013 2046 1115 2080 sunt
1137 2036 1228 2081 dies
1249 2041 1359 2085 servi
1376 2041 1462 2096 tui,

83 2121 104 2145 »
139 2104 316 2163 quando
329 2103 456 2148 facies
474 2103 528 2148 de
544 2104 901 2164 persequentibus
914 2105 1223 2166 mejudicium?
1239 2127 1259 2149 »
1280 2112 1336 2154 Ut
1350 2112 1466 2156 enim

81 2183 398 2234 persequantur
426 2189 497 2217 me
517 2209 528 2224 ,
554 2183 840 2218 narraverunt
871 2175 976 2219 mihi
1011 2191 1260 2222 sermonum
1285 2195 1462 2226 suorum

83 2243 391 2288 delectationes
417 2263 426 2288 :
451 2242 526 2288 sed
548 2245 606 2288 eis
636 2245 850 2304 praeposui
883 2244 1022 2303 legem
1061 2255 1208 2306 tuam3
1236 2265 1334 2309 quae
1366 2251 1465 2296 ideo

83 2315 181 2375 plus
203 2332 272 2359 me
287 2316 542 2371 delectavit,
569 2317 670 2376 quia
693 2335 714 2357 «
738 2316 895 2360 Omnia
912 2317 1116 2363 mandata
1140 2329 1213 2364 tua
1231 2322 1386 2366 veritas
1412 2343 1421 2368 ;
1441 2342 1461 2365 »

83 2401 172 2430 non
190 2385 488 2431 sicutillorum
511 2387 706 2431 abundat
723 2388 994 2432 sermonibus
1008 2390 1190 2434 vanitas.
1212 2395 1275 2436 Ac
1288 2408 1364 2452 per
1380 2394 1464 2439 hoc

88 2475 109 2499 «
143 2458 310 2517 Injuste
328 2458 543 2517 persecuti
572 2467 674 2502 sunt
701 2473 794 2512 me,
819 2476 838 2498 »
864 2459 968 2518 quia
992 2475 1081 2504 non
1097 2460 1143 2505 in
1165 2476 1234 2506 me
1254 2467 1466 2523 persecuti

133 2547 141 2563 ¹
169 2542 238 2573 Act.
257 2551 281 2582 ι,
302 2551 333 2583 7.
350 2557 391 2564 —
412 2548 424 2564 ²
443 2541 524 2575 Psal.
542 2552 653 2582 cxvlu,
669 2541 724 2574 85.
744 2558 783 2564 -
811 2539 824 2564 3
849 2542 930 2575 Ibid.
951 2543 1006 2577 86.
