<?xml version="1.0" encoding="UTF-8"?>
<!DOCTYPE html PUBLIC "-//W3C//DTD XHTML 1.0 Transitional//EN"
    "http://www.w3.org/TR/xhtml1/DTD/xhtml1-transitional.dtd">
<html xmlns="http://www.w3.org/1999/xhtml" xml:lang="en" lang="en">
 <head>
  <title>
</title>
<meta http-equiv="Content-Type" content="text/html;charset=utf-8" />
  <meta name='ocr-system' content='tesseract 3.04.00' />
  <meta name='ocr-capabilities' content='ocr_page ocr_carea ocr_par ocr_line ocrx_word'/>
</head>
<body>
  <div class='ocr_page' id='page_1' title='image "./operaomniaaccura11auguuoft_0085.png"; bbox 0 0 1848 3261; ppageno 0'>
   <div class='ocr_carea' id='block_1_1' title="bbox 429 208 1420 250">
    <p class='ocr_par' dir='ltr' id='par_1_1' title="bbox 429 208 1420 250">
     <span class='ocr_line' id='line_1_1' title="bbox 429 208 1420 250; baseline -0.002 -1"><span class='ocrx_word' id='word_1_1' title='bbox 429 218 673 250; x_wconf 74' lang='lat' dir='ltr'>ENARRATIO</span> <span class='ocrx_word' id='word_1_2' title='bbox 704 222 750 250; x_wconf 76' lang='lat' dir='ltr'>m</span> <span class='ocrx_word' id='word_1_3' title='bbox 781 219 986 249; x_wconf 74' lang='lat' dir='ltr'>PsALMUM</span> <span class='ocrx_word' id='word_1_4' title='bbox 1015 222 1087 247; x_wconf 84' lang='lat' dir='ltr'>cu.</span> <span class='ocrx_word' id='word_1_5' title='bbox 1363 208 1420 248; x_wconf 82' lang='lat'>75</span> 
     </span>
    </p>
   </div>
   <div class='ocr_carea' id='block_1_2' title="bbox 29 283 1432 2456">
    <p class='ocr_par' dir='ltr' id='par_1_2' title="bbox 29 283 1432 2315">
     <span class='ocr_line' id='line_1_2' title="bbox 43 283 1432 346; baseline -0.001 -17"><span class='ocrx_word' id='word_1_6' title='bbox 43 306 63 329; x_wconf 88' lang='lat'>»</span> <span class='ocrx_word' id='word_1_7' title='bbox 97 287 183 332; x_wconf 85' lang='lat' dir='ltr'>tuis</span> <span class='ocrx_word' id='word_1_8' title='bbox 200 321 211 341; x_wconf 88' lang='lat'>,</span> <span class='ocrx_word' id='word_1_9' title='bbox 231 287 322 346; x_wconf 81' lang='lat' dir='ltr'>jam</span> <span class='ocrx_word' id='word_1_10' title='bbox 341 301 430 330; x_wconf 90' lang='lat' dir='ltr'>non</span> <span class='ocrx_word' id='word_1_11' title='bbox 453 286 657 341; x_wconf 82' lang='lat' dir='ltr'>moritur,</span> <span class='ocrx_word' id='word_1_12' title='bbox 682 295 726 329; x_wconf 86' lang='lat' dir='ltr'>et</span> <span class='ocrx_word' id='word_1_13' title='bbox 742 300 858 329; x_wconf 87' lang='lat' dir='ltr'>mors</span> <span class='ocrx_word' id='word_1_14' title='bbox 876 284 915 327; x_wconf 89' lang='lat' dir='ltr'>ei</span> <span class='ocrx_word' id='word_1_15' title='bbox 931 283 1046 328; x_wconf 88' lang='lat' dir='ltr'>ultra</span> <span class='ocrx_word' id='word_1_16' title='bbox 1067 299 1157 328; x_wconf 91' lang='lat' dir='ltr'>non</span> <span class='ocrx_word' id='word_1_17' title='bbox 1176 283 1432 343; x_wconf 55' lang='lat' dir='ltr'>dominabi7</span> 
     </span>
     <span class='ocr_line' id='line_1_3' title="bbox 37 353 1424 416; baseline 0 -17"><span class='ocrx_word' id='word_1_18' title='bbox 37 375 60 399; x_wconf 83' lang='lat'>&gt;›</span> <span class='ocrx_word' id='word_1_19' title='bbox 95 367 168 401; x_wconf 89' lang='lat' dir='ltr'>tur</span> <span class='ocrx_word' id='word_1_20' title='bbox 184 359 214 400; x_wconf 81' lang='lat'>¹.</span> <span class='ocrx_word' id='word_1_21' title='bbox 241 375 261 397; x_wconf 87' lang='lat'>»</span> <span class='ocrx_word' id='word_1_22' title='bbox 288 360 385 416; x_wconf 91' lang='lat' dir='ltr'>Ipse</span> <span class='ocrx_word' id='word_1_23' title='bbox 415 371 518 415; x_wconf 83' lang='lat' dir='ltr'>ergo</span> <span class='ocrx_word' id='word_1_24' title='bbox 543 373 633 400; x_wconf 90' lang='lat' dir='ltr'>non</span> <span class='ocrx_word' id='word_1_25' title='bbox 660 355 818 400; x_wconf 80' lang='lat' dir='ltr'>dormit</span> <span class='ocrx_word' id='word_1_26' title='bbox 840 376 851 412; x_wconf 78' lang='lat'>3</span> <span class='ocrx_word' id='word_1_27' title='bbox 874 354 975 399; x_wconf 80' lang='lat' dir='ltr'>vide</span> <span class='ocrx_word' id='word_1_28' title='bbox 997 370 1052 398; x_wconf 85' lang='lat' dir='ltr'>ne</span> <span class='ocrx_word' id='word_1_29' title='bbox 1083 353 1190 397; x_wconf 91' lang='lat' dir='ltr'>fides</span> <span class='ocrx_word' id='word_1_30' title='bbox 1212 363 1287 397; x_wconf 87' lang='lat' dir='ltr'>tua</span> <span class='ocrx_word' id='word_1_31' title='bbox 1321 354 1424 399; x_wconf 92' lang='lat' dir='ltr'>dor-</span> 
     </span>
     <span class='ocr_line' id='line_1_4' title="bbox 34 424 1424 486; baseline -0.002 -15"><span class='ocrx_word' id='word_1_32' title='bbox 34 428 154 471; x_wconf 87' lang='lat' dir='ltr'>miat.</span> <span class='ocrx_word' id='word_1_33' title='bbox 199 427 324 471; x_wconf 84' lang='lat' dir='ltr'>Dicat</span> <span class='ocrx_word' id='word_1_34' title='bbox 359 442 461 485; x_wconf 83' lang='lat' dir='ltr'>ergo</span> <span class='ocrx_word' id='word_1_35' title='bbox 492 427 635 470; x_wconf 87' lang='lat' dir='ltr'>anima</span> <span class='ocrx_word' id='word_1_36' title='bbox 666 427 755 486; x_wconf 85' lang='lat' dir='ltr'>jam</span> <span class='ocrx_word' id='word_1_37' title='bbox 778 425 1026 468; x_wconf 73' lang='lat' dir='ltr'>desiderans</span> <span class='ocrx_word' id='word_1_38' title='bbox 1064 424 1206 467; x_wconf 80' lang='lat' dir='ltr'>satiari</span> <span class='ocrx_word' id='word_1_39' title='bbox 1233 424 1424 484; x_wconf 89' lang='lat' dir='ltr'>quodam</span> 
     </span>
     <span class='ocr_line' id='line_1_5' title="bbox 34 493 1423 555; baseline -0.002 -14"><span class='ocrx_word' id='word_1_40' title='bbox 34 497 223 551; x_wconf 82' lang='lat' dir='ltr'>excelso,</span> <span class='ocrx_word' id='word_1_41' title='bbox 243 497 521 540; x_wconf 83' lang='lat' dir='ltr'>inenarrabili</span> <span class='ocrx_word' id='word_1_42' title='bbox 535 497 652 540; x_wconf 83' lang='lat' dir='ltr'>bono</span> <span class='ocrx_word' id='word_1_43' title='bbox 665 531 675 551; x_wconf 86' lang='lat'>,</span> <span class='ocrx_word' id='word_1_44' title='bbox 696 496 767 539; x_wconf 83' lang='lat' dir='ltr'>eui</span> <span class='ocrx_word' id='word_1_45' title='bbox 784 495 998 555; x_wconf 78' lang='lat' dir='ltr'>jubilatur</span> <span class='ocrx_word' id='word_1_46' title='bbox 1014 495 1182 554; x_wconf 83' lang='lat' dir='ltr'>potius,</span> <span class='ocrx_word' id='word_1_47' title='bbox 1203 502 1246 537; x_wconf 85' lang='lat' dir='ltr'>et</span> <span class='ocrx_word' id='word_1_48' title='bbox 1261 493 1316 537; x_wconf 89' lang='lat' dir='ltr'>de</span> <span class='ocrx_word' id='word_1_49' title='bbox 1335 510 1423 553; x_wconf 89' lang='lat' dir='ltr'>quo</span> 
     </span>
     <span class='ocr_line' id='line_1_6' title="bbox 29 565 1422 628; baseline -0.002 -17"><span class='ocrx_word' id='word_1_50' title='bbox 29 567 244 628; x_wconf 81' lang='lat' dir='ltr'>jubilatur</span> <span class='ocrx_word' id='word_1_51' title='bbox 264 603 276 623; x_wconf 82' lang='lat'><strong>‚</strong></span> <span class='ocrx_word' id='word_1_52' title='bbox 299 583 430 628; x_wconf 86' lang='lat' dir='ltr'>quam</span> <span class='ocrx_word' id='word_1_53' title='bbox 454 567 619 627; x_wconf 88' lang='lat' dir='ltr'>aliquid</span> <span class='ocrx_word' id='word_1_54' title='bbox 647 566 887 626; x_wconf 78' lang='lat' dir='ltr'>explicatur</span> <span class='ocrx_word' id='word_1_55' title='bbox 906 585 914 610; x_wconf 90' lang='grc'>;</span> <span class='ocrx_word' id='word_1_56' title='bbox 937 567 1027 625; x_wconf 85' lang='lat' dir='ltr'>jam</span> <span class='ocrx_word' id='word_1_57' title='bbox 1050 565 1166 609; x_wconf 91' lang='lat' dir='ltr'>enim</span> <span class='ocrx_word' id='word_1_58' title='bbox 1187 565 1308 620; x_wconf 88' lang='lat' dir='ltr'>vult,</span> <span class='ocrx_word' id='word_1_59' title='bbox 1333 565 1422 624; x_wconf 89' lang='lat' dir='ltr'>jam</span> 
     </span>
     <span class='ocr_line' id='line_1_7' title="bbox 33 635 1423 697; baseline -0.002 -15"><span class='ocrx_word' id='word_1_60' title='bbox 33 638 163 682; x_wconf 82' lang='lat' dir='ltr'>sentit</span> <span class='ocrx_word' id='word_1_61' title='bbox 178 638 281 681; x_wconf 90' lang='lat' dir='ltr'>inde</span> <span class='ocrx_word' id='word_1_62' title='bbox 306 637 472 697; x_wconf 85' lang='lat' dir='ltr'>aliquid</span> <span class='ocrx_word' id='word_1_63' title='bbox 497 657 506 682; x_wconf 78' lang='lat'>2</span> <span class='ocrx_word' id='word_1_64' title='bbox 530 637 649 681; x_wconf 86' lang='lat' dir='ltr'>videt</span> <span class='ocrx_word' id='word_1_65' title='bbox 668 652 711 680; x_wconf 89' lang='lat' dir='ltr'>se</span> <span class='ocrx_word' id='word_1_66' title='bbox 740 636 938 695; x_wconf 84' lang='lat' dir='ltr'>impediri</span> <span class='ocrx_word' id='word_1_67' title='bbox 961 635 1301 695; x_wconf 67' lang='lat' dir='ltr'>praegravatione</span> <span class='ocrx_word' id='word_1_68' title='bbox 1324 651 1423 679; x_wconf 87' lang='lat' dir='ltr'>cor-</span> 
     </span>
     <span class='ocr_line' id='line_1_8' title="bbox 32 704 1419 768; baseline -0.001 -16"><span class='ocrx_word' id='word_1_69' title='bbox 32 708 150 768; x_wconf 85' lang='lat' dir='ltr'>poris</span> <span class='ocrx_word' id='word_1_70' title='bbox 164 743 175 762; x_wconf 91' lang='lat'>,</span> <span class='ocrx_word' id='word_1_71' title='bbox 193 723 283 751; x_wconf 88' lang='lat' dir='ltr'>non</span> <span class='ocrx_word' id='word_1_72' title='bbox 303 723 346 751; x_wconf 92' lang='lat' dir='ltr'>se</span> <span class='ocrx_word' id='word_1_73' title='bbox 360 723 484 766; x_wconf 86' lang='lat' dir='ltr'>posse</span> <span class='ocrx_word' id='word_1_74' title='bbox 500 708 545 751; x_wconf 90' lang='lat' dir='ltr'>in</span> <span class='ocrx_word' id='word_1_75' title='bbox 564 709 645 752; x_wconf 82' lang='lat' dir='ltr'>hac</span> <span class='ocrx_word' id='word_1_76' title='bbox 661 708 749 752; x_wconf 80' lang='lat' dir='ltr'>vita</span> <span class='ocrx_word' id='word_1_77' title='bbox 767 707 931 761; x_wconf 82' lang='lat' dir='ltr'>satiari,</span> <span class='ocrx_word' id='word_1_78' title='bbox 949 716 991 750; x_wconf 87' lang='lat' dir='ltr'>et</span> <span class='ocrx_word' id='word_1_79' title='bbox 1005 704 1133 766; x_wconf 78' lang='lat' dir='ltr'>quasi</span> <span class='ocrx_word' id='word_1_80' title='bbox 1146 706 1419 765; x_wconf 77' lang='lat' dir='ltr'>respondeat,</span> 
     </span>
     <span class='ocr_line' id='line_1_9' title="bbox 33 776 1423 830; baseline -0.001 -8"><span class='ocrx_word' id='word_1_81' title='bbox 33 787 78 822; x_wconf 87' lang='lat' dir='ltr'>et</span> <span class='ocrx_word' id='word_1_82' title='bbox 98 777 213 822; x_wconf 84' lang='lat' dir='ltr'>dicat</span> <span class='ocrx_word' id='word_1_83' title='bbox 230 796 238 822; x_wconf 90' lang='lat'>:</span> <span class='ocrx_word' id='word_1_84' title='bbox 256 777 370 830; x_wconf 86' lang='lat' dir='ltr'>Quid</span> <span class='ocrx_word' id='word_1_85' title='bbox 388 778 494 820; x_wconf 82' lang='lat' dir='ltr'>mihi</span> <span class='ocrx_word' id='word_1_86' title='bbox 512 777 617 822; x_wconf 87' lang='lat' dir='ltr'>dicis</span> <span class='ocrx_word' id='word_1_87' title='bbox 635 797 644 822; x_wconf 89' lang='lat'>:</span> <span class='ocrx_word' id='word_1_88' title='bbox 667 796 686 819; x_wconf 92' lang='lat'>«</span> <span class='ocrx_word' id='word_1_89' title='bbox 706 777 942 822; x_wconf 87' lang='lat' dir='ltr'>Satiabitur</span> <span class='ocrx_word' id='word_1_90' title='bbox 962 777 1008 820; x_wconf 91' lang='lat' dir='ltr'>in</span> <span class='ocrx_word' id='word_1_91' title='bbox 1021 777 1145 820; x_wconf 82' lang='lat' dir='ltr'>bonis</span> <span class='ocrx_word' id='word_1_92' title='bbox 1162 776 1423 821; x_wconf 86' lang='lat' dir='ltr'>desiderium</span> 
     </span>
     <span class='ocr_line' id='line_1_10' title="bbox 37 847 1425 907; baseline 0.001 -17"><span class='ocrx_word' id='word_1_93' title='bbox 37 868 56 891; x_wconf 85' lang='lat'>&gt;›</span> <span class='ocrx_word' id='word_1_94' title='bbox 78 857 203 892; x_wconf 89' lang='lat' dir='ltr'>tuum</span> <span class='ocrx_word' id='word_1_95' title='bbox 214 850 231 892; x_wconf 77' lang='grc' dir='ltr'><strong><em>Ρ</em></strong></span> <span class='ocrx_word' id='word_1_96' title='bbox 242 849 379 892; x_wconf 84' lang='lat' dir='ltr'>»Novi</span> <span class='ocrx_word' id='word_1_97' title='bbox 396 848 563 892; x_wconf 81' lang='lat' dir='ltr'>bonum</span> <span class='ocrx_word' id='word_1_98' title='bbox 580 849 671 906; x_wconf 80' lang='lat' dir='ltr'>ejus</span> <span class='ocrx_word' id='word_1_99' title='bbox 683 848 804 907; x_wconf 89' lang='lat' dir='ltr'>quod</span> <span class='ocrx_word' id='word_1_100' title='bbox 817 847 1052 891; x_wconf 86' lang='lat' dir='ltr'>desiderem</span> <span class='ocrx_word' id='word_1_101' title='bbox 1061 883 1071 901; x_wconf 94' lang='lat'>,</span> <span class='ocrx_word' id='word_1_102' title='bbox 1086 849 1187 892; x_wconf 88' lang='lat' dir='ltr'>novi</span> <span class='ocrx_word' id='word_1_103' title='bbox 1200 847 1307 907; x_wconf 84' lang='lat' dir='ltr'>quid</span> <span class='ocrx_word' id='word_1_104' title='bbox 1318 848 1425 891; x_wconf 83' lang='lat' dir='ltr'>mihi</span> 
     </span>
     <span class='ocr_line' id='line_1_11' title="bbox 32 916 1419 977; baseline -0.001 -15"><span class='ocrx_word' id='word_1_105' title='bbox 32 918 242 971; x_wconf 83' lang='lat' dir='ltr'>sufficiat,</span> <span class='ocrx_word' id='word_1_106' title='bbox 266 917 393 960; x_wconf 86' lang='lat' dir='ltr'>video</span> <span class='ocrx_word' id='word_1_107' title='bbox 411 918 495 961; x_wconf 86' lang='lat' dir='ltr'>hoc</span> <span class='ocrx_word' id='word_1_108' title='bbox 516 918 561 960; x_wconf 90' lang='lat' dir='ltr'>in</span> <span class='ocrx_word' id='word_1_109' title='bbox 584 917 786 977; x_wconf 79' lang='lat' dir='ltr'>Philippo</span> <span class='ocrx_word' id='word_1_110' title='bbox 816 932 825 958; x_wconf 72' lang='grc' dir='ltr'>ε</span> <span class='ocrx_word' id='word_1_111' title='bbox 854 936 879 960; x_wconf 63' lang='grc' dir='ltr'>(ι</span> <span class='ocrx_word' id='word_1_112' title='bbox 898 916 1089 971; x_wconf 83' lang='lat' dir='ltr'>Ostende</span> <span class='ocrx_word' id='word_1_113' title='bbox 1107 953 1117 972; x_wconf 90' lang='lat'>,</span> <span class='ocrx_word' id='word_1_114' title='bbox 1143 918 1286 977; x_wconf 84' lang='lat' dir='ltr'>inquit</span> <span class='ocrx_word' id='word_1_115' title='bbox 1301 952 1312 971; x_wconf 89' lang='lat'>,</span> <span class='ocrx_word' id='word_1_116' title='bbox 1337 932 1419 960; x_wconf 91' lang='lat' dir='ltr'>no-</span> 
     </span>
     <span class='ocr_line' id='line_1_12' title="bbox 35 987 1425 1046; baseline -0.001 -16"><span class='ocrx_word' id='word_1_117' title='bbox 35 1006 57 1030; x_wconf 87' lang='lat'>»</span> <span class='ocrx_word' id='word_1_118' title='bbox 92 987 159 1031; x_wconf 84' lang='lat' dir='ltr'>bis</span> <span class='ocrx_word' id='word_1_119' title='bbox 182 991 377 1042; x_wconf 87' lang='lat' dir='ltr'>Patrem,</span> <span class='ocrx_word' id='word_1_120' title='bbox 411 996 454 1031; x_wconf 84' lang='lat' dir='ltr'>et</span> <span class='ocrx_word' id='word_1_121' title='bbox 487 988 648 1031; x_wconf 84' lang='lat' dir='ltr'>suflicit</span> <span class='ocrx_word' id='word_1_122' title='bbox 683 988 825 1031; x_wconf 86' lang='lat' dir='ltr'>nobis.</span> <span class='ocrx_word' id='word_1_123' title='bbox 862 1008 880 1028; x_wconf 76' lang='lat'>»</span> <span class='ocrx_word' id='word_1_124' title='bbox 916 988 1066 1031; x_wconf 89' lang='lat' dir='ltr'>Solum</span> <span class='ocrx_word' id='word_1_125' title='bbox 1098 991 1269 1031; x_wconf 81' lang='lat' dir='ltr'>Patrem</span> <span class='ocrx_word' id='word_1_126' title='bbox 1302 987 1425 1046; x_wconf 80' lang='lat' dir='ltr'>quasi</span> 
     </span>
     <span class='ocr_line' id='line_1_13' title="bbox 33 1057 1422 1117; baseline -0.001 -15"><span class='ocrx_word' id='word_1_127' title='bbox 33 1057 305 1102; x_wconf 82' lang='lat' dir='ltr'>desiderabat</span> <span class='ocrx_word' id='word_1_128' title='bbox 335 1078 344 1102; x_wconf 88' lang='lat'>:</span> <span class='ocrx_word' id='word_1_129' title='bbox 367 1057 557 1102; x_wconf 86' lang='lat' dir='ltr'>ostendit</span> <span class='ocrx_word' id='word_1_130' title='bbox 579 1059 790 1102; x_wconf 76' lang='lat' dir='ltr'>Dominus</span> <span class='ocrx_word' id='word_1_131' title='bbox 819 1067 904 1101; x_wconf 88' lang='lat' dir='ltr'>tres</span> <span class='ocrx_word' id='word_1_132' title='bbox 932 1073 1064 1117; x_wconf 84' lang='lat' dir='ltr'>panes</span> <span class='ocrx_word' id='word_1_133' title='bbox 1091 1057 1422 1115; x_wconf 72' lang='lat' dir='ltr'>desiderandos,</span> 
     </span>
     <span class='ocr_line' id='line_1_14' title="bbox 34 1128 1425 1189; baseline -0.001 -17"><span class='ocrx_word' id='word_1_134' title='bbox 34 1129 111 1189; x_wconf 87' lang='lat' dir='ltr'>qui</span> <span class='ocrx_word' id='word_1_135' title='bbox 145 1137 207 1172; x_wconf 88' lang='lat' dir='ltr'>est</span> <span class='ocrx_word' id='word_1_136' title='bbox 229 1144 343 1172; x_wconf 88' lang='lat' dir='ltr'>unus</span> <span class='ocrx_word' id='word_1_137' title='bbox 367 1129 488 1188; x_wconf 85' lang='lat' dir='ltr'>panis</span> <span class='ocrx_word' id='word_1_138' title='bbox 521 1128 734 1182; x_wconf 79' lang='lat' dir='ltr'>ostendit,</span> <span class='ocrx_word' id='word_1_139' title='bbox 765 1137 808 1171; x_wconf 85' lang='lat' dir='ltr'>et</span> <span class='ocrx_word' id='word_1_140' title='bbox 840 1128 948 1171; x_wconf 76' lang='lat' dir='ltr'>dixit</span> <span class='ocrx_word' id='word_1_141' title='bbox 976 1146 984 1172; x_wconf 91' lang='lat'>:</span> <span class='ocrx_word' id='word_1_142' title='bbox 1015 1146 1035 1169; x_wconf 90' lang='lat'>«</span> <span class='ocrx_word' id='word_1_143' title='bbox 1061 1130 1198 1171; x_wconf 84' lang='lat' dir='ltr'>Tanto</span> <span class='ocrx_word' id='word_1_144' title='bbox 1229 1136 1425 1186; x_wconf 84' lang='lat' dir='ltr'>tempore</span> 
     </span>
     <span class='ocr_line' id='line_1_15' title="bbox 38 1197 1425 1257; baseline 0.001 -17"><span class='ocrx_word' id='word_1_145' title='bbox 38 1218 57 1240; x_wconf 89' lang='lat'>»</span> <span class='ocrx_word' id='word_1_146' title='bbox 93 1198 320 1243; x_wconf 76' lang='lat' dir='ltr'>vobiscum</span> <span class='ocrx_word' id='word_1_147' title='bbox 353 1215 449 1242; x_wconf 89' lang='lat' dir='ltr'>sum</span> <span class='ocrx_word' id='word_1_148' title='bbox 466 1234 476 1253; x_wconf 93' lang='lat'>,</span> <span class='ocrx_word' id='word_1_149' title='bbox 503 1208 546 1242; x_wconf 87' lang='lat' dir='ltr'>et</span> <span class='ocrx_word' id='word_1_150' title='bbox 570 1202 743 1243; x_wconf 86' lang='lat' dir='ltr'>Patrem</span> <span class='ocrx_word' id='word_1_151' title='bbox 765 1214 855 1242; x_wconf 92' lang='lat' dir='ltr'>non</span> <span class='ocrx_word' id='word_1_152' title='bbox 893 1198 1057 1241; x_wconf 82' lang='lat' dir='ltr'>nostis?</span> <span class='ocrx_word' id='word_1_153' title='bbox 1094 1197 1319 1256; x_wconf 87' lang='lat' dir='ltr'>Philippe,</span> <span class='ocrx_word' id='word_1_154' title='bbox 1348 1199 1425 1257; x_wconf 87' lang='lat' dir='ltr'>qui</span> 
     </span>
     <span class='ocr_line' id='line_1_16' title="bbox 36 1267 1420 1327; baseline -0.001 -17"><span class='ocrx_word' id='word_1_155' title='bbox 36 1286 58 1310; x_wconf 86' lang='lat'>»</span> <span class='ocrx_word' id='word_1_156' title='bbox 93 1284 163 1312; x_wconf 91' lang='lat' dir='ltr'>me</span> <span class='ocrx_word' id='word_1_157' title='bbox 196 1267 339 1322; x_wconf 85' lang='lat' dir='ltr'>videt,</span> <span class='ocrx_word' id='word_1_158' title='bbox 371 1269 491 1312; x_wconf 72' lang='lat' dir='ltr'>videt</span> <span class='ocrx_word' id='word_1_159' title='bbox 519 1278 562 1312; x_wconf 86' lang='lat' dir='ltr'>et</span> <span class='ocrx_word' id='word_1_160' title='bbox 597 1272 785 1312; x_wconf 82' lang='lat' dir='ltr'>Patrem.</span> <span class='ocrx_word' id='word_1_161' title='bbox 824 1285 845 1308; x_wconf 89' lang='lat'>»</span> <span class='ocrx_word' id='word_1_162' title='bbox 881 1268 1083 1311; x_wconf 86' lang='lat' dir='ltr'>Promisit</span> <span class='ocrx_word' id='word_1_163' title='bbox 1110 1277 1153 1311; x_wconf 87' lang='lat' dir='ltr'>et</span> <span class='ocrx_word' id='word_1_164' title='bbox 1182 1267 1420 1327; x_wconf 85' lang='lat' dir='ltr'>Spiritum:</span> 
     </span>
     <span class='ocr_line' id='line_1_17' title="bbox 36 1338 1424 1398; baseline 0 -17"><span class='ocrx_word' id='word_1_165' title='bbox 36 1357 58 1381; x_wconf 90' lang='lat'>»</span> <span class='ocrx_word' id='word_1_166' title='bbox 94 1342 234 1392; x_wconf 87' lang='lat' dir='ltr'>Quem</span> <span class='ocrx_word' id='word_1_167' title='bbox 255 1339 427 1393; x_wconf 79' lang='lat' dir='ltr'>mittet,</span> <span class='ocrx_word' id='word_1_168' title='bbox 449 1338 616 1398; x_wconf 87' lang='lat' dir='ltr'>inquit,</span> <span class='ocrx_word' id='word_1_169' title='bbox 643 1342 770 1382; x_wconf 79' lang='lat' dir='ltr'>Pater</span> <span class='ocrx_word' id='word_1_170' title='bbox 790 1338 836 1381; x_wconf 92' lang='lat' dir='ltr'>in</span> <span class='ocrx_word' id='word_1_171' title='bbox 862 1339 1041 1382; x_wconf 86' lang='lat' dir='ltr'>nomine</span> <span class='ocrx_word' id='word_1_172' title='bbox 1063 1341 1189 1382; x_wconf 76' lang='lat' dir='ltr'>meo²</span> <span class='ocrx_word' id='word_1_173' title='bbox 1214 1357 1222 1382; x_wconf 91' lang='lat'>:</span> <span class='ocrx_word' id='word_1_174' title='bbox 1257 1358 1274 1379; x_wconf 88' lang='lat'>»</span> <span class='ocrx_word' id='word_1_175' title='bbox 1294 1338 1424 1381; x_wconf 87' lang='lat' dir='ltr'>item-</span> 
     </span>
     <span class='ocr_line' id='line_1_18' title="bbox 33 1407 1425 1469; baseline 0 -17"><span class='ocrx_word' id='word_1_176' title='bbox 33 1425 120 1469; x_wconf 90' lang='lat' dir='ltr'>que</span> <span class='ocrx_word' id='word_1_177' title='bbox 142 1410 225 1464; x_wconf 84' lang='lat' dir='ltr'>ait,</span> <span class='ocrx_word' id='word_1_178' title='bbox 265 1428 287 1451; x_wconf 84' lang='lat'>«</span> <span class='ocrx_word' id='word_1_179' title='bbox 312 1412 453 1462; x_wconf 85' lang='lat' dir='ltr'>Quem</span> <span class='ocrx_word' id='word_1_180' title='bbox 483 1425 563 1467; x_wconf 81' lang='lat' dir='ltr'>ego</span> <span class='ocrx_word' id='word_1_181' title='bbox 600 1409 769 1452; x_wconf 84' lang='lat' dir='ltr'>mittam</span> <span class='ocrx_word' id='word_1_182' title='bbox 799 1408 922 1452; x_wconf 85' lang='lat' dir='ltr'>vobis</span> <span class='ocrx_word' id='word_1_183' title='bbox 946 1425 970 1452; x_wconf 87' lang='lat' dir='ltr'>a</span> <span class='ocrx_word' id='word_1_184' title='bbox 992 1410 1147 1452; x_wconf 74' lang='lat' dir='ltr'>Patre3</span> <span class='ocrx_word' id='word_1_185' title='bbox 1173 1427 1182 1452; x_wconf 89' lang='lat'>:</span> <span class='ocrx_word' id='word_1_186' title='bbox 1215 1426 1235 1448; x_wconf 69' lang='grc' dir='ltr'><strong>υ</strong></span> <span class='ocrx_word' id='word_1_187' title='bbox 1258 1407 1425 1452; x_wconf 88' lang='lat' dir='ltr'>donum</span> 
     </span>
     <span class='ocr_line' id='line_1_19' title="bbox 32 1478 1421 1541; baseline -0.002 -16"><span class='ocrx_word' id='word_1_188' title='bbox 32 1496 162 1525; x_wconf 91' lang='lat' dir='ltr'>suum</span> <span class='ocrx_word' id='word_1_189' title='bbox 180 1479 347 1541; x_wconf 82' lang='lat' dir='ltr'>aequale</span> <span class='ocrx_word' id='word_1_190' title='bbox 369 1481 464 1525; x_wconf 86' lang='lat' dir='ltr'>sibi.</span> <span class='ocrx_word' id='word_1_191' title='bbox 488 1481 598 1525; x_wconf 80' lang='lat' dir='ltr'>Novi</span> <span class='ocrx_word' id='word_1_192' title='bbox 616 1480 722 1540; x_wconf 90' lang='lat' dir='ltr'>quid</span> <span class='ocrx_word' id='word_1_193' title='bbox 740 1478 979 1523; x_wconf 87' lang='lat' dir='ltr'>desiderem</span> <span class='ocrx_word' id='word_1_194' title='bbox 995 1514 1005 1534; x_wconf 87' lang='lat'>,</span> <span class='ocrx_word' id='word_1_195' title='bbox 1029 1479 1104 1523; x_wconf 88' lang='lat' dir='ltr'>sed</span> <span class='ocrx_word' id='word_1_196' title='bbox 1121 1478 1298 1539; x_wconf 87' lang='lat' dir='ltr'>quando</span> <span class='ocrx_word' id='word_1_197' title='bbox 1320 1478 1421 1523; x_wconf 90' lang='lat' dir='ltr'>inde</span> 
     </span>
     <span class='ocr_line' id='line_1_20' title="bbox 33 1549 1422 1610; baseline -0.002 -15"><span class='ocrx_word' id='word_1_198' title='bbox 33 1551 252 1596; x_wconf 78' lang='lat' dir='ltr'>satiabor?</span> <span class='ocrx_word' id='word_1_199' title='bbox 276 1554 389 1595; x_wconf 79' lang='lat' dir='ltr'>Ecce</span> <span class='ocrx_word' id='word_1_200' title='bbox 409 1550 540 1595; x_wconf 89' lang='lat' dir='ltr'>modo</span> <span class='ocrx_word' id='word_1_201' title='bbox 563 1551 617 1594; x_wconf 89' lang='lat' dir='ltr'>de</span> <span class='ocrx_word' id='word_1_202' title='bbox 642 1550 849 1594; x_wconf 83' lang='lat' dir='ltr'>Trinitate</span> <span class='ocrx_word' id='word_1_203' title='bbox 875 1550 1040 1607; x_wconf 80' lang='lat' dir='ltr'>cogito,</span> <span class='ocrx_word' id='word_1_204' title='bbox 1068 1549 1422 1610; x_wconf 79' lang='lat' dir='ltr'>quomodocum-</span> 
     </span>
     <span class='ocr_line' id='line_1_21' title="bbox 33 1620 1422 1683; baseline -0.001 -17"><span class='ocrx_word' id='word_1_205' title='bbox 33 1637 120 1683; x_wconf 90' lang='lat' dir='ltr'>que</span> <span class='ocrx_word' id='word_1_206' title='bbox 139 1622 194 1665; x_wconf 88' lang='lat' dir='ltr'>de</span> <span class='ocrx_word' id='word_1_207' title='bbox 214 1623 436 1676; x_wconf 80' lang='lat' dir='ltr'>Trinitate,</span> <span class='ocrx_word' id='word_1_208' title='bbox 452 1622 523 1666; x_wconf 73' lang='lat' dir='ltr'>vix</span> <span class='ocrx_word' id='word_1_209' title='bbox 535 1622 579 1665; x_wconf 89' lang='lat' dir='ltr'>in</span> <span class='ocrx_word' id='word_1_210' title='bbox 594 1622 825 1680; x_wconf 68' lang='lat' dir='ltr'>aenigmate</span> <span class='ocrx_word' id='word_1_211' title='bbox 837 1657 847 1676; x_wconf 89' lang='lat'>,</span> <span class='ocrx_word' id='word_1_212' title='bbox 871 1637 948 1681; x_wconf 83' lang='lat' dir='ltr'>per</span> <span class='ocrx_word' id='word_1_213' title='bbox 965 1620 1191 1680; x_wconf 86' lang='lat' dir='ltr'>speculum</span> <span class='ocrx_word' id='word_1_214' title='bbox 1204 1656 1215 1675; x_wconf 96' lang='lat'>,</span> <span class='ocrx_word' id='word_1_215' title='bbox 1235 1636 1286 1664; x_wconf 84' lang='lat' dir='ltr'>ex</span> <span class='ocrx_word' id='word_1_216' title='bbox 1300 1629 1422 1680; x_wconf 84' lang='lat' dir='ltr'>parte</span> 
     </span>
     <span class='ocr_line' id='line_1_22' title="bbox 33 1691 1423 1752; baseline -0.001 -16"><span class='ocrx_word' id='word_1_217' title='bbox 33 1693 175 1736; x_wconf 84' lang='lat' dir='ltr'>audeo</span> <span class='ocrx_word' id='word_1_218' title='bbox 203 1691 366 1752; x_wconf 86' lang='lat' dir='ltr'>aliquid</span> <span class='ocrx_word' id='word_1_219' title='bbox 395 1693 553 1736; x_wconf 82' lang='lat' dir='ltr'>sentire</span> <span class='ocrx_word' id='word_1_220' title='bbox 586 1711 594 1736; x_wconf 91' lang='lat'>:</span> <span class='ocrx_word' id='word_1_221' title='bbox 630 1691 808 1752; x_wconf 83' lang='lat' dir='ltr'>quando</span> <span class='ocrx_word' id='word_1_222' title='bbox 832 1692 1045 1736; x_wconf 78' lang='lat' dir='ltr'>satiabor?</span> <span class='ocrx_word' id='word_1_223' title='bbox 1077 1711 1098 1734; x_wconf 89' lang='lat'>«</span> <span class='ocrx_word' id='word_1_224' title='bbox 1122 1692 1423 1735; x_wconf 85' lang='lat' dir='ltr'>Renovabitur</span> 
     </span>
     <span class='ocr_line' id='line_1_23' title="bbox 35 1761 1422 1823; baseline 0.001 -19"><span class='ocrx_word' id='word_1_225' title='bbox 35 1781 56 1804; x_wconf 87' lang='lat'>»</span> <span class='ocrx_word' id='word_1_226' title='bbox 92 1763 202 1808; x_wconf 85' lang='lat' dir='ltr'>sieut</span> <span class='ocrx_word' id='word_1_227' title='bbox 229 1763 386 1823; x_wconf 68' lang='lat' dir='ltr'>aquilae</span> <span class='ocrx_word' id='word_1_228' title='bbox 409 1764 617 1823; x_wconf 85' lang='lat' dir='ltr'>juventus</span> <span class='ocrx_word' id='word_1_229' title='bbox 639 1772 730 1807; x_wconf 87' lang='lat' dir='ltr'>tua.</span> <span class='ocrx_word' id='word_1_230' title='bbox 760 1781 779 1804; x_wconf 73' lang='lat' dir='ltr'>n</span> <span class='ocrx_word' id='word_1_231' title='bbox 806 1765 904 1807; x_wconf 82' lang='lat' dir='ltr'>Non</span> <span class='ocrx_word' id='word_1_232' title='bbox 934 1763 1098 1806; x_wconf 84' lang='lat' dir='ltr'>satiaris</span> <span class='ocrx_word' id='word_1_233' title='bbox 1130 1761 1290 1816; x_wconf 90' lang='lat' dir='ltr'>modo,</span> <span class='ocrx_word' id='word_1_234' title='bbox 1318 1762 1422 1821; x_wconf 88' lang='lat' dir='ltr'>quia</span> 
     </span>
     <span class='ocr_line' id='line_1_24' title="bbox 33 1832 1422 1891; baseline -0.001 -14"><span class='ocrx_word' id='word_1_235' title='bbox 33 1849 124 1878; x_wconf 90' lang='lat' dir='ltr'>non</span> <span class='ocrx_word' id='word_1_236' title='bbox 145 1843 209 1877; x_wconf 89' lang='lat' dir='ltr'>est</span> <span class='ocrx_word' id='word_1_237' title='bbox 245 1832 401 1877; x_wconf 86' lang='lat' dir='ltr'>idonea</span> <span class='ocrx_word' id='word_1_238' title='bbox 424 1834 565 1877; x_wconf 82' lang='lat' dir='ltr'>anima</span> <span class='ocrx_word' id='word_1_239' title='bbox 598 1844 673 1878; x_wconf 82' lang='lat' dir='ltr'>tua</span> <span class='ocrx_word' id='word_1_240' title='bbox 695 1833 750 1877; x_wconf 86' lang='lat' dir='ltr'>ad</span> <span class='ocrx_word' id='word_1_241' title='bbox 779 1833 969 1878; x_wconf 85' lang='lat' dir='ltr'>solidum</span> <span class='ocrx_word' id='word_1_242' title='bbox 989 1832 1115 1877; x_wconf 89' lang='lat' dir='ltr'>illum</span> <span class='ocrx_word' id='word_1_243' title='bbox 1140 1842 1183 1876; x_wconf 89' lang='lat' dir='ltr'>et</span> <span class='ocrx_word' id='word_1_244' title='bbox 1212 1847 1422 1891; x_wconf 84' lang='lat' dir='ltr'>magnum</span> 
     </span>
     <span class='ocr_line' id='line_1_25' title="bbox 33 1903 1424 1961; baseline -0.001 -13"><span class='ocrx_word' id='word_1_245' title='bbox 33 1905 184 1949; x_wconf 87' lang='lat' dir='ltr'>cibum</span> <span class='ocrx_word' id='word_1_246' title='bbox 203 1925 214 1961; x_wconf 80' lang='lat'><em>3</em></span> <span class='ocrx_word' id='word_1_247' title='bbox 239 1904 313 1948; x_wconf 93' lang='lat' dir='ltr'>sed</span> <span class='ocrx_word' id='word_1_248' title='bbox 338 1913 476 1949; x_wconf 83' lang='lat' dir='ltr'>rostro</span> <span class='ocrx_word' id='word_1_249' title='bbox 496 1905 664 1960; x_wconf 85' lang='lat' dir='ltr'>clauso,</span> <span class='ocrx_word' id='word_1_250' title='bbox 683 1921 772 1949; x_wconf 93' lang='lat' dir='ltr'>non</span> <span class='ocrx_word' id='word_1_251' title='bbox 786 1914 848 1949; x_wconf 88' lang='lat' dir='ltr'>est</span> <span class='ocrx_word' id='word_1_252' title='bbox 868 1905 1039 1949; x_wconf 86' lang='lat' dir='ltr'>idonea.</span> <span class='ocrx_word' id='word_1_253' title='bbox 1062 1906 1262 1948; x_wconf 85' lang='lat' dir='ltr'>Vetustas</span> <span class='ocrx_word' id='word_1_254' title='bbox 1280 1903 1360 1947; x_wconf 83' lang='lat' dir='ltr'>tibi</span> <span class='ocrx_word' id='word_1_255' title='bbox 1378 1919 1424 1947; x_wconf 87' lang='lat' dir='ltr'>os</span> 
     </span>
     <span class='ocr_line' id='line_1_26' title="bbox 33 1974 1421 2033; baseline -0.001 -15"><span class='ocrx_word' id='word_1_256' title='bbox 33 1974 185 2019; x_wconf 82' lang='lat' dir='ltr'>clausit</span> <span class='ocrx_word' id='word_1_257' title='bbox 201 2009 212 2029; x_wconf 87' lang='lat'>,</span> <span class='ocrx_word' id='word_1_258' title='bbox 232 1984 461 2033; x_wconf 85' lang='lat' dir='ltr'>propterea</span> <span class='ocrx_word' id='word_1_259' title='bbox 486 1985 606 2033; x_wconf 85' lang='lat' dir='ltr'>petra</span> <span class='ocrx_word' id='word_1_260' title='bbox 626 1975 725 2017; x_wconf 81' lang='lat' dir='ltr'>data</span> <span class='ocrx_word' id='word_1_261' title='bbox 748 1985 832 2028; x_wconf 83' lang='lat' dir='ltr'>est,</span> <span class='ocrx_word' id='word_1_262' title='bbox 858 1976 936 2017; x_wconf 83' lang='lat' dir='ltr'>ubi</span> <span class='ocrx_word' id='word_1_263' title='bbox 956 1983 1172 2017; x_wconf 85' lang='lat' dir='ltr'>vetustate</span> <span class='ocrx_word' id='word_1_264' title='bbox 1204 1974 1391 2017; x_wconf 88' lang='lat' dir='ltr'>contrita</span> <span class='ocrx_word' id='word_1_265' title='bbox 1410 2008 1421 2028; x_wconf 89' lang='lat'>,</span> 
     </span>
     <span class='ocr_line' id='line_1_27' title="bbox 33 2042 1424 2103; baseline -0.001 -15"><span class='ocrx_word' id='word_1_266' title='bbox 33 2053 267 2088; x_wconf 76' lang='lat' dir='ltr'>renovetur</span> <span class='ocrx_word' id='word_1_267' title='bbox 282 2045 490 2103; x_wconf 77' lang='lat' dir='ltr'>juventus</span> <span class='ocrx_word' id='word_1_268' title='bbox 512 2053 588 2087; x_wconf 87' lang='lat' dir='ltr'>tua</span> <span class='ocrx_word' id='word_1_269' title='bbox 610 2044 721 2087; x_wconf 85' lang='lat' dir='ltr'>sieut</span> <span class='ocrx_word' id='word_1_270' title='bbox 741 2043 920 2103; x_wconf 59' lang='lat' dir='ltr'>aquilae,</span> <span class='ocrx_word' id='word_1_271' title='bbox 938 2052 986 2086; x_wconf 87' lang='lat' dir='ltr'>ut</span> <span class='ocrx_word' id='word_1_272' title='bbox 1006 2043 1137 2102; x_wconf 89' lang='lat' dir='ltr'>possis</span> <span class='ocrx_word' id='word_1_273' title='bbox 1158 2042 1424 2087; x_wconf 85' lang='lat' dir='ltr'>manducare</span> 
     </span>
     <span class='ocr_line' id='line_1_28' title="bbox 34 2114 1425 2175; baseline -0.001 -16"><span class='ocrx_word' id='word_1_274' title='bbox 34 2131 191 2175; x_wconf 86' lang='lat' dir='ltr'>panem</span> <span class='ocrx_word' id='word_1_275' title='bbox 213 2125 361 2170; x_wconf 88' lang='lat' dir='ltr'>tuum,</span> <span class='ocrx_word' id='word_1_276' title='bbox 386 2114 511 2159; x_wconf 89' lang='lat' dir='ltr'>illum</span> <span class='ocrx_word' id='word_1_277' title='bbox 534 2115 610 2175; x_wconf 85' lang='lat' dir='ltr'>qui</span> <span class='ocrx_word' id='word_1_278' title='bbox 632 2115 690 2158; x_wconf 87' lang='lat' dir='ltr'>ait</span> <span class='ocrx_word' id='word_1_279' title='bbox 708 2134 716 2159; x_wconf 92' lang='lat'><strong>:</strong></span> <span class='ocrx_word' id='word_1_280' title='bbox 747 2134 767 2156; x_wconf 83' lang='lat'>«</span> <span class='ocrx_word' id='word_1_281' title='bbox 791 2117 904 2172; x_wconf 81' lang='lat' dir='ltr'>Ergo</span> <span class='ocrx_word' id='word_1_282' title='bbox 923 2130 1016 2158; x_wconf 89' lang='lat' dir='ltr'>sum</span> <span class='ocrx_word' id='word_1_283' title='bbox 1035 2115 1159 2174; x_wconf 90' lang='lat' dir='ltr'>panis</span> <span class='ocrx_word' id='word_1_284' title='bbox 1174 2115 1320 2169; x_wconf 79' lang='lat' dir='ltr'>vivus,</span> <span class='ocrx_word' id='word_1_285' title='bbox 1346 2115 1425 2175; x_wconf 90' lang='lat' dir='ltr'>qui</span> 
     </span>
     <span class='ocr_line' id='line_1_29' title="bbox 36 2184 1426 2245; baseline 0.001 -18"><span class='ocrx_word' id='word_1_286' title='bbox 36 2204 58 2227; x_wconf 90' lang='lat'>»</span> <span class='ocrx_word' id='word_1_287' title='bbox 93 2184 148 2230; x_wconf 91' lang='lat' dir='ltr'>de</span> <span class='ocrx_word' id='word_1_288' title='bbox 176 2186 288 2230; x_wconf 84' lang='lat' dir='ltr'>coelo</span> <span class='ocrx_word' id='word_1_289' title='bbox 321 2185 570 2230; x_wconf 37' lang='lat' dir='ltr'>descendi&amp;</span> <span class='ocrx_word' id='word_1_290' title='bbox 606 2185 907 2229; x_wconf 81' lang='lat' dir='ltr'>Renovabitur</span> <span class='ocrx_word' id='word_1_291' title='bbox 946 2186 1154 2245; x_wconf 84' lang='lat' dir='ltr'>juventus</span> <span class='ocrx_word' id='word_1_292' title='bbox 1196 2194 1271 2230; x_wconf 87' lang='lat' dir='ltr'>tua</span> <span class='ocrx_word' id='word_1_293' title='bbox 1313 2185 1426 2229; x_wconf 86' lang='lat' dir='ltr'>sieut</span> 
     </span>
     <span class='ocr_line' id='line_1_30' title="bbox 37 2255 926 2315; baseline 0 -17"><span class='ocrx_word' id='word_1_294' title='bbox 37 2273 58 2298; x_wconf 89' lang='lat'>»</span> <span class='ocrx_word' id='word_1_295' title='bbox 94 2255 252 2315; x_wconf 86' lang='lat' dir='ltr'>aquilae</span> <span class='ocrx_word' id='word_1_296' title='bbox 273 2275 282 2300; x_wconf 89' lang='lat'>:</span> <span class='ocrx_word' id='word_1_297' title='bbox 307 2274 327 2296; x_wconf 88' lang='lat'>»</span> <span class='ocrx_word' id='word_1_298' title='bbox 350 2265 456 2300; x_wconf 84' lang='lat' dir='ltr'>tunc</span> <span class='ocrx_word' id='word_1_299' title='bbox 479 2255 696 2299; x_wconf 83' lang='lat' dir='ltr'>satiaberis</span> <span class='ocrx_word' id='word_1_300' title='bbox 720 2256 764 2299; x_wconf 87' lang='lat' dir='ltr'>in</span> <span class='ocrx_word' id='word_1_301' title='bbox 787 2255 926 2299; x_wconf 85' lang='lat' dir='ltr'>bonis.</span> 
     </span>
    </p>

    <p class='ocr_par' dir='ltr' id='par_1_3' title="bbox 39 2325 1425 2456">
     <span class='ocr_line' id='line_1_31' title="bbox 92 2325 1424 2385; baseline -0.001 -16"><span class='ocrx_word' id='word_1_302' title='bbox 92 2328 173 2369; x_wconf 84' lang='lat' dir='ltr'>XI.</span> <span class='ocrx_word' id='word_1_303' title='bbox 203 2345 223 2368; x_wconf 90' lang='lat'>«</span> <span class='ocrx_word' id='word_1_304' title='bbox 244 2326 421 2370; x_wconf 82' lang='lat' dir='ltr'>Faciens</span> <span class='ocrx_word' id='word_1_305' title='bbox 442 2325 756 2370; x_wconf 84' lang='lat' dir='ltr'>misericordias</span> <span class='ocrx_word' id='word_1_306' title='bbox 789 2326 1024 2382; x_wconf 75' lang='lat' dir='ltr'>Dominus,</span> <span class='ocrx_word' id='word_1_307' title='bbox 1055 2334 1098 2369; x_wconf 84' lang='lat' dir='ltr'>et</span> <span class='ocrx_word' id='word_1_308' title='bbox 1120 2325 1337 2385; x_wconf 86' lang='lat' dir='ltr'>judicium</span> <span class='ocrx_word' id='word_1_309' title='bbox 1364 2325 1424 2369; x_wconf 91' lang='lat' dir='ltr'>eis</span> 
     </span>
     <span class='ocr_line' id='line_1_32' title="bbox 39 2396 1425 2456; baseline 0.001 -18"><span class='ocrx_word' id='word_1_310' title='bbox 39 2414 60 2437; x_wconf 87' lang='lat'>»</span> <span class='ocrx_word' id='word_1_311' title='bbox 96 2397 171 2456; x_wconf 89' lang='lat' dir='ltr'>qui</span> <span class='ocrx_word' id='word_1_312' title='bbox 191 2396 391 2456; x_wconf 79' lang='lat' dir='ltr'>injuriam</span> <span class='ocrx_word' id='word_1_313' title='bbox 414 2396 674 2456; x_wconf 55' lang='lat' dir='ltr'>accipiunff.</span> <span class='ocrx_word' id='word_1_314' title='bbox 700 2415 718 2436; x_wconf 88' lang='lat'>»</span> <span class='ocrx_word' id='word_1_315' title='bbox 746 2397 868 2440; x_wconf 82' lang='lat' dir='ltr'>Facit</span> <span class='ocrx_word' id='word_1_316' title='bbox 903 2396 1034 2440; x_wconf 92' lang='lat' dir='ltr'>modo</span> <span class='ocrx_word' id='word_1_317' title='bbox 1055 2431 1066 2450; x_wconf 90' lang='lat'>,</span> <span class='ocrx_word' id='word_1_318' title='bbox 1093 2396 1246 2441; x_wconf 86' lang='lat' dir='ltr'>fratres</span> <span class='ocrx_word' id='word_1_319' title='bbox 1263 2431 1274 2450; x_wconf 83' lang='lat'>,</span> <span class='ocrx_word' id='word_1_320' title='bbox 1301 2404 1425 2439; x_wconf 66' lang='lat' dir='ltr'>ante-</span> 
     </span>
    </p>
   </div>
   <div class='ocr_carea' id='block_1_3' title="bbox 39 2490 1422 2588">
    <p class='ocr_par' dir='ltr' id='par_1_4' title="bbox 39 2490 1422 2588">
     <span class='ocr_line' id='line_1_33' title="bbox 85 2490 1422 2534; baseline 0.001 -11"><span class='ocrx_word' id='word_1_321' title='bbox 85 2498 95 2514; x_wconf 88' lang='lat'><em>¹</em></span> <span class='ocrx_word' id='word_1_322' title='bbox 114 2493 207 2523; x_wconf 78' lang='lat' dir='ltr'>Rom.</span> <span class='ocrx_word' id='word_1_323' title='bbox 227 2503 260 2524; x_wconf 76' lang='lat' dir='ltr'>vr</span> <span class='ocrx_word' id='word_1_324' title='bbox 274 2517 283 2533; x_wconf 84' lang='lat'><em>‚</em></span> <span class='ocrx_word' id='word_1_325' title='bbox 300 2503 334 2533; x_wconf 80' lang='lat'>9.</span> <span class='ocrx_word' id='word_1_326' title='bbox 351 2509 392 2514; x_wconf 83' lang='grc'>-</span> <span class='ocrx_word' id='word_1_327' title='bbox 414 2499 427 2514; x_wconf 87' lang='lat'><em>2</em></span> <span class='ocrx_word' id='word_1_328' title='bbox 444 2494 610 2524; x_wconf 80' lang='lat' dir='ltr'>Joan.x1v</span> <span class='ocrx_word' id='word_1_329' title='bbox 625 2517 634 2534; x_wconf 86' lang='lat'>,</span> <span class='ocrx_word' id='word_1_330' title='bbox 655 2494 688 2531; x_wconf 80' lang='lat'>8,</span> <span class='ocrx_word' id='word_1_331' title='bbox 707 2503 729 2533; x_wconf 82' lang='lat'>9</span> <span class='ocrx_word' id='word_1_332' title='bbox 746 2495 779 2523; x_wconf 82' lang='lat' dir='ltr'>et</span> <span class='ocrx_word' id='word_1_333' title='bbox 794 2491 850 2523; x_wconf 82' lang='lat'>25.</span> <span class='ocrx_word' id='word_1_334' title='bbox 863 2507 904 2514; x_wconf 84' lang='lat'>·—</span> <span class='ocrx_word' id='word_1_335' title='bbox 919 2491 932 2515; x_wconf 84' lang='lat'>3</span> <span class='ocrx_word' id='word_1_336' title='bbox 950 2493 998 2524; x_wconf 91' lang='lat' dir='ltr'>Id.</span> <span class='ocrx_word' id='word_1_337' title='bbox 1017 2503 1072 2533; x_wconf 81' lang='lat' dir='ltr'>xv,</span> <span class='ocrx_word' id='word_1_338' title='bbox 1085 2492 1139 2524; x_wconf 81' lang='lat'>26.</span> <span class='ocrx_word' id='word_1_339' title='bbox 1160 2490 1284 2525; x_wconf 71' lang='lat' dir='ltr'>—41d.</span> <span class='ocrx_word' id='word_1_340' title='bbox 1305 2490 1422 2533; x_wconf 66' lang='lat' dir='ltr'>v1,4r.</span> 
     </span>
     <span class='ocr_line' id='line_1_34' title="bbox 39 2547 338 2588; baseline -0.01 -7"><span class='ocrx_word' id='word_1_341' title='bbox 39 2566 80 2572; x_wconf 85' lang='grc'><strong>-</strong></span> <span class='ocrx_word' id='word_1_342' title='bbox 99 2547 114 2572; x_wconf 82' lang='lat'><strong>⁵</strong></span> <span class='ocrx_word' id='word_1_343' title='bbox 133 2548 213 2581; x_wconf 79' lang='lat' dir='ltr'>Psa1‚</span> <span class='ocrx_word' id='word_1_344' title='bbox 233 2558 287 2588; x_wconf 86' lang='lat' dir='ltr'>cu,</span> <span class='ocrx_word' id='word_1_345' title='bbox 307 2547 338 2578; x_wconf 91' lang='lat'>6.</span> 
     </span>
    </p>
   </div>
  </div>
 </body>
</html>
