1848 3261
349 238 434 277 366
792 248 830 278 s.
864 247 1096 279 Aucus‘rmt
1128 249 1311 279 Emscom

349 312 465 357 filius
481 310 649 357 ancillae
665 321 753 358 tuae
773 333 784 373 3
808 315 960 360 nonin
981 330 1067 371 me,
1089 313 1164 359 sed
1185 315 1231 359 in
1253 324 1295 360 te
1312 316 1498 362 Domino
1517 332 1615 362 meo
1639 317 1737 377 glo-

348 382 494 427 riabor
508 417 520 438 ‚
550 383 627 443 qui
648 382 868 445 disrupisti
889 384 1061 430 vincula
1083 400 1179 430 mea
1196 419 1207 441 ,
1232 395 1283 430 ut
1304 402 1327 431 a
1348 386 1454 447 fuga
1474 388 1646 433 rediens
1668 403 1738 433 re-

350 454 507 514 ligarer
528 454 623 498 tibi.

406 527 528 570 VIII.
559 543 580 567 «
602 527 715 569 Vota
735 539 830 569 mea
852 526 1038 571 Domino
1059 525 1240 571 reddam
1257 528 1289 572 ¹.
1317 545 1337 569 »
1364 529 1473 581 Quae
1500 537 1603 573 vota
1638 528 1739 573 red-

348 596 519 642 diturus
541 597 618 640 es?
640 598 755 649 Quas
776 595 931 641 vovisti
951 597 1147 642 victimas
1164 600 1183 643 P
1199 614 1298 658 quae
1315 598 1516 644 incensa?
1532 616 1632 660 quae
1652 601 1738 645 ho-

346 667 571 713 locausta?
595 669 665 711 An
693 666 750 711 ad
783 666 894 711 illud
922 668 1118 728 respicis,
1150 669 1271 729 quod
1292 669 1424 729 paulo
1450 679 1550 714 ante
1567 670 1734 716 dixisti:

351 757 373 781 «
405 737 596 784 Calicem
613 736 808 782 salutaris
830 738 1052 798 accipiam,
1064 747 1108 783 et
1124 754 1285 784 nomen
1304 740 1476 785 Domini
1492 741 1732 800 invocab03

348 826 370 850 »
405 817 464 864 et,
482 807 563 853 tibi
585 808 834 853 sacrificabo
857 809 1114 853 sacrificium
1135 808 1308 855 laudis?
1327 829 1346 852 »
1365 814 1422 856 Et
1443 826 1591 856 revera
1612 811 1735 872 quis-

346 879 443 940 quis
465 879 578 923 bene
601 879 762 950 cogitat
783 879 892 940 quid
918 889 1074 925 voveat
1096 881 1281 926 Domino
1295 916 1306 937 ,
1328 890 1371 925 et
1394 898 1493 942 quae
1514 891 1616 927 vota
1638 883 1737 926 red-

347 951 439 1005 dat,
459 965 504 993 se
523 950 664 1009 ipsum
685 959 862 1005 voveat,
888 965 933 994 se
954 950 1095 1010 ipsum
1113 950 1282 995 reddat.
1309 954 1403 997 Hoc
1424 953 1627 1010 exigitur,
1652 953 1737 997 hoc

347 1020 548 1065 debetur.
575 1023 775 1080 Inspecto
797 1035 980 1065 nummo
1001 1021 1211 1065 Dominus
1233 1020 1338 1065 dicit
1356 1040 1365 1066 ε
1388 1040 1407 1064 «
1432 1022 1620 1066 Reddite
1641 1025 1738 1068 Cae-

350 1108 372 1132 »
405 1091 487 1134 sari
506 1106 606 1150 quae
628 1090 808 1135 Caesaris
831 1099 953 1145 sunt,
979 1099 1023 1135 et
1039 1096 1124 1136 Deo
1147 1107 1248 1152 quae
1275 1091 1352 1136 Dei
1374 1101 1476 1136 sunt
1492 1095 1526 1137 ².
1550 1096 1737 1153 »Imago

343 1176 420 1205 sua
442 1159 640 1204 redditur
661 1161 819 1205 Caesari
838 1195 849 1215 ‚
876 1160 1022 1219 imago
1045 1177 1123 1205 sua
1142 1160 1353 1206 reddatur
1373 1165 1479 1207 Deo.

404 1234 483 1275 IX.
524 1230 609 1277 Sed
639 1230 715 1290 qui
741 1231 939 1275 meminit
964 1247 1054 1276 non
1083 1231 1225 1276 solum
1245 1247 1420 1277 servum
1450 1248 1494 1277 se
1515 1247 1605 1277 esse
1627 1233 1733 1288 Dei,

345 1301 421 1347 sed
437 1311 480 1346 et
501 1301 642 1345 filium
663 1300 832 1345 ancillae
854 1301 958 1357 Dei,
983 1301 1103 1346 videt
1124 1302 1202 1346 ubi
1224 1302 1377 1347 reddat
1393 1312 1493 1347 vota
1511 1318 1587 1347 sua
1605 1338 1616 1358 ‚
1637 1319 1737 1348 con-

343 1372 558 1418 formatus
579 1371 752 1417 Christo
773 1387 852 1431 per
873 1372 1051 1416 calicem
1074 1372 1316 1417 salutaris«
1338 1376 1391 1417 In
1415 1373 1548 1429 atriis,
1572 1373 1732 1434 inquit,

346 1461 367 1485 »
402 1443 557 1488 domus
579 1442 768 1487 Domini.
800 1462 817 1483 »
844 1446 948 1495 Quae
971 1442 1127 1487 domus
1146 1441 1225 1486 Dei
1250 1451 1334 1498 est,
1359 1443 1454 1488 haec
1478 1442 1636 1488 ancilla
1658 1443 1736 1488 Dei

344 1523 407 1558 est
432 1533 441 1559 :
466 1523 510 1558 et
536 1529 635 1573 quae
669 1513 825 1556 domus
846 1513 918 1556 Dei
937 1547 948 1565 ‚
985 1513 1065 1556 nisi
1095 1513 1234 1557 omnis
1257 1512 1446 1573 populus
1477 1515 1604 1574 ejus?
1627 1514 1732 1558 Ideo

342 1584 564 1644 sequitur:
585 1602 602 1624 «
621 1586 673 1626 In
689 1591 926 1641 conspectu
948 1582 1088 1627 omnis
1109 1583 1263 1642 populi
1285 1585 1389 1643 ejus.
1419 1602 1439 1625 »
1465 1586 1522 1628 Et
1544 1582 1733 1643 apertius

336 1654 428 1714 jam
448 1654 647 1698 nominat
666 1653 803 1712 ipsam
823 1661 1022 1696 matrem.
1048 1653 1165 1705 Quid
1187 1662 1250 1697 est
1268 1653 1384 1697 enim
1407 1653 1527 1697 aliud
1544 1653 1732 1713 populus

342 1724 433 1784 ejus
449 1758 460 1779 ‚
490 1723 572 1767 nisi
593 1722 714 1783 quod
735 1722 931 1782 sequitur
952 1741 961 1767 ε
990 1741 1011 1764 «
1035 1725 1087 1766 In
1108 1721 1253 1767 medio
1277 1723 1340 1766 tui
1355 1758 1366 1778 ,
1393 1722 1693 1767 Jerusalem3?
1709 1741 1728 1765 »

343 1798 466 1838 Tunc
498 1802 561 1837 est
581 1793 698 1837 enim
731 1793 853 1852 quod
884 1791 1082 1836 redditur
1111 1801 1283 1851 gratum
1300 1828 1311 1848 ‚
1337 1792 1371 1837 si
1398 1792 1453 1837 de
1474 1808 1579 1853 pace
1601 1802 1733 1854 atque

342 1866 389 1910 in
411 1881 517 1925 pace
533 1864 755 1909 reddatur.
777 1864 861 1917 Qui
883 1873 1028 1909 autem
1050 1862 1128 1907 filii
1148 1864 1277 1924 hujus
1297 1863 1466 1908 ancillae
1487 1880 1577 1909 non
1597 1872 1700 1908 sunt
1715 1898 1728 1921 ,

342 1935 511 1981 bellum
536 1936 680 1996 potius
708 1950 842 1995 quam
865 1950 1016 1995 pacem
1048 1944 1318 1979 amaverunt.
1354 1937 1419 1980 Ne
1451 1935 1546 1995 quis
1584 1943 1731 1979 autem

343 2007 556 2051 existimet
585 2006 692 2050 atria
716 2004 869 2049 domus
904 2004 1106 2060 Domini,
1143 2014 1186 2049 et
1207 2019 1381 2049 omnem
1405 2004 1619 2064 populum
1640 2005 1731 2064 ejus

343 2079 366 2121 J
372 2078 520 2122 udaeos
547 2075 776 2135 significari
796 2110 807 2131 ‚
851 2075 952 2135 quia
984 2075 1044 2118 ita
1065 2074 1218 2119 clausit
1239 2075 1317 2118 iste
1340 2073 1533 2118 Psalmus
1553 2109 1564 2130 ‚
1590 2083 1640 2118 ut
1660 2074 1730 2118 di-

343 2157 460 2192 ceret
483 2166 492 2192 2
517 2166 536 2189 «
558 2150 610 2191 In
639 2146 783 2190 medio
806 2146 870 2190 tui
890 2180 901 2200 ,
929 2144 1169 2189 Jerusalem
1187 2180 1198 2200 ‚
1226 2162 1246 2185 »
1272 2146 1394 2204 cujus
1428 2145 1604 2189 nomine
1633 2159 1730 2188 car-

343 2218 461 2262 nales
483 2216 687 2262 Israelitae
715 2215 952 2274 gloriantur
974 2234 982 2260 :
1009 2214 1155 2260 audite
1186 2223 1442 2275 sequentem
1478 2214 1725 2270 Psalmum,

343 2289 420 2349 qui
436 2297 625 2349 quatuor
646 2286 864 2332 versiculis
885 2286 1151 2330 continetur.

391 2391 400 2408 ¹
421 2383 504 2418 Psal.
523 2394 594 2427 cxv,
616 2385 665 2417 18.
685 2399 724 2406 -
747 2388 760 2406 ²
775 2382 889 2416 Matth.
908 2381 984 2425 xxii,
1002 2390 1058 2415 21.
1073 2397 1115 2405 --
1134 2379 1148 2404 3
1173 2379 1253 2414 Psal.
1271 2390 1344 2422 extr,
1366 2390 1417 2423 19·
