1848 3261
339 237 422 280 554
776 247 811 277 s.
846 247 1076 278 Aucusnm
1107 250 1291 279 nmscom

336 316 472 378 patria
495 331 570 360 sua
590 314 703 360 forte
730 317 893 361 viveret
916 336 925 362 :
947 316 1020 361 sed
1053 333 1143 361 non
1169 317 1228 362 sic
1250 326 1339 373 est,
1370 318 1547 378 quando
1572 318 1626 363 de
1646 318 1721 364 illa

337 386 578 433 Jerusalem
612 386 777 431 coelesti
807 388 1143 446 peregrinamur.
1171 391 1314 433 Mutat
1344 391 1460 433 enim
1488 391 1620 434 homo
1641 406 1722 449 pa-

337 458 464 503 triam
480 493 491 510 ‚
512 467 555 502 et
577 457 812 518 aliquando
829 458 875 501 in
897 459 1242 517 peregrinatione
1263 458 1325 503 illi
1350 459 1460 503 bene
1477 469 1540 504 est
1566 480 1575 505 :
1600 460 1723 504 inve-

338 529 402 573 nit
425 528 583 572 amicos
613 528 760 572 fideles
782 528 1101 587 peregrinando
1117 565 1128 585 ,
1168 546 1275 590 quos
1296 530 1343 574 in
1364 531 1501 590 patria
1530 531 1724 576 invenire

338 615 427 644 non
454 599 612 658 potuit.
641 599 843 643 Inimicos
866 599 1021 644 habuit
1037 635 1047 655 ,
1074 610 1123 644 ut
1152 602 1207 645 de
1232 602 1369 661 patria
1394 601 1629 661 pelleretur
1650 623 1660 659 3
1681 611 1725 646 et

337 685 437 714 cum
462 669 832 729 peregrinaretur,
853 670 1017 714 invenit
1035 670 1156 730 quod
1178 687 1268 715 non
1289 672 1481 716 habebat
1503 671 1548 715 in
1569 673 1721 732 patria.

337 743 435 787 Non
456 741 514 784 sic
537 749 599 784 est
627 741 764 799 patria
795 740 868 784 illa
891 741 1129 785 Jerusalem
1149 777 1160 797 ‚
1196 742 1273 785 ubi
1296 759 1446 787 omnes
1468 743 1572 787 boni
1599 763 1608 788 ;
1633 744 1727 803 qui-

337 826 528 871 cumque
550 810 652 854 inde
671 811 971 871 peregrinatur
986 847 997 866 ‚
1022 812 1135 856 iuter
1158 812 1293 857 malos
1312 823 1403 871 θεῖς
1424 829 1504 858 nec
1526 813 1727 859 recedere

335 898 358 926 a
380 881 502 926 malis
516 890 673 940 potest,
691 882 771 926 nisi
788 898 888 926 cum
915 881 1090 926 redierit
1105 883 1158 927 ad
1177 883 1426 928 societatem
1441 884 1725 942 Angelorum,

335 962 386 997 ut
407 952 466 996 ibi
488 952 543 996 sit
564 951 682 996 unde
703 953 1020 1012 peregrinatur.
1046 953 1113 997 Ibi
1136 969 1285 998 omnes
1297 953 1404 1013 justi
1419 963 1461 998 et
1473 955 1610 998 sancti
1625 989 1635 1010 ,
1652 955 1729 1015 qui

337 1022 545 1068 :fruuntur
562 1023 708 1066 Verbo
725 1022 800 1066 Dei
823 1023 914 1067 sine
930 1022 1117 1068 lectione
1132 1058 1144 1080 ‚
1161 1024 1251 1067 sine
1269 1023 1422 1069 litteris
1445 1023 1590 1085 :quod
1614 1025 1730 1069 enim

339 1095 466 1140 nobis
494 1110 570 1154 per
603 1095 783 1153 paginas
816 1095 1024 1155 scriptum
1055 1104 1145 1150 est,
1170 1110 1248 1154 per
1269 1094 1422 1139 faciem
1446 1098 1523 1141 Dei
1549 1095 1612 1139 illi
1634 1111 1731 1139 cer-

338 1174 466 1209 nunt.
487 1164 636 1218 Qualis
650 1165 788 1224 patria
802 1167 820 1210 P
836 1168 993 1225 Magna
1010 1166 1147 1226 patria
1159 1201 1170 1222 ,
1184 1175 1228 1211 et
1241 1167 1382 1210 miseri
1395 1175 1497 1211 sunt
1513 1166 1731 1227 peregrini

342 1236 398 1281 ab
419 1228 494 1280 illa
512 1236 667 1296 patria.

396 1309 496 1351 VII.
524 1305 609 1351 Sed
632 1305 753 1367 quod
776 1307 835 1351 ait
854 1306 960 1352 iste:
988 1325 1009 1349 «
1034 1307 1294 1368 Longinqua
1318 1305 1431 1352 facta
1458 1317 1521 1352 est
1538 1309 1732 1368 peregri-

341 1395 362 1419 »
379 1377 498 1422 natio
511 1392 606 1421 mea
621 1396 630 1422 z
650 1377 862 1421 »maxime
874 1393 1026 1422 eorum
1033 1394 1117 1422 vox
1128 1387 1206 1433 est,
1217 1378 1261 1422 id
1273 1388 1353 1434 est,
1364 1379 1496 1438 ipsius
1509 1378 1728 1435 Ecclesiae,

339 1464 440 1508 quae
473 1447 644 1492 laborat
668 1448 713 1491 in
750 1448 832 1492 hac
865 1457 993 1493 terra.
1030 1448 1151 1492 Illius
1174 1464 1258 1492 vox
1296 1458 1381 1503 est,
1407 1465 1507 1509 quae
1529 1449 1733 1494 clamata

340 1518 501 1562 finibus
524 1527 650 1562 terrae
667 1519 713 1562 in
736 1518 820 1563 alio
839 1517 1015 1563 Psalmo
1038 1517 1185 1564 dicens
1212 1539 1221 1565 :
1247 1538 1268 1561 «
1293 1522 1331 1563 A
1357 1520 1518 1564 finibus
1540 1529 1665 1564 terrae
1679 1520 1735 1564 ad

343 1607 364 1630 »
400 1598 443 1633 te
477 1588 707 1634 clamavi¹.
736 1608 757 1630 »
789 1589 894 1642 Quis
930 1598 1128 1634 nostrum
1160 1589 1318 1634 clamat
1337 1606 1360 1634 a
1393 1590 1553 1634 finibus
1582 1593 1734 1635 terrae?

340 1662 430 1705 Nec
453 1674 533 1717 ego
549 1694 561 1715 ,
586 1676 667 1704 nec
700 1669 750 1704 tu
767 1695 777 1714 ,
803 1676 883 1704 nec
906 1659 980 1704 ille
1006 1679 1014 1705 ε
1041 1660 1114 1704 sed
1147 1677 1169 1704 a
1198 1661 1359 1704 finibus
1378 1669 1504 1705 terrae
1521 1661 1613 1720 ipsa
1645 1671 1735 1706 tota

341 1730 535 1775 Ecclesia
559 1765 569 1785 ‚
609 1739 701 1774 tota
737 1729 964 1774 haereditas
995 1730 1156 1775 Christi
1187 1730 1372 1789 clamat3
1409 1731 1510 1791 quia
1546 1732 1736 1777 Ecclesia

341 1800 572 1845 haereditas
585 1801 697 1860 ejus,
717 1810 759 1844 et
775 1800 829 1845 de
841 1799 1032 1845 Ecclesia
1047 1800 1214 1845 dictum
1237 1810 1301 1846 est
1315 1837 1326 1856 ,
1353 1821 1369 1841 «
1402 1802 1578 1847 Postula
1593 1819 1615 1847 a
1638 1818 1707 1847 me
1721 1839 1732 1858 ‚

347 1889 368 1913 »
405 1880 448 1915 et
469 1870 584 1915 dabo
608 1871 685 1914 tibi
709 1880 857 1928 gentes
879 1870 1179 1915 haereditatem
1196 1881 1317 1915 tuam
1332 1906 1343 1926 ‚
1364 1881 1407 1915 et
1425 1874 1735 1931 possessionem

347 1961 368 1984 »
405 1951 526 1986 tuam
542 1942 750 1986 terminos
764 1950 889 1985 terrae
901 1946 933 1986 ¹2.
955 1961 974 1983 »
994 1944 1206 1987 Possessio
1226 1943 1385 1987 Christi
1404 1959 1542 2003 usque
1563 1945 1617 1988 ad
1628 1945 1735 1988 fines

344 2022 492 2067 terrae,
519 2022 561 2056 et
578 2013 786 2072 possessio
811 2013 969 2058 Christi
994 2028 1143 2057 omnes
1165 2014 1326 2068 sancti,
1349 2023 1392 2057 et
1425 2030 1574 2058 omnes
1599 2016 1737 2059 sancti

345 2099 460 2127 unus
479 2084 611 2127 homo
633 2083 678 2126 in
701 2083 874 2128 Christo
895 2119 905 2136 ‚
932 2084 1032 2143 quia
1055 2084 1197 2127 unitas
1218 2093 1366 2128 sancta
1389 2085 1433 2127 in
1450 2085 1622 2129 Christo
1645 2094 1731 2141 est3

345 2154 435 2214 ipse
448 2170 562 2198 unus
574 2154 706 2198 homo
722 2153 825 2198 dicit
845 2173 852 2198 :
873 2173 892 2196 «
909 2157 947 2198 Α
964 2154 1124 2198 finibus
1143 2163 1268 2198 terrae
1283 2154 1337 2198 ad
1355 2164 1396 2198 te
1412 2155 1609 2209 clamavi,
1627 2154 1735 2199 dum

348 2242 369 2265 »
405 2235 637 2283 angeretur
659 2240 733 2268 cor
761 2239 924 2268 meum.
955 2243 974 2265 »
1002 2225 1142 2284 Hujus
1160 2240 1263 2283 ergo
1285 2225 1473 2268 hominis
1497 2225 1735 2285 longinqua

346 2295 635 2355 peregrinatio
659 2294 770 2339 faeta
793 2305 856 2339 est
880 2297 993 2339 inter
1015 2295 1164 2340 malos.
1192 2299 1248 2340 Et
1280 2305 1490 2356 tanquam
1519 2297 1737 2341 diceretur

345 2364 423 2409 illi.
451 2367 560 2410 Cum
584 2365 744 2425 quibus
768 2381 870 2424 ergo
893 2366 1063 2410 habitas
1083 2401 1094 2421 ‚
1116 2375 1164 2410 ut
1180 2367 1359 2424 gemas?
1382 2386 1401 2409 «
1425 2366 1733 2425 Peregrinatio,

350 2453 371 2477 υ
406 2436 564 2496 inquit,
584 2452 676 2480 mea
689 2436 924 2496 longinqua
939 2436 1051 2481 faeta
1070 2446 1148 2481 est.
1165 2456 1182 2477 »
1204 2436 1288 2481 Sed
1305 2438 1427 2498 quid,
1450 2438 1597 2481 sicum
1614 2438 1737 2481 bonis

349 2508 485 2551 esset?
509 2507 552 2551 Si
569 2522 669 2551 cum
687 2508 810 2551 bonis
842 2517 951 2551 esset
973 2524 1063 2552 non
1080 2507 1242 2552 diceret
1264 2527 1273 2552 :
1299 2527 1319 2549 «
1345 2510 1441 2552 Heu
1464 2508 1553 2552 me!
1577 2527 1597 2548 »
1619 2510 1732 2562 Heu,

401 2599 408 2614 ¹
436 2592 520 2624 Psal.
546 2603 598 2634 Lx,
615 2594 645 2626 3.
680 2609 714 2616 -
739 2599 751 2616 ¹
774 2593 818 2625 ld.
841 2605 879 2635 11,
898 2595 929 2625 8.
