1848 3261
468 223 709 255 ENARRATIO
740 225 785 256 m
817 221 1019 253 rsALMun
1051 226 1169 253 cvm.
1406 215 1489 254 277

108 288 314 334 fidelibus
342 290 458 350 ejus,
484 289 813 335 convenientius
849 286 1032 346 intelligi
1061 289 1271 335 existimo.
1297 290 1427 344 Quod
1442 300 1492 334 ut

109 360 341 420 aliquando
354 360 543 420 apertius
555 369 751 420 poneret,
761 357 916 403 maluit
929 357 1071 403 dicere
1084 377 1123 403 z«
1136 359 1256 405 Sicut
1264 359 1458 416 locustae,
1467 379 1488 403 υ

106 446 239 491 quam
259 431 369 475 sicut
389 430 554 476 locusta
581 449 589 475 :
616 429 811 490 quamvis
833 437 876 473 et
890 443 1074 474 numero
1095 429 1302 488 singulari
1318 441 1493 489 possent

106 501 243 561 accipi
266 503 395 546 etiam
411 500 588 557 multae3
614 500 724 545 sicut
744 497 856 543 illud
877 508 942 543 est
957 534 968 554 ,
997 518 1017 541 «
1038 499 1155 544 Dixit
1169 534 1180 555 ,
1214 509 1258 545 et
1278 500 1399 545 venit
1424 500 1493 546 lo·

109 589 129 611 »
165 581 286 616 custa
303 574 317 598 ²
343 588 352 612 :
383 589 403 612 »
437 570 513 615 sed
541 579 650 615 esset
681 569 920 614 obscurius.
956 570 1133 615 Excussi
1159 580 1261 616 sunt
1287 585 1388 630 ergo
1405 606 1416 626 ‚
1447 570 1496 615 id

106 651 196 696 est,
222 641 359 699 fugati
381 658 404 686 a
419 640 768 702 persecutoribus
784 640 933 684 fideles
952 641 1065 700 ejus,
1081 656 1271 701 quorum
1281 641 1354 687 vel
1374 641 1495 686 mul-

103 711 338 756 titudinem
357 712 589 771 significari
604 710 745 756 voluit
763 711 940 755 nomine
955 710 1256 768 locustarum,
1283 712 1355 758 vel
1376 712 1496 774 quod

103 781 400 827 transilierunt
418 782 620 827 deloco
609 798 656 825 1n
672 781 834 826 locum.

160 854 323 906 XXVI.
355 853 547 896 «Genua
577 866 674 895 mea
704 851 923 896 infirmata
954 861 1055 896 sunt
1079 868 1101 896 a
1121 853 1288 913 jejunio
1301 857 1335 898 ².
1367 872 1388 894 »
1415 856 1498 898 Le-

105 921 244 981 gimus
266 922 503 966 Dominum
525 921 749 966 Christum
771 920 1058 981 quadraginta
1091 922 1261 967 dierum
1293 923 1496 967 habuisse

96 993 338 1053 jejunium3
359 1007 367 1034 ε
388 991 464 1036 sed
483 1001 729 1036 tantum-ne
744 991 882 1036 valuit
894 993 940 1036 in
957 1007 1008 1037 eo
1024 992 1097 1036 illa
1110 992 1270 1049 inedia,
1286 1003 1337 1037 ut
1355 1009 1498 1053 genua

102 1064 192 1123 ejus
213 1064 566 1108 infirmarentur?
588 1067 657 1108 An
679 1072 723 1107 et
743 1063 826 1107 hoc
849 1063 896 1107 in
916 1063 1123 1108 membris
1146 1065 1236 1124 ejus
1255 1100 1265 1120 ‚
1301 1065 1386 1109 hoc
1415 1074 1492 1120 est,

101 1134 257 1179 sanctis
284 1136 376 1195 ejus
410 1135 551 1194 aptius
572 1134 830 1192 intelligitur
845 1137 864 1176 ἰ)
896 1154 916 1177 «
940 1137 997 1179 Et
1019 1150 1119 1180 caro
1147 1151 1244 1180 mea
1265 1136 1496 1181 immutata

103 1222 124 1245 »
159 1214 224 1249 est
245 1214 424 1264 propter
446 1204 592 1249 oleum
613 1223 622 1249 z
642 1214 820 1263 propter
836 1205 1021 1263 gratiam
1038 1205 1289 1265 spiritalem.
1309 1205 1436 1251 Unde
1450 1215 1494 1251 et

101 1275 296 1320 Christus
334 1274 579 1335 appellatur
610 1290 634 1318 a
655 1274 887 1319 chrismate
915 1295 923 1319 z
948 1276 1135 1320 chrisma
1164 1286 1310 1321 autem
1343 1277 1494 1322 unctio

102 1354 179 1390 est.
205 1347 316 1390 Caro
345 1354 492 1389 autem
524 1354 704 1404 propter
732 1343 878 1389 oleum
907 1361 997 1389 non
1018 1345 1065 1389 in
1094 1346 1282 1391 deterius
1299 1382 1309 1402 ‚
1341 1346 1418 1392 sed
1448 1348 1495 1391 in

102 1414 255 1459 melius
285 1415 514 1459 immutata
546 1424 636 1468 est,
669 1414 752 1458 hoc
791 1423 881 1469 est,
913 1431 936 1458 a
969 1417 1121 1460 mortis
1152 1417 1414 1462 contumelia
1447 1418 1493 1462 in

100 1483 283 1544 gloriam
324 1483 656 1529 immortalitatis
691 1499 921 1543 exurgens.
959 1487 1073 1529 Cum
1103 1487 1253 1546 itaque
1281 1488 1485 1533 dixisset:

101 1572 122 1595 »
159 1555 309 1598 Genua
330 1569 427 1598 mea
446 1554 668 1598 infirmata
689 1563 793 1597 sunt
810 1570 832 1597 a
844 1555 1010 1614 jejunio
1026 1590 1036 1609 ‚
1059 1574 1079 1596 υ
1101 1555 1178 1599 ubi
1200 1557 1492 1615 significatum

100 1639 189 1668 esse
210 1624 397 1669 arbitror
420 1639 492 1668 eos
521 1623 597 1683 qui
620 1623 665 1666 in
694 1623 898 1667 membris
927 1625 1019 1684 ejus
1048 1623 1180 1670 fortes
1201 1626 1487 1683 videbantur,

99 1704 308 1755 tanquam
337 1695 564 1754 praesentia
593 1696 714 1754 panis
742 1710 831 1755 quo
862 1697 1219 1741 sustentabantur
1246 1698 1458 1744 abstracta
1475 1735 1486 1752 ‚

98 1766 143 1809 in
165 1767 258 1825 ejus
281 1765 478 1825 passione
500 1764 706 1809 defecisse
724 1780 863 1825 usque
881 1765 935 1810 ad
957 1767 1234 1826 negationem
1249 1804 1260 1824 ‚
1282 1785 1381 1830 quae
1408 1786 1487 1830 ap-

99 1835 246 1894 paruit
267 1836 313 1879 in
332 1839 458 1880 Petro
485 1855 493 1879 :
521 1844 729 1895 tanquam
759 1835 814 1879 ad
838 1851 909 1880 eos
942 1838 1285 1895 confirmandos,
1312 1856 1368 1884 ne
1387 1857 1488 1886 suc-

99 1905 348 1949 cumbendo
364 1905 537 1964 penitus
558 1904 762 1949 caderent
779 1940 789 1960 ,
814 1925 835 1948 «
859 1908 914 1951 Et
932 1922 1031 1952 caro
1054 1923 1149 1953 mea
1167 1944 1178 1964 ‚
1202 1909 1346 1970 inquit
1365 1946 1375 1966 ‚
1400 1911 1485 1955 im-

100 1993 121 2015 »
157 1984 324 2020 mutata
335 1984 586 2035 estpropter
598 1974 759 2031 oleum,
775 1993 795 2017 »
809 1989 859 2021 ut
871 1992 943 2022 eos
955 1993 1048 2022 mea
1063 1988 1204 2023 morte
1216 1980 1482 2036 deficientes,

97 2060 193 2089 mea
214 2046 530 2090 resurrectione
551 2046 769 2090 firmarem
785 2081 795 2100 ‚
827 2056 871 2091 et
890 2047 1020 2093 misso
1044 2049 1208 2108 Spiritu
1232 2059 1381 2095 sancto
1397 2067 1483 2096 un-

99 2130 297 2174 guerem,
324 2116 401 2175 qui
417 2131 508 2160 non
528 2115 583 2160 ad
604 2131 675 2161 eos
697 2117 909 2172 venisset,
945 2117 1026 2162 nisi
1049 2134 1128 2177 ego
1149 2120 1361 2165 abiissem.
1387 2124 1482 2167 Hoc

98 2185 215 2229 enim
232 2185 420 2241 dixerat,
450 2205 471 2228 «
490 2188 586 2231 Non
608 2195 750 2246 potest
770 2185 842 2231 ille
863 2188 1009 2232 venire
1024 2224 1034 2244 ‚
1053 2189 1134 2233 nisi
1150 2205 1230 2249 ego
1246 2191 1392 2236 abiero
1406 2193 1438 2235 4.
1457 2210 1477 2233 »

97 2258 154 2300 Et
174 2256 448 2315 Evangelista
467 2257 599 2313 dixit,
628 2277 648 2300 «
668 2257 874 2303 Nondum
892 2268 982 2304 erat
1006 2260 1187 2320 Spiritus
1211 2261 1363 2318 datus,
1378 2263 1481 2323 quia

100 2344 120 2366 »
156 2328 279 2370 Jesus
301 2325 499 2371 nondum
518 2327 660 2372 fuerat
682 2327 943 2387 glorificatus
957 2332 988 2374 ⁵.
1017 2349 1036 2372 >›
1061 2331 1268 2376 Nondum
1291 2341 1381 2377 erat
1403 2333 1482 2377 im-

97 2406 263 2441 mutata
285 2413 384 2443 caro
406 2400 511 2458 ejus.
540 2399 636 2444 Sive
654 2408 799 2443 autem
820 2415 897 2459 per
920 2416 1076 2461 aquam
1098 2412 1274 2462 propter
1292 2402 1480 2448 ablutio-

145 2500 154 2515 ¹
171 2495 251 2526 Psal.
275 2506 338 2536 cxv,
359 2496 411 2537 34.
432 2513 473 2518 Ᾰ-
492 2503 504 2518 ²
524 2497 571 2528 Id.
586 2507 670 2537 cvm,
691 2496 743 2536 2‘3.
762 2512 803 2518 ——
824 2494 836 2519 3
857 2497 968 2529 Manli.
984 2509 1029 2538 iv,
1045 2507 1075 2530 2.
1101 2498 1169 2528 --4
1190 2501 1277 2531 Joau.
1301 2510 1368 2539 ππ,
1389 2510 1420 2540 7.
1436 2517 1477 2523 —

98 2547 112 2571 5
133 2549 178 2580 Id.
199 2560 255 2589 vn,
276 2550 316 2592 39
