1848 3261
238 212 478 242 ENARRATIO
509 217 554 243 m
586 214 788 244 PsALMUM
819 217 977 254 cxvm,
1012 214 1150 245 SERMO
1182 218 1304 246 xxm.
1376 207 1459 246 493

84 279 198 322 enim
219 278 368 323 lumen
389 296 556 332 verum,
581 297 670 325 non
691 282 810 341 quod
830 281 1116 337 illuminatur,
1142 293 1193 327 ut
1212 285 1361 338 homo,
1387 283 1463 328 sed

83 348 203 408 quod
222 349 440 395 illuminat
461 366 636 395 omnem
657 351 879 396 hominem
896 353 926 394 1.
951 352 1038 396 Nisi
1056 362 1201 396 autem
1222 364 1264 397 et
1285 353 1462 398 lucerna

83 418 234 462 lumen
262 430 394 475 esset,
427 436 516 465 non
553 422 716 466 diceret
745 421 961 480 Apostolis
989 441 997 466 :
1031 441 1048 461 «
1080 424 1165 466 Vos
1195 423 1292 466 estis
1315 423 1464 467 lumen

88 507 107 530 υ
142 489 295 534 mundi
311 492 343 533 ².
359 509 378 532 n
406 495 500 543 Quo
522 491 669 535 audito
691 506 745 535 ne
766 491 811 535 id
829 507 873 535 sc
890 501 1095 551 putarent
1117 507 1204 536 esse
1219 527 1229 546 ,
1255 495 1375 551 quod
1392 493 1464 536 ille

84 560 160 619 qui
176 561 259 605 hoc
274 561 438 605 dixerat
454 583 465 619 3
481 577 582 606 nam
600 571 643 606 et
655 561 710 605 de
725 577 768 605 se
782 562 873 620 ipso
888 561 1079 621 quodam
1094 561 1190 606 loco
1203 562 1331 606 dixit:
1347 565 1465 619 «Ego

87 649 108 672 »
143 647 238 675 sum
259 632 409 676 lumen
432 632 617 676 mundi3
641 651 650 678 ε
681 653 698 674 »
735 633 795 677 ait
824 632 907 677 illis
938 633 993 677 de
1016 632 1097 677 illis
1124 653 1133 678 ;
1163 653 1180 674 «
1206 637 1300 679 Non
1325 643 1468 693 potest

86 719 107 742 »
142 702 289 746 civitas
312 702 519 747 abscondi
552 718 680 763 super
712 712 907 747 montem
928 704 1189 758 constituta‚
1215 719 1360 764 neque
1391 720 1466 748 ac-

87 789 108 812 »
143 771 337 816 cendunt
357 772 577 817 lucernam
596 783 639 817 et
656 783 828 833 ponunt
845 788 940 817 eam
961 774 1042 817 sub
1063 773 1227 829 modio,
1243 773 1318 818 sed
1338 789 1468 834 super

87 859 107 883 »
142 841 471 898 candelabrum,
488 853 538 888 ut
558 843 702 888 luceat
726 844 928 888 omnibus
948 844 1084 904 quiin
1106 844 1237 889 domo
1259 854 1385 902 sunt3
1410 845 1468 889 sic

86 930 107 953 »
141 911 285 957 luceat
305 912 456 957 lumen
476 923 668 958 vestrum
686 930 831 958 coram
853 914 1129 958 hominibus*
1154 934 1163 959 :
1198 933 1218 954 »
1239 924 1290 958 ut
1311 915 1470 958 scirent

84 997 129 1027 se
153 993 361 1043 tanquam
383 983 604 1040 lucernas,
628 983 682 1028 de
704 984 779 1029 illo
812 984 977 1028 lumine
997 983 1119 1044 quod
1140 983 1470 1028 immutabiliter

83 1052 203 1097 lucet
222 1069 435 1098 accensas.
461 1053 590 1098 Nulla
612 1054 774 1114 quippe
797 1064 1010 1110 creatura,
1035 1054 1231 1112 quamvis
1248 1054 1470 1098 rationalis

86 1132 129 1167 et
151 1123 476 1179 intellectualis,
503 1141 526 1169 a
550 1141 593 1169 se
615 1125 705 1184 ipsa
729 1124 1017 1180 illuminatur,
1044 1124 1119 1168 sed
1141 1125 1471 1184 participatione

85 1195 359 1254 sempiternae
379 1195 571 1239 veritatis
593 1195 844 1239 accenditur
871 1215 880 1239 :
913 1195 1042 1239 etiam
1065 1196 1098 1238 si
1123 1194 1358 1255 aliquando
1381 1194 1472 1238 dies

86 1274 292 1320 vocatur,
318 1280 406 1309 non
425 1265 515 1308 dies
538 1265 770 1320 Dominus,
793 1266 868 1309 sed
886 1281 1018 1326 quem
1043 1263 1145 1309 fecit
1164 1265 1388 1308 Dominus.
1415 1267 1472 1309 Et

86 1335 185 1379 ideo
204 1335 326 1379 audit
350 1354 359 1379 :
379 1354 396 1375 «
426 1334 630 1379 Accedite
650 1335 705 1380 ad
727 1351 843 1391 eum,
864 1345 907 1379 et
928 1335 1234 1380 illuminamini
1250 1338 1263 1361 ⁵
1300 1354 1320 1376 »
1339 1339 1473 1394 Prop-

87 1415 152 1450 ter
180 1422 313 1466 quam
334 1407 707 1466 participationem
724 1443 735 1462 ‚
760 1408 806 1450 in
836 1416 1051 1467 quantum
1073 1407 1205 1450 homo
1234 1415 1296 1450 est
1318 1415 1362 1450 et
1382 1407 1472 1465 ipse

86 1476 301 1521 Mediator
317 1512 328 1527 ‚
361 1476 539 1521 lucerna
568 1478 613 1520 in
636 1476 896 1537 Apocalypsi
918 1486 1199 1536 nuncupatur
1219 1479 1250 1520 ⁶.
1280 1477 1364 1521 Sed
1385 1477 1474 1520 sin-

88 1547 247 1606 gularis
270 1557 334 1591 est
360 1547 437 1591 ista
461 1548 676 1607 susceptio
704 1567 713 1592 :
751 1547 805 1591 de
827 1547 951 1591 nullo
974 1547 1089 1591 enim
1110 1556 1360 1592 sanctorum
1385 1546 1473 1590 dici

87 1618 293 1662 divinitus
315 1619 484 1678 potuit,
515 1628 591 1663 aut
621 1618 706 1662 dici
732 1618 823 1662 ullo
853 1617 985 1662 modo
1013 1618 1077 1662 fas
1108 1627 1192 1673 est,
1231 1637 1251 1660 «
1276 1617 1474 1661 Verbum

90 1707 110 1730 »
146 1688 432 1738 carofactum
450 1698 513 1733 est
527 1691 541 1716 ⁷
556 1724 567 1744 ‚
596 1708 614 1731 n
637 1689 718 1732 nisi
739 1688 794 1732 dc
815 1704 905 1732 uno
926 1688 1165 1732 mediatore
1182 1689 1254 1731 Dei
1276 1696 1319 1731 et
1336 1687 1474 1731 homi-

88 1762 240 1804 numss.
279 1761 393 1805 Cum
423 1759 557 1818 igitur
591 1758 743 1802 lumen
780 1758 951 1802 dicatur
979 1758 1255 1816 unigenitum
1277 1758 1474 1801 Verbum

89 1830 257 1891 aequale
289 1830 510 1888 gignenti,
544 1829 695 1872 lumen
717 1827 887 1872 dicatur
915 1837 958 1871 et
979 1828 1111 1872 homo
1133 1827 1187 1870 ab
1216 1827 1291 1872 illo
1326 1828 1473 1872 Verbo

90 1901 360 1945 illuminatus
376 1935 387 1954 ‚
412 1900 489 1960 qui
521 1899 679 1943 dicitur
703 1908 745 1942 et
763 1898 940 1942 lucerna
955 1933 966 1952 ‚
993 1898 1104 1942 sicut
1125 1900 1313 1942 Joannes
1329 1933 1339 1953 ,
1365 1899 1476 1943 sicut

90 1970 317 2030 Apostoli,
349 1985 429 2014 nec
456 1968 573 2013 ullus
610 1984 761 2013 eorum
793 1969 925 2013 homo
957 1969 1010 2012 sit
1032 1969 1226 2012 Verbum
1247 2003 1258 2023 ,
1284 1977 1327 2012 et
1363 1967 1475 2013 illud

92 2042 287 2085 Verbum
309 2056 330 2085 a
349 2056 437 2101 quo
459 2039 690 2083 illuminati
713 2048 835 2094 sunt,
860 2038 1038 2082 lucerna
1060 2054 1149 2082 non
1167 2038 1222 2081 sit
1246 2058 1254 2082 :
1281 2038 1388 2098 quid
1410 2048 1475 2084 est

90 2113 174 2157 hoc
197 2110 391 2155 Verbum
408 2146 418 2166 ‚
451 2108 570 2170 quod
608 2110 667 2153 ita
695 2109 847 2153 lumen
875 2109 1061 2164 dicitur,
1095 2118 1146 2152 ut
1172 2109 1349 2152 lucerna
1388 2109 1471 2165 sit3

91 2183 175 2241 (ait
191 2182 334 2238 enim,
366 2200 383 2222 «
411 2184 605 2225 Lucerna
628 2179 811 2239 pedibus
832 2180 937 2223 meis
959 2180 1143 2224 verbum
1165 2188 1289 2222 tuum
1303 2214 1313 2233 ‚
1339 2187 1382 2221 et
1404 2177 1474 2222 lu-

95 2272 116 2295 »
150 2268 251 2297 men
267 2253 427 2297 semitis
452 2252 556 2296 meis
576 2271 585 2296 :
605 2251 716 2310 )nisi
736 2251 918 2294 verbum
941 2249 1232 2309 intelligamus
1249 2248 1369 2309 quod
1391 2248 1475 2293 fac-

93 2335 189 2370 tum
209 2333 274 2369 est
293 2324 348 2369 ad
367 2324 621 2384 Prophetas,
636 2321 840 2383 velquod
860 2320 1143 2381 praedicatum
1161 2330 1224 2364 cst
1244 2335 1321 2380 per
1338 2323 1476 2379 Apos-

143 2448 151 2465 ¹
177 2443 268 2474 Joan.
300 2452 313 2473 1
329 2464 338 2482 ‚
359 2451 429 2483 1-9.
450 2457 487 2463 —
509 2446 521 2462 ²
540 2439 653 2472 Matth.
675 2450 708 2480 v,
744 2436 793 2479 14.
815 2455 857 2461 —
877 2435 890 2460 3
908 2440 999 2470 Joan.
1021 2449 1090 2479 vm,
1121 2446 1170 2469 12.
1203 2453 1240 2458 —
1261 2434 1276 2465 4
1295 2436 1409 2468 Matth.
1442 2446 1475 2477 v,

99 2495 209 2540 14-16.
245 2514 288 2520 --
317 2495 332 2520 ⁵
363 2496 440 2530 Psat.
462 2507 557 2530 xxxin
574 2522 583 2538 ,
613 2496 644 2528 6.
674 2512 715 2518 —-
741 2492 756 2517 6
777 2496 876 2537 Apoc.
898 2505 969 2536 xxi,
996 2497 1050 2526 23.
1073 2511 1112 2517 ··-
1131 2501 1144 2526 7
1171 2495 1264 2524 Joan.
1290 2504 1324 2534 1,
1352 2492 1401 2536 14.
1433 2509 1475 2516 -—

98 2551 114 2576 Β
135 2564 148 2586 x
169 2553 250 2586 Tim.
268 2563 305 2595 11,
324 2555 356 2585 5.
