1848 3261
367 166 455 204 270
800 176 833 202 s.
869 172 1102 203 Ancus‘nm
1134 175 1317 202 EPISCOPI

365 256 455 284 non
471 238 548 283 diu
564 248 713 298 postea
734 240 1022 299 perseveravit
1040 254 1223 298 regnum
1245 242 1269 282 J
1274 238 1517 283 udaeorum.
1539 258 1558 281 «
1578 242 1635 283 Et
1647 240 1754 298 epis-

371 328 391 350 »
425 317 633 368 copatum
656 309 746 368 ejus
770 308 951 367 accipiat
972 308 1094 352 alter.
1120 327 1138 349 »
1162 311 1309 368 Ipsum
1346 310 1580 353 Dominum
1608 309 1756 353 Chris-

365 387 461 423 tum
500 394 592 423 non
626 379 968 438 incongruenter
1004 378 1190 437 intelligi
1228 379 1421 424 existimo
1458 380 1755 439 episcopatum

364 449 517 509 populi
538 448 794 494 Judaeorum
815 484 826 503 ,
851 449 952 508 quia
974 447 1028 492 de
1060 449 1178 493 tribu
1201 452 1225 493 J
1231 448 1315 493 uda
1341 449 1481 494 factus
1503 459 1568 493 est
1599 464 1757 493 secun—

366 519 473 563 dum
507 534 682 563 carnem
713 539 721 563 :
754 528 797 562 et
819 518 1049 577 Apostolus
1081 520 1140 563 ait
1165 538 1173 563 :
1211 539 1232 562 ‹<
1258 519 1364 563 Dico
1398 520 1514 562 enim
1537 519 1758 564 Christum

368 608 389 631 »
425 590 670 633 ministrum
705 587 834 631 fuisse
863 588 1198 633 circumcisionis
1221 599 1398 649 propter
1429 590 1658 634 veritatem
1680 589 1760 633 Dei

369 678 389 700 »
424 659 480 704 ad
501 658 820 703 confirmandas
850 660 1152 718 promissiones
1172 664 1349 704 Patrum
1369 663 1402 704 1.
1434 679 1453 702 »
1479 664 1535 704 Et
1556 661 1646 720 ipse
1667 659 1727 704 ait
1747 679 1756 703 :

371 750 392 773 «
425 733 523 776 Non
539 746 636 774 sum
660 730 832 784 missus,
854 730 935 774 nisi
958 730 1014 774 ad
1035 747 1135 775 oves
1158 748 1256 791 quac
1279 732 1503 791 perierunt
1525 732 1681 775 domus
1704 734 1761 775 Is-

318 807 326 813 *
371 819 391 841 »
428 801 577 858 rael23
605 818 625 841 »
652 801 754 860 quia
790 799 873 844 illis
909 802 1106 845 exhibuit
1138 803 1184 845 in
1217 818 1346 846 carne.
1378 803 1667 862 praesentiam.
1706 805 1763 846 Et

368 871 485 930 Magi
505 871 583 931 qui
613 871 668 914 ab
693 871 872 914 Oriente
903 881 1139 926 venerunt,
1174 873 1257 916 hoc
1280 874 1484 916 dixerunt
1514 893 1521 916 :
1558 892 1577 914 «
1598 873 1683 916 Ubi
1701 881 1764 916 cst

376 960 393 983 »
429 942 505 1002 qui
522 951 651 986 natus
670 951 734 985 est
755 958 829 985 rex
849 945 873 986 J
879 943 1104 987 udaeorum
1123 944 1169 986 3?
1186 963 1204 984 »
1224 946 1279 987 Et
1300 944 1383 987 hoc
1410 944 1454 986 in
1476 943 1604 987 titulo
1627 943 1764 1002 scrip-

372 1021 463 1056 tum
483 1022 574 1056 erat
595 1028 724 1072 super
745 1013 1000 1057 crucifixum
1024 1033 1034 1058 ι
1060 1012 1177 1057 unde
1194 1012 1304 1057 illud
1326 1023 1494 1057 mutare.
1511 1012 1761 1058 volentibus

371 1098 461 1126 non
475 1081 633 1126 frustra
655 1082 878 1142 respondit
902 1083 1063 1127 Pilatus
1090 1103 1099 1128 z
1129 1103 1149 1125 ‹<
1176 1084 1306 1136 Quod
1327 1084 1502 1142 scripsi,
1523 1084 1716 1142 scripsi4.
1738 1103 1757 1125 »

371 1156 500 1198 Hunc
521 1169 622 1212 ergo
641 1155 937 1214 episcopatum
964 1153 1114 1214 populi
1136 1158 1159 1198 J
1166 1154 1406 1210 udaeorum,
1432 1154 1479 1198 id
1500 1165 1579 1210 est,
1606 1157 1754 1199 Domi-

370 1240 478 1268 num
510 1225 730 1269 Christum
747 1260 758 1279 ‚
785 1224 949 1283 accepit
970 1224 1078 1268 alter
1096 1260 1106 1279 ,
1133 1224 1178 1268 id
1200 1234 1263 1269 est
1280 1261 1290 1280 ,
1317 1225 1505 1284 populus
1529 1227 1752 1270 Gentium.

377 1315 396 1337 «
431 1295 560 1339 Fiant
581 1294 659 1338 filii
680 1296 770 1355 ejus
793 1295 1027 1354 orphani.»
1051 1298 1112 1338 De
1134 1295 1294 1354 quibus
1317 1295 1502 1340 dicitur:
1537 1315 1557 1338 «
1578 1296 1675 1340 Filii
1693 1312 1764 1340 au-

376 1385 396 1407 »
429 1375 520 1410 tem
546 1366 668 1424 regni
700 1366 830 1409 ibunt
862 1366 907 1408 in
930 1365 1129 1408 tenebras
1152 1366 1422 1409 exteriores5.
1460 1384 1479 1406 »
1507 1367 1629 1410 Facti
1663 1376 1766 1412 sunt

373 1446 520 1481 autem
547 1436 732 1495 orphani
762 1436 914 1479 amisso
942 1435 1035 1494 ipso
1066 1450 1222 1493 regno,
1249 1435 1372 1494 quasi
1401 1445 1522 1494 patre
1560 1437 1761 1496 perdito:

370 1521 623 1567 quanquam
657 1515 700 1550 et
736 1509 874 1549 Deum
908 1515 1075 1564 patrem
1097 1505 1207 1548 bene
1230 1504 1536 1564 intelliguntur
1557 1507 1759 1551 amisisse.

377 1597 397 1619 «
431 1576 516 1630 Qui
538 1578 654 1620 enim
676 1575 818 1618 filium
851 1591 941 1618 non
963 1575 1097 1618 habet
1116 1610 1127 1629 ‚
1165 1575 1224 1619 ait
1247 1576 1413 1620 Veritas
1433 1611 1445 1630 ,
1477 1592 1557 1621 nec
1593 1581 1764 1621 Patrem

377 1665 396 1688 »
432 1647 603 1691 habetss.
624 1649 681 1690 Et
700 1661 808 1689 uxor
836 1646 926 1705 ejus
948 1645 1094 1688 vidua.
1117 1664 1136 1685 »
1160 1647 1274 1689 Uxor
1292 1647 1414 1704 regni
1437 1646 1560 1705 plebs
1580 1647 1764 1706 intelligi

374 1726 516 1777 potest
537 1753 548 1772 ‚
586 1716 658 1760 cui
689 1730 806 1773 reges
827 1714 1015 1759 subditae
1037 1715 1334 1760 dominantur.
1361 1716 1503 1760 Vidua
1524 1733 1627 1762 vero
1648 1717 1764 1762 facta

374 1797 438 1832 est
458 1788 612 1831 amisso
635 1787 729 1846 ipso
747 1801 897 1844 regno.
927 1804 947 1827 «
972 1787 1183 1830 Nutantes
1206 1786 1520 1830 transferantur
1542 1787 1620 1831 filii
1642 1789 1731 1848 ejus
1750 1824 1760 1844 ,

378 1876 397 1899 »
432 1867 476 1902 et
498 1856 762 1902 mendicent.
790 1875 810 1897 η
834 1858 1108 1901 Nutaverunt
1131 1855 1334 1914 periculis
1353 1891 1364 1909 ‚
1390 1858 1648 1915 urgentibus
1666 1859 1765 1902 hos-
1801 1868 1807 1875 ⁸

372 1929 490 1973 tibus
512 1928 706 1973 translati
728 1936 852 1981 sunt,
879 1926 1087 1970 debellati
1109 1927 1186 1970 filii
1213 1928 1335 1986 regni
1352 1930 1376 1972 J
1383 1928 1623 1973 udaeorum.
1651 1930 1765 1983 Quid

374 2009 438 2044 est
460 2009 606 2044 autem
624 1998 892 2052 mendicare7
914 1999 993 2041 nisi
1016 1997 1071 2041 ad
1093 1998 1323 2042 hominum
1340 1999 1676 2044 misericordiam
1699 2002 1765 2045 vi-

373 2086 473 2115 vere
489 2106 500 2125 ‚
526 2071 637 2115 sicut
666 2070 820 2114 vivunt
850 2069 931 2112 sub
960 2084 1109 2112 earum
1133 2068 1329 2127 gentium
1351 2069 1524 2127 regibus
1544 2105 1555 2124 ‚
1591 2071 1636 2114 in
1657 2087 1764 2131 quas

374 2141 568 2186 translati
599 2142 730 2185 sunt?
763 2160 783 2182 ‹<
809 2140 1046 2199 Ejiciantur
1068 2139 1124 2183 de
1146 2140 1486 2184 habitationibus
1514 2142 1615 2185 suis.
1645 2160 1665 2183 »
1699 2146 1765 2187 Ita

373 2211 539 2256 factum
566 2220 657 2266 est,
701 2230 722 2253 «
754 2212 980 2254 Scrutetur
1003 2209 1240 2254 foenerator
1268 2225 1443 2253 omnem
1480 2211 1764 2256 substantiam

378 2301 398 2324 »
433 2284 524 2343 ejus
546 2302 555 2327 2
573 2301 593 2323 η
611 2282 658 2325 id
674 2291 752 2336 est,
778 2280 929 2341 populi
951 2281 1057 2340 ejus.
1082 2280 1166 2324 Ubi
1184 2278 1292 2323 nihil
1312 2279 1466 2324 melius
1488 2281 1761 2339 intelligitur,

374 2370 508 2414 quam
529 2353 674 2397 debita
692 2367 842 2397 eorum
863 2367 953 2395 non
969 2350 1245 2395 dimittantur
1258 2385 1268 2405 ‚
1286 2351 1388 2410 quia
1410 2351 1455 2395 in
1476 2352 1567 2397 solo
1589 2353 1763 2398 Christo

429 2457 437 2473 ¹
459 2453 550 2482 Rom.
572 2461 630 2491 xv,
651 2449 682 2481 8.
704 2466 745 2471 —
761 2455 774 2471 ²
792 2447 904 2480 Matth.
926 2458 980 2487 xv,
1000 2446 1053 2488 24.
1081 2464 1121 2469 —
1143 2446 1157 2470 3
1175 2447 1219 2479 Id.
1236 2457 1280 2487 11,
1304 2458 1333 2488 1,
1351 2457 1384 2480 2.
1409 2464 1450 2469 —-
1466 2448 1481 2477 4
1503 2451 1594 2481 Joan.
1617 2458 1759 2490 x1x‚22.

381 2523 421 2528 —-
436 2504 451 2529 5
469 2505 582 2538 Matth.
599 2516 666 2546 vui,
689 2515 740 2537 12.
761 2521 800 2527 --
819 2501 835 2527 6
855 2515 866 2535 1
888 2506 979 2535 Joan.
1004 2514 1039 2544 11,
1059 2502 1112 2543 24.
