<?xml version="1.0" encoding="UTF-8"?>
<!DOCTYPE html PUBLIC "-//W3C//DTD XHTML 1.0 Transitional//EN"
    "http://www.w3.org/TR/xhtml1/DTD/xhtml1-transitional.dtd">
<html xmlns="http://www.w3.org/1999/xhtml" xml:lang="en" lang="en">
 <head>
  <title>
</title>
<meta http-equiv="Content-Type" content="text/html;charset=utf-8" />
  <meta name='ocr-system' content='tesseract 3.04.00' />
  <meta name='ocr-capabilities' content='ocr_page ocr_carea ocr_par ocr_line ocrx_word'/>
</head>
<body>
  <div class='ocr_page' id='page_1' title='image "./operaomniaaccura11auguuoft_0438.png"; bbox 0 0 1848 3261; ppageno 0'>
   <div class='ocr_carea' id='block_1_1' title="bbox 376 212 1332 254">
    <p class='ocr_par' dir='ltr' id='par_1_1' title="bbox 376 212 1332 254">
     <span class='ocr_line' id='line_1_1' title="bbox 376 212 1332 254; baseline -0.001 0"><span class='ocrx_word' id='word_1_1' title='bbox 376 212 463 254; x_wconf 77' lang='lat'><strong>426</strong></span> <span class='ocrx_word' id='word_1_2' title='bbox 817 226 853 254; x_wconf 85' lang='lat' dir='ltr'><strong>s.</strong></span> <span class='ocrx_word' id='word_1_3' title='bbox 887 222 1121 254; x_wconf 70' lang='lat' dir='ltr'><strong>Auousnm</strong></span> <span class='ocrx_word' id='word_1_4' title='bbox 1151 222 1332 253; x_wconf 66' lang='lat' dir='ltr'><strong>Episcom</strong></span> 
     </span>
    </p>
   </div>
   <div class='ocr_carea' id='block_1_2' title="bbox 370 289 1767 2536">
    <p class='ocr_par' dir='ltr' id='par_1_2' title="bbox 370 289 1767 2184">
     <span class='ocr_line' id='line_1_2' title="bbox 378 289 1764 350; baseline 0.001 -15"><span class='ocrx_word' id='word_1_5' title='bbox 378 289 558 335; x_wconf 88' lang='lat' dir='ltr'><strong>remiam</strong></span> <span class='ocrx_word' id='word_1_6' title='bbox 574 290 831 350; x_wconf 79' lang='lat' dir='ltr'><strong>prophetam</strong></span> <span class='ocrx_word' id='word_1_7' title='bbox 848 309 858 336; x_wconf 92' lang='lat'>:</span> <span class='ocrx_word' id='word_1_8' title='bbox 879 310 899 334; x_wconf 93' lang='lat'>«</span> <span class='ocrx_word' id='word_1_9' title='bbox 912 294 1024 335; x_wconf 90' lang='lat' dir='ltr'><strong>Ecce</strong></span> <span class='ocrx_word' id='word_1_10' title='bbox 1041 290 1131 334; x_wconf 90' lang='lat' dir='ltr'><strong>dies</strong></span> <span class='ocrx_word' id='word_1_11' title='bbox 1147 289 1346 345; x_wconf 88' lang='lat' dir='ltr'><strong>veniunt,</strong></span> <span class='ocrx_word' id='word_1_12' title='bbox 1363 289 1468 335; x_wconf 87' lang='lat' dir='ltr'><strong>dicit</strong></span> <span class='ocrx_word' id='word_1_13' title='bbox 1480 291 1706 347; x_wconf 89' lang='lat' dir='ltr'><strong>Dominus,</strong></span> <span class='ocrx_word' id='word_1_14' title='bbox 1719 300 1764 337; x_wconf 91' lang='lat' dir='ltr'><strong>et</strong></span> 
     </span>
     <span class='ocr_line' id='line_1_3' title="bbox 377 358 1763 407; baseline 0.003 -4"><span class='ocrx_word' id='word_1_15' title='bbox 377 379 398 403; x_wconf 87' lang='lat'>»</span> <span class='ocrx_word' id='word_1_16' title='bbox 426 360 740 405; x_wconf 88' lang='lat' dir='ltr'>consummabo</span> <span class='ocrx_word' id='word_1_17' title='bbox 760 361 910 405; x_wconf 91' lang='lat' dir='ltr'><strong>domui</strong></span> <span class='ocrx_word' id='word_1_18' title='bbox 932 359 1061 405; x_wconf 78' lang='lat' dir='ltr'><strong>Israel</strong></span> <span class='ocrx_word' id='word_1_19' title='bbox 1078 369 1120 404; x_wconf 93' lang='lat' dir='ltr'><strong>et</strong></span> <span class='ocrx_word' id='word_1_20' title='bbox 1137 358 1288 404; x_wconf 86' lang='lat' dir='ltr'><strong>domui</strong></span> <span class='ocrx_word' id='word_1_21' title='bbox 1303 363 1326 404; x_wconf 87' lang='lat' dir='ltr'>J</span> <span class='ocrx_word' id='word_1_22' title='bbox 1332 359 1416 405; x_wconf 87' lang='lat' dir='ltr'><strong>uda</strong></span> <span class='ocrx_word' id='word_1_23' title='bbox 1437 364 1763 407; x_wconf 83' lang='lat' dir='ltr'><strong>Testamentum</strong></span> 
     </span>
     <span class='ocr_line' id='line_1_4' title="bbox 377 431 1765 493; baseline 0.002 -19"><span class='ocrx_word' id='word_1_24' title='bbox 377 449 397 474; x_wconf 90' lang='lat'>»</span> <span class='ocrx_word' id='word_1_25' title='bbox 428 447 608 487; x_wconf 91' lang='lat' dir='ltr'><strong>novum,</strong></span> <span class='ocrx_word' id='word_1_26' title='bbox 622 447 712 476; x_wconf 90' lang='lat' dir='ltr'><strong>non</strong></span> <span class='ocrx_word' id='word_1_27' title='bbox 734 431 977 476; x_wconf 88' lang='lat' dir='ltr'><strong>secundum</strong></span> <span class='ocrx_word' id='word_1_28' title='bbox 997 435 1323 476; x_wconf 82' lang='lat' dir='ltr'><strong>Testamentum</strong></span> <span class='ocrx_word' id='word_1_29' title='bbox 1339 433 1459 492; x_wconf 89' lang='lat' dir='ltr'><strong>quod</strong></span> <span class='ocrx_word' id='word_1_30' title='bbox 1476 433 1669 493; x_wconf 85' lang='lat' dir='ltr'>disposui</span> <span class='ocrx_word' id='word_1_31' title='bbox 1686 449 1765 493; x_wconf 91' lang='lat' dir='ltr'><strong>pa-</strong></span> 
     </span>
     <span class='ocr_line' id='line_1_5' title="bbox 376 499 1765 562; baseline 0.003 -18"><span class='ocrx_word' id='word_1_32' title='bbox 376 520 397 544; x_wconf 85' lang='lat'>»</span> <span class='ocrx_word' id='word_1_33' title='bbox 432 502 572 547; x_wconf 88' lang='lat' dir='ltr'><strong>tribus</strong></span> <span class='ocrx_word' id='word_1_34' title='bbox 593 517 744 546; x_wconf 90' lang='lat' dir='ltr'><strong>eorum</strong></span> <span class='ocrx_word' id='word_1_35' title='bbox 768 499 813 545; x_wconf 82' lang='lat' dir='ltr'><strong>in</strong></span> <span class='ocrx_word' id='word_1_36' title='bbox 835 500 906 545; x_wconf 92' lang='lat' dir='ltr'><strong>die</strong></span> <span class='ocrx_word' id='word_1_37' title='bbox 923 518 1008 561; x_wconf 87' lang='lat' dir='ltr'><strong>qua</strong></span> <span class='ocrx_word' id='word_1_38' title='bbox 1027 501 1297 562; x_wconf 82' lang='lat' dir='ltr'><strong>apprehendi</strong></span> <span class='ocrx_word' id='word_1_39' title='bbox 1319 518 1499 546; x_wconf 91' lang='lat' dir='ltr'><strong>manum</strong></span> <span class='ocrx_word' id='word_1_40' title='bbox 1522 519 1690 560; x_wconf 84' lang='lat' dir='ltr'><strong>eorum,</strong></span> <span class='ocrx_word' id='word_1_41' title='bbox 1714 513 1765 548; x_wconf 90' lang='lat' dir='ltr'><strong>ut</strong></span> 
     </span>
     <span class='ocr_line' id='line_1_6' title="bbox 375 571 1764 633; baseline 0.001 -17"><span class='ocrx_word' id='word_1_42' title='bbox 375 592 398 616; x_wconf 63' lang='lat'><strong>³&gt;</strong></span> <span class='ocrx_word' id='word_1_43' title='bbox 433 573 663 617; x_wconf 90' lang='lat' dir='ltr'><strong>educerem</strong></span> <span class='ocrx_word' id='word_1_44' title='bbox 680 588 751 616; x_wconf 91' lang='lat' dir='ltr'><strong>eos</strong></span> <span class='ocrx_word' id='word_1_45' title='bbox 769 571 823 616; x_wconf 89' lang='lat' dir='ltr'><strong>de</strong></span> <span class='ocrx_word' id='word_1_46' title='bbox 842 581 955 616; x_wconf 86' lang='lat' dir='ltr'><strong>terra</strong></span> <span class='ocrx_word' id='word_1_47' title='bbox 977 573 1159 633; x_wconf 83' lang='lat' dir='ltr'><strong>AEgypti</strong></span> <span class='ocrx_word' id='word_1_48' title='bbox 1182 593 1190 618; x_wconf 89' lang='lat'>:</span> <span class='ocrx_word' id='word_1_49' title='bbox 1212 574 1422 632; x_wconf 86' lang='lat' dir='ltr'><strong>quoniam</strong></span> <span class='ocrx_word' id='word_1_50' title='bbox 1443 574 1524 633; x_wconf 89' lang='lat' dir='ltr'><strong>ipsi</strong></span> <span class='ocrx_word' id='word_1_51' title='bbox 1552 590 1642 618; x_wconf 91' lang='lat' dir='ltr'><strong>non</strong></span> <span class='ocrx_word' id='word_1_52' title='bbox 1663 590 1764 633; x_wconf 90' lang='lat' dir='ltr'><strong>per-</strong></span> 
     </span>
     <span class='ocr_line' id='line_1_7' title="bbox 376 642 1766 703; baseline 0.003 -18"><span class='ocrx_word' id='word_1_53' title='bbox 376 663 397 685; x_wconf 90' lang='lat'>»</span> <span class='ocrx_word' id='word_1_54' title='bbox 434 651 687 687; x_wconf 86' lang='lat' dir='ltr'><strong>manserunt</strong></span> <span class='ocrx_word' id='word_1_55' title='bbox 711 642 756 686; x_wconf 90' lang='lat' dir='ltr'><strong>in</strong></span> <span class='ocrx_word' id='word_1_56' title='bbox 774 646 1050 688; x_wconf 88' lang='lat' dir='ltr'><strong>Testamento</strong></span> <span class='ocrx_word' id='word_1_57' title='bbox 1071 660 1191 702; x_wconf 70' lang='lat' dir='ltr'><strong>meo,</strong></span> <span class='ocrx_word' id='word_1_58' title='bbox 1208 654 1251 688; x_wconf 90' lang='lat' dir='ltr'><strong>et</strong></span> <span class='ocrx_word' id='word_1_59' title='bbox 1275 659 1353 702; x_wconf 82' lang='lat' dir='ltr'><strong>ego</strong></span> <span class='ocrx_word' id='word_1_60' title='bbox 1367 645 1538 703; x_wconf 81' lang='lat' dir='ltr'><strong>neglexi</strong></span> <span class='ocrx_word' id='word_1_61' title='bbox 1555 661 1643 700; x_wconf 89' lang='lat' dir='ltr'><strong>eos,</strong></span> <span class='ocrx_word' id='word_1_62' title='bbox 1659 645 1766 689; x_wconf 92' lang='lat' dir='ltr'><strong>dicit</strong></span> 
     </span>
     <span class='ocr_line' id='line_1_8' title="bbox 377 714 1766 776; baseline 0.003 -21"><span class='ocrx_word' id='word_1_63' title='bbox 377 733 396 755; x_wconf 80' lang='lat'>»</span> <span class='ocrx_word' id='word_1_64' title='bbox 433 714 659 758; x_wconf 84' lang='lat' dir='ltr'><strong>Dominus.</strong></span> <span class='ocrx_word' id='word_1_65' title='bbox 680 715 896 766; x_wconf 86' lang='lat' dir='ltr'><strong>Quoniam</strong></span> <span class='ocrx_word' id='word_1_66' title='bbox 918 715 1002 758; x_wconf 90' lang='lat' dir='ltr'><strong>hoc</strong></span> <span class='ocrx_word' id='word_1_67' title='bbox 1024 724 1086 758; x_wconf 90' lang='lat' dir='ltr'><strong>est</strong></span> <span class='ocrx_word' id='word_1_68' title='bbox 1111 717 1438 759; x_wconf 83' lang='lat' dir='ltr'><strong>Testamentum</strong></span> <span class='ocrx_word' id='word_1_69' title='bbox 1460 715 1583 776; x_wconf 90' lang='lat' dir='ltr'><strong>quod</strong></span> <span class='ocrx_word' id='word_1_70' title='bbox 1604 716 1766 759; x_wconf 90' lang='lat' dir='ltr'><strong>consti-</strong></span> 
     </span>
     <span class='ocr_line' id='line_1_9' title="bbox 376 784 1766 845; baseline 0.003 -19"><span class='ocrx_word' id='word_1_71' title='bbox 376 802 398 827; x_wconf 86' lang='lat'>»</span> <span class='ocrx_word' id='word_1_72' title='bbox 433 794 554 829; x_wconf 85' lang='lat' dir='ltr'><strong>tuam</strong></span> <span class='ocrx_word' id='word_1_73' title='bbox 570 784 719 830; x_wconf 88' lang='lat' dir='ltr'><strong>domui</strong></span> <span class='ocrx_word' id='word_1_74' title='bbox 733 785 860 830; x_wconf 75' lang='lat' dir='ltr'><strong>Israel</strong></span> <span class='ocrx_word' id='word_1_75' title='bbox 886 806 894 830; x_wconf 91' lang='lat'>:</span> <span class='ocrx_word' id='word_1_76' title='bbox 912 795 1009 845; x_wconf 90' lang='lat' dir='ltr'><strong>post</strong></span> <span class='ocrx_word' id='word_1_77' title='bbox 1031 785 1121 830; x_wconf 93' lang='lat' dir='ltr'><strong>dies</strong></span> <span class='ocrx_word' id='word_1_78' title='bbox 1138 784 1259 842; x_wconf 79' lang='lat' dir='ltr'><strong>illos,</strong></span> <span class='ocrx_word' id='word_1_79' title='bbox 1285 785 1391 830; x_wconf 90' lang='lat' dir='ltr'><strong>dicit</strong></span> <span class='ocrx_word' id='word_1_80' title='bbox 1404 787 1630 842; x_wconf 77' lang='lat' dir='ltr'><strong>Dominus,</strong></span> <span class='ocrx_word' id='word_1_81' title='bbox 1649 786 1766 831; x_wconf 90' lang='lat' dir='ltr'><strong>dabo</strong></span> 
     </span>
     <span class='ocr_line' id='line_1_10' title="bbox 378 855 1766 913; baseline 0.002 -16"><span class='ocrx_word' id='word_1_82' title='bbox 378 873 398 896; x_wconf 90' lang='lat'>»</span> <span class='ocrx_word' id='word_1_83' title='bbox 433 855 548 913; x_wconf 85' lang='lat' dir='ltr'><strong>leges</strong></span> <span class='ocrx_word' id='word_1_84' title='bbox 569 871 685 900; x_wconf 90' lang='lat' dir='ltr'><strong>meas</strong></span> <span class='ocrx_word' id='word_1_85' title='bbox 708 857 753 899; x_wconf 90' lang='lat' dir='ltr'><strong>in</strong></span> <span class='ocrx_word' id='word_1_86' title='bbox 775 857 995 900; x_wconf 88' lang='lat' dir='ltr'><strong>mentibus</strong></span> <span class='ocrx_word' id='word_1_87' title='bbox 1024 871 1175 900; x_wconf 88' lang='lat' dir='ltr'><strong>eorum</strong></span> <span class='ocrx_word' id='word_1_88' title='bbox 1191 891 1202 910; x_wconf 87' lang='lat'><strong>,</strong></span> <span class='ocrx_word' id='word_1_89' title='bbox 1240 865 1283 901; x_wconf 90' lang='lat' dir='ltr'><strong>et</strong></span> <span class='ocrx_word' id='word_1_90' title='bbox 1313 857 1360 900; x_wconf 95' lang='lat' dir='ltr'><strong>in</strong></span> <span class='ocrx_word' id='word_1_91' title='bbox 1389 856 1591 901; x_wconf 85' lang='lat' dir='ltr'><strong>cordibus</strong></span> <span class='ocrx_word' id='word_1_92' title='bbox 1613 872 1766 901; x_wconf 90' lang='lat' dir='ltr'><strong>eorum</strong></span> 
     </span>
     <span class='ocr_line' id='line_1_11' title="bbox 378 924 1765 986; baseline 0.003 -20"><span class='ocrx_word' id='word_1_93' title='bbox 378 943 399 967; x_wconf 84' lang='lat'>»</span> <span class='ocrx_word' id='word_1_94' title='bbox 434 925 621 969; x_wconf 89' lang='lat' dir='ltr'><strong>scribam</strong></span> <span class='ocrx_word' id='word_1_95' title='bbox 643 928 754 969; x_wconf 83' lang='lat' dir='ltr'><strong>eas1.</strong></span> <span class='ocrx_word' id='word_1_96' title='bbox 785 944 804 967; x_wconf 89' lang='lat'>»</span> <span class='ocrx_word' id='word_1_97' title='bbox 826 929 940 970; x_wconf 91' lang='lat' dir='ltr'><strong>Ecce</strong></span> <span class='ocrx_word' id='word_1_98' title='bbox 954 925 1177 986; x_wconf 89' lang='lat' dir='ltr'><strong>quomodo</strong></span> <span class='ocrx_word' id='word_1_99' title='bbox 1189 924 1284 969; x_wconf 90' lang='lat' dir='ltr'><strong>vult</strong></span> <span class='ocrx_word' id='word_1_100' title='bbox 1308 926 1386 970; x_wconf 91' lang='lat' dir='ltr'><strong>iste</strong></span> <span class='ocrx_word' id='word_1_101' title='bbox 1403 926 1543 985; x_wconf 85' lang='lat' dir='ltr'><strong>legem</strong></span> <span class='ocrx_word' id='word_1_102' title='bbox 1560 926 1643 970; x_wconf 87' lang='lat' dir='ltr'><strong>sibi</strong></span> <span class='ocrx_word' id='word_1_103' title='bbox 1661 927 1765 986; x_wconf 87' lang='lat' dir='ltr'><strong>poni</strong></span> 
     </span>
     <span class='ocr_line' id='line_1_12' title="bbox 375 995 1767 1056; baseline 0.001 -16"><span class='ocrx_word' id='word_1_104' title='bbox 375 1011 398 1040; x_wconf 91' lang='lat' dir='ltr'><strong>a</strong></span> <span class='ocrx_word' id='word_1_105' title='bbox 420 996 607 1040; x_wconf 91' lang='lat' dir='ltr'><strong>Domino</strong></span> <span class='ocrx_word' id='word_1_106' title='bbox 623 1017 633 1053; x_wconf 79' lang='lat'>3</span> <span class='ocrx_word' id='word_1_107' title='bbox 653 1012 742 1040; x_wconf 93' lang='lat' dir='ltr'><strong>non</strong></span> <span class='ocrx_word' id='word_1_108' title='bbox 759 997 871 1041; x_wconf 90' lang='lat' dir='ltr'><strong>sicut</strong></span> <span class='ocrx_word' id='word_1_109' title='bbox 887 997 1055 1056; x_wconf 85' lang='lat' dir='ltr'><strong>injustis</strong></span> <span class='ocrx_word' id='word_1_110' title='bbox 1072 1005 1115 1040; x_wconf 92' lang='lat' dir='ltr'><strong>et</strong></span> <span class='ocrx_word' id='word_1_111' title='bbox 1135 1012 1225 1040; x_wconf 91' lang='lat' dir='ltr'><strong>non</strong></span> <span class='ocrx_word' id='word_1_112' title='bbox 1241 996 1425 1040; x_wconf 82' lang='lat' dir='ltr'><strong>subditis</strong></span> <span class='ocrx_word' id='word_1_113' title='bbox 1439 995 1493 1039; x_wconf 88' lang='lat' dir='ltr'><strong>ad</strong></span> <span class='ocrx_word' id='word_1_114' title='bbox 1509 999 1642 1041; x_wconf 91' lang='lat' dir='ltr'><strong>Vetus</strong></span> <span class='ocrx_word' id='word_1_115' title='bbox 1664 999 1767 1041; x_wconf 89' lang='lat' dir='ltr'><strong>Tes-</strong></span> 
     </span>
     <span class='ocr_line' id='line_1_13' title="bbox 374 1065 1767 1126; baseline 0.001 -16"><span class='ocrx_word' id='word_1_116' title='bbox 374 1074 619 1110; x_wconf 88' lang='lat' dir='ltr'><strong>tamentum</strong></span> <span class='ocrx_word' id='word_1_117' title='bbox 636 1067 958 1124; x_wconf 83' lang='lat' dir='ltr'><strong>pertinentibus</strong></span> <span class='ocrx_word' id='word_1_118' title='bbox 972 1067 1110 1126; x_wconf 87' lang='lat' dir='ltr'><strong>posita</strong></span> <span class='ocrx_word' id='word_1_119' title='bbox 1128 1074 1208 1118; x_wconf 84' lang='lat' dir='ltr'><strong>est,</strong></span> <span class='ocrx_word' id='word_1_120' title='bbox 1225 1066 1271 1109; x_wconf 91' lang='lat' dir='ltr'><strong>in</strong></span> <span class='ocrx_word' id='word_1_121' title='bbox 1292 1065 1450 1109; x_wconf 84' lang='lat' dir='ltr'><strong>tabulis</strong></span> <span class='ocrx_word' id='word_1_122' title='bbox 1472 1065 1676 1125; x_wconf 68' lang='lat' dir='ltr'><strong>lapideis,</strong></span> <span class='ocrx_word' id='word_1_123' title='bbox 1691 1065 1767 1111; x_wconf 90' lang='lat' dir='ltr'><strong>sed</strong></span> 
     </span>
     <span class='ocr_line' id='line_1_14' title="bbox 375 1133 1764 1194; baseline 0 -15"><span class='ocrx_word' id='word_1_124' title='bbox 375 1136 486 1180; x_wconf 92' lang='lat' dir='ltr'><strong>sicut</strong></span> <span class='ocrx_word' id='word_1_125' title='bbox 508 1135 663 1178; x_wconf 86' lang='lat' dir='ltr'><strong>sanctis</strong></span> <span class='ocrx_word' id='word_1_126' title='bbox 685 1135 782 1177; x_wconf 81' lang='lat' dir='ltr'><strong>filiis</strong></span> <span class='ocrx_word' id='word_1_127' title='bbox 798 1133 945 1178; x_wconf 87' lang='lat' dir='ltr'><strong>liberae</strong></span> <span class='ocrx_word' id='word_1_128' title='bbox 960 1171 970 1189; x_wconf 91' lang='lat'><strong>,</strong></span> <span class='ocrx_word' id='word_1_129' title='bbox 991 1137 1075 1180; x_wconf 89' lang='lat' dir='ltr'><strong>hoc</strong></span> <span class='ocrx_word' id='word_1_130' title='bbox 1089 1146 1153 1180; x_wconf 80' lang='lat' dir='ltr'><strong>est</strong></span> <span class='ocrx_word' id='word_1_131' title='bbox 1171 1151 1368 1194; x_wconf 80' lang='lat' dir='ltr'><strong>supernae</strong></span> <span class='ocrx_word' id='word_1_132' title='bbox 1380 1136 1641 1190; x_wconf 85' lang='lat' dir='ltr'><strong>Jerusalem,</strong></span> <span class='ocrx_word' id='word_1_133' title='bbox 1667 1135 1764 1180; x_wconf 88' lang='lat' dir='ltr'><strong>filiis</strong></span> 
     </span>
     <span class='ocr_line' id='line_1_15' title="bbox 374 1203 1765 1266; baseline 0.001 -18"><span class='ocrx_word' id='word_1_134' title='bbox 374 1205 687 1266; x_wconf 82' lang='lat' dir='ltr'><strong>promissionis,</strong></span> <span class='ocrx_word' id='word_1_135' title='bbox 709 1203 806 1248; x_wconf 85' lang='lat' dir='ltr'><strong>filiis</strong></span> <span class='ocrx_word' id='word_1_136' title='bbox 820 1204 1084 1248; x_wconf 86' lang='lat' dir='ltr'><strong>haereditatis</strong></span> <span class='ocrx_word' id='word_1_137' title='bbox 1100 1215 1298 1260; x_wconf 74' lang='lat' dir='ltr'><strong>aeternae,</strong></span> <span class='ocrx_word' id='word_1_138' title='bbox 1323 1215 1473 1250; x_wconf 85' lang='lat' dir='ltr'><strong>sancto</strong></span> <span class='ocrx_word' id='word_1_139' title='bbox 1498 1206 1660 1264; x_wconf 79' lang='lat' dir='ltr'><strong>Spiritu</strong></span> <span class='ocrx_word' id='word_1_140' title='bbox 1672 1215 1765 1250; x_wconf 88' lang='lat' dir='ltr'><strong>tan-</strong></span> 
     </span>
     <span class='ocr_line' id='line_1_16' title="bbox 370 1274 1762 1336; baseline 0.001 -17"><span class='ocrx_word' id='word_1_141' title='bbox 370 1290 501 1336; x_wconf 88' lang='lat' dir='ltr'><strong>quam</strong></span> <span class='ocrx_word' id='word_1_142' title='bbox 519 1274 656 1333; x_wconf 83' lang='lat' dir='ltr'><strong>digito</strong></span> <span class='ocrx_word' id='word_1_143' title='bbox 680 1275 814 1318; x_wconf 89' lang='lat' dir='ltr'><strong>Deiin</strong></span> <span class='ocrx_word' id='word_1_144' title='bbox 835 1284 981 1318; x_wconf 89' lang='lat' dir='ltr'><strong>mente</strong></span> <span class='ocrx_word' id='word_1_145' title='bbox 998 1274 1148 1329; x_wconf 88' lang='lat' dir='ltr'><strong>datur,</strong></span> <span class='ocrx_word' id='word_1_146' title='bbox 1172 1283 1214 1318; x_wconf 92' lang='lat' dir='ltr'><strong>et</strong></span> <span class='ocrx_word' id='word_1_147' title='bbox 1235 1274 1281 1317; x_wconf 86' lang='lat' dir='ltr'><strong>in</strong></span> <span class='ocrx_word' id='word_1_148' title='bbox 1303 1274 1507 1319; x_wconf 83' lang='lat' dir='ltr'><strong>cordibus</strong></span> <span class='ocrx_word' id='word_1_149' title='bbox 1530 1276 1762 1321; x_wconf 85' lang='lat' dir='ltr'><strong>scribitur:</strong></span> 
     </span>
     <span class='ocr_line' id='line_1_17' title="bbox 372 1344 1766 1406; baseline -0.001 -15"><span class='ocrx_word' id='word_1_150' title='bbox 372 1362 462 1392; x_wconf 89' lang='lat' dir='ltr'><strong>non</strong></span> <span class='ocrx_word' id='word_1_151' title='bbox 485 1361 617 1405; x_wconf 90' lang='lat' dir='ltr'><strong>quam</strong></span> <span class='ocrx_word' id='word_1_152' title='bbox 640 1345 846 1389; x_wconf 87' lang='lat' dir='ltr'><strong>memoria</strong></span> <span class='ocrx_word' id='word_1_153' title='bbox 869 1354 1069 1400; x_wconf 81' lang='lat' dir='ltr'><strong>teneant,</strong></span> <span class='ocrx_word' id='word_1_154' title='bbox 1095 1354 1138 1388; x_wconf 89' lang='lat' dir='ltr'><strong>et</strong></span> <span class='ocrx_word' id='word_1_155' title='bbox 1157 1345 1246 1389; x_wconf 87' lang='lat' dir='ltr'><strong>vita</strong></span> <span class='ocrx_word' id='word_1_156' title='bbox 1259 1344 1484 1403; x_wconf 80' lang='lat' dir='ltr'><strong>negligant</strong></span> <span class='ocrx_word' id='word_1_157' title='bbox 1505 1366 1516 1404; x_wconf 77' lang='lat'>3</span> <span class='ocrx_word' id='word_1_158' title='bbox 1536 1345 1611 1389; x_wconf 90' lang='lat' dir='ltr'><strong>sed</strong></span> <span class='ocrx_word' id='word_1_159' title='bbox 1632 1362 1766 1406; x_wconf 88' lang='lat' dir='ltr'><strong>quam</strong></span> 
     </span>
     <span class='ocr_line' id='line_1_18' title="bbox 373 1414 1762 1475; baseline 0 -14"><span class='ocrx_word' id='word_1_160' title='bbox 373 1418 510 1462; x_wconf 88' lang='lat' dir='ltr'><strong>sciant</strong></span> <span class='ocrx_word' id='word_1_161' title='bbox 522 1416 823 1475; x_wconf 83' lang='lat' dir='ltr'><strong>intelligendo,</strong></span> <span class='ocrx_word' id='word_1_162' title='bbox 841 1414 1002 1460; x_wconf 87' lang='lat' dir='ltr'><strong>faciant</strong></span> <span class='ocrx_word' id='word_1_163' title='bbox 1019 1414 1241 1473; x_wconf 80' lang='lat' dir='ltr'><strong>diligendo</strong></span> <span class='ocrx_word' id='word_1_164' title='bbox 1253 1450 1264 1469; x_wconf 90' lang='lat'><strong>,</strong></span> <span class='ocrx_word' id='word_1_165' title='bbox 1282 1415 1327 1458; x_wconf 88' lang='lat' dir='ltr'><strong>in</strong></span> <span class='ocrx_word' id='word_1_166' title='bbox 1344 1414 1578 1460; x_wconf 87' lang='lat' dir='ltr'><strong>latitudine</strong></span> <span class='ocrx_word' id='word_1_167' title='bbox 1590 1417 1762 1473; x_wconf 87' lang='lat' dir='ltr'><strong>amoris,</strong></span> 
     </span>
     <span class='ocr_line' id='line_1_19' title="bbox 373 1487 1766 1547; baseline -0.001 -13"><span class='ocrx_word' id='word_1_168' title='bbox 373 1505 464 1534; x_wconf 92' lang='lat' dir='ltr'><strong>non</strong></span> <span class='ocrx_word' id='word_1_169' title='bbox 485 1489 649 1532; x_wconf 91' lang='lat' dir='ltr'><strong>timoris</strong></span> <span class='ocrx_word' id='word_1_170' title='bbox 678 1489 898 1546; x_wconf 82' lang='lat' dir='ltr'><strong>angustiis.</strong></span> <span class='ocrx_word' id='word_1_171' title='bbox 921 1490 1030 1533; x_wconf 91' lang='lat' dir='ltr'><strong>Nam</strong></span> <span class='ocrx_word' id='word_1_172' title='bbox 1052 1487 1129 1547; x_wconf 90' lang='lat' dir='ltr'><strong>qui</strong></span> <span class='ocrx_word' id='word_1_173' title='bbox 1151 1487 1304 1531; x_wconf 90' lang='lat' dir='ltr'><strong>timore</strong></span> <span class='ocrx_word' id='word_1_174' title='bbox 1326 1503 1488 1546; x_wconf 86' lang='lat' dir='ltr'><strong>poenae,</strong></span> <span class='ocrx_word' id='word_1_175' title='bbox 1509 1504 1598 1532; x_wconf 91' lang='lat' dir='ltr'><strong>non</strong></span> <span class='ocrx_word' id='word_1_176' title='bbox 1620 1504 1766 1533; x_wconf 90' lang='lat' dir='ltr'><strong>amore</strong></span> 
     </span>
     <span class='ocr_line' id='line_1_20' title="bbox 370 1556 1766 1621; baseline 0.001 -18"><span class='ocrx_word' id='word_1_177' title='bbox 370 1559 552 1621; x_wconf 84' lang='lat' dir='ltr'><strong>justitiae</strong></span> <span class='ocrx_word' id='word_1_178' title='bbox 576 1575 684 1618; x_wconf 91' lang='lat' dir='ltr'><strong>opus</strong></span> <span class='ocrx_word' id='word_1_179' title='bbox 707 1559 812 1616; x_wconf 83' lang='lat' dir='ltr'><strong>legis</strong></span> <span class='ocrx_word' id='word_1_180' title='bbox 832 1559 936 1603; x_wconf 84' lang='lat' dir='ltr'><strong>facit</strong></span> <span class='ocrx_word' id='word_1_181' title='bbox 954 1593 964 1612; x_wconf 93' lang='lat'><strong>,</strong></span> <span class='ocrx_word' id='word_1_182' title='bbox 990 1556 1188 1617; x_wconf 85' lang='lat' dir='ltr'><strong>profecto</strong></span> <span class='ocrx_word' id='word_1_183' title='bbox 1211 1557 1372 1603; x_wconf 84' lang='lat' dir='ltr'><strong>invitus</strong></span> <span class='ocrx_word' id='word_1_184' title='bbox 1394 1557 1512 1603; x_wconf 89' lang='lat' dir='ltr'><strong>facit.</strong></span> <span class='ocrx_word' id='word_1_185' title='bbox 1534 1559 1664 1612; x_wconf 88' lang='lat' dir='ltr'><strong>Quod</strong></span> <span class='ocrx_word' id='word_1_186' title='bbox 1686 1576 1766 1604; x_wconf 86' lang='lat' dir='ltr'><strong>au-</strong></span> 
     </span>
     <span class='ocr_line' id='line_1_21' title="bbox 375 1627 1763 1690; baseline 0 -17"><span class='ocrx_word' id='word_1_187' title='bbox 375 1640 464 1674; x_wconf 90' lang='lat' dir='ltr'><strong>tem</strong></span> <span class='ocrx_word' id='word_1_188' title='bbox 486 1629 646 1672; x_wconf 87' lang='lat' dir='ltr'><strong>invitus</strong></span> <span class='ocrx_word' id='word_1_189' title='bbox 661 1628 778 1683; x_wconf 85' lang='lat' dir='ltr'><strong>facit,</strong></span> <span class='ocrx_word' id='word_1_190' title='bbox 803 1628 837 1671; x_wconf 90' lang='lat' dir='ltr'><strong>si</strong></span> <span class='ocrx_word' id='word_1_191' title='bbox 859 1637 1002 1687; x_wconf 88' lang='lat' dir='ltr'><strong>posset</strong></span> <span class='ocrx_word' id='word_1_192' title='bbox 1019 1627 1111 1670; x_wconf 91' lang='lat' dir='ltr'><strong>fieri</strong></span> <span class='ocrx_word' id='word_1_193' title='bbox 1125 1663 1135 1682; x_wconf 92' lang='lat'><strong>,</strong></span> <span class='ocrx_word' id='word_1_194' title='bbox 1152 1627 1303 1672; x_wconf 89' lang='lat' dir='ltr'><strong>mallet</strong></span> <span class='ocrx_word' id='word_1_195' title='bbox 1322 1630 1475 1689; x_wconf 86' lang='lat' dir='ltr'><strong>utique</strong></span> <span class='ocrx_word' id='word_1_196' title='bbox 1490 1646 1579 1674; x_wconf 90' lang='lat' dir='ltr'><strong>non</strong></span> <span class='ocrx_word' id='word_1_197' title='bbox 1595 1630 1763 1690; x_wconf 74' lang='lat' dir='ltr'><strong>juberi,</strong></span> 
     </span>
     <span class='ocr_line' id='line_1_22' title="bbox 376 1698 1763 1759; baseline 0 -14"><span class='ocrx_word' id='word_1_198' title='bbox 376 1717 425 1745; x_wconf 91' lang='lat' dir='ltr'><strong>ac</strong></span> <span class='ocrx_word' id='word_1_199' title='bbox 450 1716 523 1759; x_wconf 86' lang='lat' dir='ltr'><strong>per</strong></span> <span class='ocrx_word' id='word_1_200' title='bbox 544 1701 628 1744; x_wconf 88' lang='lat' dir='ltr'><strong>hoc</strong></span> <span class='ocrx_word' id='word_1_201' title='bbox 650 1699 779 1758; x_wconf 81' lang='lat' dir='ltr'><strong>legis,</strong></span> <span class='ocrx_word' id='word_1_202' title='bbox 811 1715 944 1759; x_wconf 86' lang='lat' dir='ltr'><strong>quam</strong></span> <span class='ocrx_word' id='word_1_203' title='bbox 966 1698 1096 1743; x_wconf 89' lang='lat' dir='ltr'><strong>vellet</strong></span> <span class='ocrx_word' id='word_1_204' title='bbox 1118 1715 1207 1743; x_wconf 90' lang='lat' dir='ltr'><strong>non</strong></span> <span class='ocrx_word' id='word_1_205' title='bbox 1231 1715 1320 1743; x_wconf 91' lang='lat' dir='ltr'><strong>esse</strong></span> <span class='ocrx_word' id='word_1_206' title='bbox 1336 1735 1346 1754; x_wconf 92' lang='lat'><strong>,</strong></span> <span class='ocrx_word' id='word_1_207' title='bbox 1372 1716 1461 1744; x_wconf 91' lang='lat' dir='ltr'><strong>non</strong></span> <span class='ocrx_word' id='word_1_208' title='bbox 1491 1711 1553 1745; x_wconf 87' lang='lat' dir='ltr'><strong>est</strong></span> <span class='ocrx_word' id='word_1_209' title='bbox 1576 1702 1763 1757; x_wconf 88' lang='lat' dir='ltr'><strong>amicus,</strong></span> 
     </span>
     <span class='ocr_line' id='line_1_23' title="bbox 375 1769 1767 1831; baseline -0.001 -15"><span class='ocrx_word' id='word_1_210' title='bbox 375 1772 451 1816; x_wconf 92' lang='lat' dir='ltr'><strong>sed</strong></span> <span class='ocrx_word' id='word_1_211' title='bbox 473 1771 616 1830; x_wconf 87' lang='lat' dir='ltr'><strong>potius</strong></span> <span class='ocrx_word' id='word_1_212' title='bbox 638 1771 838 1815; x_wconf 89' lang='lat' dir='ltr'><strong>inimicus</strong></span> <span class='ocrx_word' id='word_1_213' title='bbox 856 1791 866 1827; x_wconf 61' lang='grc' dir='ltr'><strong>ς</strong></span> <span class='ocrx_word' id='word_1_214' title='bbox 886 1786 966 1815; x_wconf 91' lang='lat' dir='ltr'><strong>nec</strong></span> <span class='ocrx_word' id='word_1_215' title='bbox 983 1769 1223 1814; x_wconf 84' lang='lat' dir='ltr'><strong>mundatur</strong></span> <span class='ocrx_word' id='word_1_216' title='bbox 1240 1786 1370 1829; x_wconf 90' lang='lat' dir='ltr'><strong>opere</strong></span> <span class='ocrx_word' id='word_1_217' title='bbox 1385 1806 1395 1825; x_wconf 91' lang='lat'><strong>,</strong></span> <span class='ocrx_word' id='word_1_218' title='bbox 1415 1771 1491 1831; x_wconf 88' lang='lat' dir='ltr'><strong>qui</strong></span> <span class='ocrx_word' id='word_1_219' title='bbox 1514 1772 1767 1816; x_wconf 88' lang='lat' dir='ltr'><strong>immundus</strong></span> 
     </span>
     <span class='ocr_line' id='line_1_24' title="bbox 376 1831 1766 1901; baseline -0.001 -14"><span class='ocrx_word' id='word_1_220' title='bbox 376 1852 440 1887; x_wconf 92' lang='lat' dir='ltr'><strong>est</strong></span> <span class='ocrx_word' id='word_1_221' title='bbox 460 1831 700 1887; x_wconf 87' lang='lat' dir='ltr'><strong>voluntate.</strong></span> <span class='ocrx_word' id='word_1_222' title='bbox 731 1841 843 1886; x_wconf 90' lang='lat' dir='ltr'><strong>Talis</strong></span> <span class='ocrx_word' id='word_1_223' title='bbox 872 1857 962 1886; x_wconf 93' lang='lat' dir='ltr'><strong>non</strong></span> <span class='ocrx_word' id='word_1_224' title='bbox 984 1850 1128 1901; x_wconf 90' lang='lat' dir='ltr'><strong>posest</strong></span> <span class='ocrx_word' id='word_1_225' title='bbox 1158 1841 1302 1884; x_wconf 90' lang='lat' dir='ltr'><strong>dicere</strong></span> <span class='ocrx_word' id='word_1_226' title='bbox 1332 1841 1453 1901; x_wconf 85' lang='lat' dir='ltr'><strong>quod</strong></span> <span class='ocrx_word' id='word_1_227' title='bbox 1484 1842 1563 1885; x_wconf 90' lang='lat' dir='ltr'><strong>iste</strong></span> <span class='ocrx_word' id='word_1_228' title='bbox 1592 1842 1699 1886; x_wconf 87' lang='lat' dir='ltr'><strong>dixit</strong></span> <span class='ocrx_word' id='word_1_229' title='bbox 1721 1843 1766 1885; x_wconf 91' lang='lat' dir='ltr'><strong>in</strong></span> 
     </span>
     <span class='ocr_line' id='line_1_25' title="bbox 375 1911 1766 1973; baseline -0.001 -14"><span class='ocrx_word' id='word_1_230' title='bbox 375 1913 671 1973; x_wconf 88' lang='lat' dir='ltr'><strong>superioribus</strong></span> <span class='ocrx_word' id='word_1_231' title='bbox 698 1913 893 1956; x_wconf 89' lang='lat' dir='ltr'><strong>versibus</strong></span> <span class='ocrx_word' id='word_1_232' title='bbox 911 1947 922 1967; x_wconf 94' lang='lat'><strong>,</strong></span> <span class='ocrx_word' id='word_1_233' title='bbox 952 1931 972 1954; x_wconf 92' lang='lat'>«</span> <span class='ocrx_word' id='word_1_234' title='bbox 1003 1912 1129 1956; x_wconf 84' lang='lat' dir='ltr'><strong>Viam</strong></span> <span class='ocrx_word' id='word_1_235' title='bbox 1152 1911 1459 1956; x_wconf 85' lang='lat' dir='ltr'><strong>mandatorum</strong></span> <span class='ocrx_word' id='word_1_236' title='bbox 1487 1922 1663 1957; x_wconf 90' lang='lat' dir='ltr'><strong>tuorum</strong></span> <span class='ocrx_word' id='word_1_237' title='bbox 1686 1929 1766 1957; x_wconf 89' lang='lat' dir='ltr'><strong>cu-</strong></span> 
     </span>
     <span class='ocr_line' id='line_1_26' title="bbox 378 1981 1767 2042; baseline 0.001 -18"><span class='ocrx_word' id='word_1_238' title='bbox 378 2002 399 2025; x_wconf 77' lang='lat'>»</span> <span class='ocrx_word' id='word_1_239' title='bbox 435 1983 576 2037; x_wconf 87' lang='lat' dir='ltr'><strong>curri,</strong></span> <span class='ocrx_word' id='word_1_240' title='bbox 612 1998 712 2026; x_wconf 90' lang='lat' dir='ltr'><strong>cum</strong></span> <span class='ocrx_word' id='word_1_241' title='bbox 750 1981 938 2026; x_wconf 86' lang='lat' dir='ltr'><strong>dilatasti</strong></span> <span class='ocrx_word' id='word_1_242' title='bbox 967 1998 1041 2026; x_wconf 92' lang='lat' dir='ltr'><strong>cor</strong></span> <span class='ocrx_word' id='word_1_243' title='bbox 1071 1997 1218 2025; x_wconf 91' lang='lat' dir='ltr'><strong>meum</strong></span> <span class='ocrx_word' id='word_1_244' title='bbox 1245 2001 1253 2026; x_wconf 79' lang='lat'>2</span> <span class='ocrx_word' id='word_1_245' title='bbox 1281 2000 1301 2023; x_wconf 90' lang='lat'>»</span> <span class='ocrx_word' id='word_1_246' title='bbox 1333 1983 1436 2042; x_wconf 87' lang='lat' dir='ltr'><strong>quia</strong></span> <span class='ocrx_word' id='word_1_247' title='bbox 1470 1982 1544 2026; x_wconf 92' lang='lat' dir='ltr'><strong>illa</strong></span> <span class='ocrx_word' id='word_1_248' title='bbox 1572 1982 1767 2026; x_wconf 89' lang='lat' dir='ltr'><strong>dilatatio</strong></span> 
     </span>
     <span class='ocr_line' id='line_1_27' title="bbox 375 2051 1767 2112; baseline -0.001 -14"><span class='ocrx_word' id='word_1_249' title='bbox 375 2053 630 2107; x_wconf 71' lang='lat' dir='ltr'><strong>charitatem</strong></span> <span class='ocrx_word' id='word_1_250' title='bbox 653 2052 868 2111; x_wconf 81' lang='lat' dir='ltr'><strong>significat</strong></span> <span class='ocrx_word' id='word_1_251' title='bbox 884 2088 894 2107; x_wconf 84' lang='lat'><strong>,</strong></span> <span class='ocrx_word' id='word_1_252' title='bbox 918 2069 1016 2112; x_wconf 82' lang='lat' dir='ltr'><strong>quae</strong></span> <span class='ocrx_word' id='word_1_253' title='bbox 1039 2051 1281 2097; x_wconf 86' lang='lat' dir='ltr'><strong>secundum</strong></span> <span class='ocrx_word' id='word_1_254' title='bbox 1301 2052 1561 2111; x_wconf 79' lang='lat' dir='ltr'><strong>Apostolum</strong></span> <span class='ocrx_word' id='word_1_255' title='bbox 1582 2051 1686 2110; x_wconf 86' lang='lat' dir='ltr'><strong>legis</strong></span> <span class='ocrx_word' id='word_1_256' title='bbox 1704 2061 1767 2096; x_wconf 90' lang='lat' dir='ltr'><strong>est</strong></span> 
     </span>
     <span class='ocr_line' id='line_1_28' title="bbox 375 2122 657 2184; baseline -0.007 -17"><span class='ocrx_word' id='word_1_257' title='bbox 375 2122 604 2184; x_wconf 89' lang='lat' dir='ltr'><strong>plenitudo</strong></span> <span class='ocrx_word' id='word_1_258' title='bbox 625 2126 657 2165; x_wconf 66' lang='lat'><strong>2².</strong></span> 
     </span>
    </p>

    <p class='ocr_par' dir='ltr' id='par_1_3' title="bbox 373 2191 1766 2536">
     <span class='ocr_line' id='line_1_29' title="bbox 434 2191 1765 2252; baseline -0.002 -14"><span class='ocrx_word' id='word_1_259' title='bbox 434 2196 492 2238; x_wconf 93' lang='grc' dir='ltr'><strong>ΙΙ.</strong></span> <span class='ocrx_word' id='word_1_260' title='bbox 520 2196 609 2238; x_wconf 92' lang='lat' dir='ltr'><strong>Cur</strong></span> <span class='ocrx_word' id='word_1_261' title='bbox 636 2208 738 2251; x_wconf 83' lang='lat' dir='ltr'><strong>ergo</strong></span> <span class='ocrx_word' id='word_1_262' title='bbox 757 2193 836 2236; x_wconf 90' lang='lat' dir='ltr'><strong>iste</strong></span> <span class='ocrx_word' id='word_1_263' title='bbox 866 2193 1010 2236; x_wconf 85' lang='lat' dir='ltr'><strong>adhuc</strong></span> <span class='ocrx_word' id='word_1_264' title='bbox 1043 2192 1182 2252; x_wconf 88' lang='lat' dir='ltr'><strong>poscit</strong></span> <span class='ocrx_word' id='word_1_265' title='bbox 1213 2191 1295 2235; x_wconf 89' lang='lat' dir='ltr'><strong>sibi</strong></span> <span class='ocrx_word' id='word_1_266' title='bbox 1328 2191 1470 2251; x_wconf 83' lang='lat' dir='ltr'><strong>legem</strong></span> <span class='ocrx_word' id='word_1_267' title='bbox 1499 2192 1630 2251; x_wconf 81' lang='lat' dir='ltr'><strong>poni3</strong></span> <span class='ocrx_word' id='word_1_268' title='bbox 1666 2207 1765 2252; x_wconf 83' lang='lat' dir='ltr'><strong>quae</strong></span> 
     </span>
     <span class='ocr_line' id='line_1_30' title="bbox 375 2262 1766 2324; baseline -0.001 -16"><span class='ocrx_word' id='word_1_269' title='bbox 375 2264 528 2324; x_wconf 88' lang='lat' dir='ltr'><strong>utique</strong></span> <span class='ocrx_word' id='word_1_270' title='bbox 547 2263 581 2307; x_wconf 89' lang='lat' dir='ltr'><strong>si</strong></span> <span class='ocrx_word' id='word_1_271' title='bbox 604 2279 692 2307; x_wconf 91' lang='lat' dir='ltr'><strong>non</strong></span> <span class='ocrx_word' id='word_1_272' title='bbox 711 2263 748 2307; x_wconf 90' lang='lat' dir='ltr'><strong>ei</strong></span> <span class='ocrx_word' id='word_1_273' title='bbox 766 2263 903 2322; x_wconf 89' lang='lat' dir='ltr'><strong>posita</strong></span> <span class='ocrx_word' id='word_1_274' title='bbox 926 2263 1074 2306; x_wconf 82' lang='lat' dir='ltr'><strong>fuisset</strong></span> <span class='ocrx_word' id='word_1_275' title='bbox 1090 2298 1101 2317; x_wconf 94' lang='lat'><strong>,</strong></span> <span class='ocrx_word' id='word_1_276' title='bbox 1125 2278 1214 2306; x_wconf 86' lang='lat' dir='ltr'><strong>non</strong></span> <span class='ocrx_word' id='word_1_277' title='bbox 1230 2263 1343 2306; x_wconf 86' lang='lat' dir='ltr'><strong>viam</strong></span> <span class='ocrx_word' id='word_1_278' title='bbox 1364 2262 1670 2308; x_wconf 83' lang='lat' dir='ltr'><strong>mandatorum</strong></span> <span class='ocrx_word' id='word_1_279' title='bbox 1691 2263 1766 2307; x_wconf 90' lang='lat' dir='ltr'><strong>Dei</strong></span> 
     </span>
     <span class='ocr_line' id='line_1_31' title="bbox 373 2333 1766 2394; baseline -0.001 -15"><span class='ocrx_word' id='word_1_280' title='bbox 373 2336 420 2379; x_wconf 92' lang='lat' dir='ltr'><strong>in</strong></span> <span class='ocrx_word' id='word_1_281' title='bbox 447 2333 588 2378; x_wconf 89' lang='lat' dir='ltr'><strong>cordis</strong></span> <span class='ocrx_word' id='word_1_282' title='bbox 619 2333 851 2377; x_wconf 88' lang='lat' dir='ltr'><strong>latitudine</strong></span> <span class='ocrx_word' id='word_1_283' title='bbox 872 2334 1160 2378; x_wconf 79' lang='lat' dir='ltr'><strong>cucurrisset?</strong></span> <span class='ocrx_word' id='word_1_284' title='bbox 1185 2333 1269 2378; x_wconf 82' lang='lat' dir='ltr'><strong>Sed</strong></span> <span class='ocrx_word' id='word_1_285' title='bbox 1304 2334 1405 2394; x_wconf 88' lang='lat' dir='ltr'><strong>quia</strong></span> <span class='ocrx_word' id='word_1_286' title='bbox 1439 2335 1667 2393; x_wconf 88' lang='lat' dir='ltr'><strong>proficiens</strong></span> <span class='ocrx_word' id='word_1_287' title='bbox 1696 2333 1766 2378; x_wconf 92' lang='lat' dir='ltr'><strong>lo-</strong></span> 
     </span>
     <span class='ocr_line' id='line_1_32' title="bbox 377 2404 1765 2467; baseline -0.001 -17"><span class='ocrx_word' id='word_1_288' title='bbox 377 2407 551 2467; x_wconf 86' lang='lat' dir='ltr'><strong>quitur,</strong></span> <span class='ocrx_word' id='word_1_289' title='bbox 573 2414 615 2449; x_wconf 91' lang='lat' dir='ltr'><strong>et</strong></span> <span class='ocrx_word' id='word_1_290' title='bbox 634 2406 710 2449; x_wconf 89' lang='lat' dir='ltr'><strong>Dei</strong></span> <span class='ocrx_word' id='word_1_291' title='bbox 737 2404 903 2449; x_wconf 88' lang='lat' dir='ltr'><strong>donum</strong></span> <span class='ocrx_word' id='word_1_292' title='bbox 923 2406 1045 2450; x_wconf 87' lang='lat' dir='ltr'><strong>novit</strong></span> <span class='ocrx_word' id='word_1_293' title='bbox 1068 2420 1157 2449; x_wconf 89' lang='lat' dir='ltr'><strong>esse</strong></span> <span class='ocrx_word' id='word_1_294' title='bbox 1175 2405 1294 2464; x_wconf 88' lang='lat' dir='ltr'><strong>quod</strong></span> <span class='ocrx_word' id='word_1_295' title='bbox 1309 2406 1479 2465; x_wconf 83' lang='lat' dir='ltr'><strong>proficit</strong></span> <span class='ocrx_word' id='word_1_296' title='bbox 1493 2427 1503 2464; x_wconf 78' lang='lat'>3</span> <span class='ocrx_word' id='word_1_297' title='bbox 1519 2405 1626 2466; x_wconf 85' lang='lat' dir='ltr'><strong>quid</strong></span> <span class='ocrx_word' id='word_1_298' title='bbox 1646 2404 1765 2449; x_wconf 89' lang='lat' dir='ltr'><strong>aliud</strong></span> 
     </span>
     <span class='ocr_line' id='line_1_33' title="bbox 378 2474 1765 2536; baseline -0.001 -16"><span class='ocrx_word' id='word_1_299' title='bbox 378 2478 502 2536; x_wconf 87' lang='lat' dir='ltr'><strong>petit,</strong></span> <span class='ocrx_word' id='word_1_300' title='bbox 528 2491 629 2520; x_wconf 91' lang='lat' dir='ltr'><strong>cum</strong></span> <span class='ocrx_word' id='word_1_301' title='bbox 650 2475 732 2520; x_wconf 88' lang='lat' dir='ltr'><strong>sibi</strong></span> <span class='ocrx_word' id='word_1_302' title='bbox 757 2474 896 2534; x_wconf 83' lang='lat' dir='ltr'><strong>legem</strong></span> <span class='ocrx_word' id='word_1_303' title='bbox 919 2476 1022 2536; x_wconf 88' lang='lat' dir='ltr'><strong>poni</strong></span> <span class='ocrx_word' id='word_1_304' title='bbox 1044 2476 1174 2535; x_wconf 88' lang='lat' dir='ltr'><strong>petit,</strong></span> <span class='ocrx_word' id='word_1_305' title='bbox 1195 2476 1273 2520; x_wconf 92' lang='lat' dir='ltr'><strong>nisi</strong></span> <span class='ocrx_word' id='word_1_306' title='bbox 1308 2486 1358 2522; x_wconf 88' lang='lat' dir='ltr'><strong>ut</strong></span> <span class='ocrx_word' id='word_1_307' title='bbox 1379 2477 1425 2521; x_wconf 93' lang='lat' dir='ltr'><strong>in</strong></span> <span class='ocrx_word' id='word_1_308' title='bbox 1446 2491 1494 2521; x_wconf 85' lang='lat' dir='ltr'><strong>ea</strong></span> <span class='ocrx_word' id='word_1_309' title='bbox 1515 2476 1650 2536; x_wconf 84' lang='lat' dir='ltr'><strong>magis</strong></span> <span class='ocrx_word' id='word_1_310' title='bbox 1670 2491 1765 2520; x_wconf 90' lang='lat' dir='ltr'><strong>ma-</strong></span> 
     </span>
    </p>
   </div>
   <div class='ocr_carea' id='block_1_3' title="bbox 425 2560 1189 2602">
    <p class='ocr_par' dir='ltr' id='par_1_4' title="bbox 425 2560 1189 2602">
     <span class='ocr_line' id='line_1_34' title="bbox 425 2560 1189 2602; baseline -0.001 -9"><span class='ocrx_word' id='word_1_311' title='bbox 425 2567 431 2582; x_wconf 89' lang='lat'>·</span> <span class='ocrx_word' id='word_1_312' title='bbox 454 2562 573 2594; x_wconf 79' lang='lat' dir='ltr'><strong>Jerem,</strong></span> <span class='ocrx_word' id='word_1_313' title='bbox 596 2571 682 2602; x_wconf 78' lang='lat' dir='ltr'><strong>xxxi,</strong></span> <span class='ocrx_word' id='word_1_314' title='bbox 703 2560 817 2593; x_wconf 83' lang='lat'>31-33.</span> <span class='ocrx_word' id='word_1_315' title='bbox 836 2578 869 2585; x_wconf 94' lang='lat'><strong>—</strong></span> <span class='ocrx_word' id='word_1_316' title='bbox 898 2567 911 2584; x_wconf 86' lang='lat'>²</span> <span class='ocrx_word' id='word_1_317' title='bbox 931 2563 1022 2595; x_wconf 84' lang='lat' dir='ltr'><strong>Rom.</strong></span> <span class='ocrx_word' id='word_1_318' title='bbox 1045 2571 1116 2602; x_wconf 85' lang='lat' dir='ltr'><strong>xm,</strong></span> <span class='ocrx_word' id='word_1_319' title='bbox 1137 2560 1189 2593; x_wconf 88' lang='lat'><strong>18.</strong></span> 
     </span>
    </p>
   </div>
  </div>
 </body>
</html>
