1848 3261
380 233 465 274 346
806 247 840 274 s.
874 242 1100 275 Avensa-mi
1129 246 1312 275 Emscon

379 321 446 357 ret
467 310 672 355 affectum
687 345 699 367 ‚
724 326 825 356 cum
843 327 892 356 ea
907 312 1075 357 videret
1091 327 1189 372 quae
1207 311 1254 355 in
1273 326 1351 356 suo
1373 325 1553 371 corpore
1569 312 1668 357 viva
1688 322 1758 358 at-

380 398 467 443 que
489 382 676 426 animata
707 382 900 426 sentiret.
937 385 1111 435 Quanto
1145 396 1244 440 ergo
1275 381 1428 426 melius
1454 398 1599 427 mures
1627 392 1758 444 atque

380 461 599 512 serpentes
615 487 626 507 ,
652 461 694 495 et
716 450 760 495 id
785 467 920 509 genus
943 452 1226 497 animantium
1247 460 1401 495 caetera
1415 486 1426 502 ,
1451 451 1506 496 de
1523 451 1760 498 simulacris

381 523 587 568 Gentium
602 557 612 577 ,
643 522 676 566 si
703 521 762 566 ita
785 520 1019 566 dicendum
1041 531 1124 577 est,
1155 520 1346 582 quodam
1378 521 1511 566 modo
1530 523 1731 581 judicant
1746 559 1758 579 ,

380 594 427 638 in
449 593 609 654 quibus
630 592 732 651 quia
750 606 839 635 non
851 592 1044 637 sentiunt
1063 594 1301 638 humanam
1317 592 1473 647 vitam,
1500 608 1591 637 non
1608 602 1763 638 curant

380 664 618 708 humanam
652 661 869 719 figuram?
893 664 1046 722 Itaque
1078 663 1124 707 in
1145 664 1205 707 eis
1225 662 1486 722 plerumque
1507 661 1761 719 nidificant,

383 744 427 778 et
448 734 528 777 nisi
551 732 752 776 humanis
779 733 969 778 motibus
1001 733 1320 789 deterreantur,
1352 732 1473 777 nulla
1492 733 1573 777 sibi
1590 734 1764 778 habita-

382 803 480 849 cula
505 803 740 847 munitiora
767 804 1050 863 conquirunt.
1077 808 1226 850 Movet
1247 819 1350 864 ergo
1372 819 1416 848 se
1440 804 1598 860 homo,
1631 812 1682 848 ut
1697 804 1765 848 vi-

380 883 556 920 ventem
578 873 760 917 bestiam
781 889 804 918 a
821 889 898 918 suo
920 873 1002 918 deo
1020 874 1263 933 deterreat3
1288 884 1331 919 et
1351 874 1476 918 illum
1494 889 1585 919 non
1606 890 1650 919 se
1667 889 1766 919 mo-

382 953 558 990 ventem
571 979 582 999 ,
608 944 730 1003 quasi
751 953 976 1003 potentem
997 944 1102 989 colit
1115 980 1126 1000 ,
1152 961 1175 990 a
1191 961 1278 1005 quo
1296 944 1520 989 meliorem
1537 944 1763 989 deterruit.

382 1014 599 1060 Deterruit
620 1014 737 1057 enim
753 1013 974 1058 videntem
997 1031 1020 1058 a
1037 1030 1153 1059 caeco
1169 1050 1180 1070 ,
1206 1014 1456 1059 audientem
1474 1030 1498 1058 a
1519 1013 1668 1069 surdo,
1685 1014 1770 1060 cla-

379 1094 572 1130 mantem
593 1099 617 1128 a
634 1094 774 1140 muto,
793 1084 1090 1129 ambulantem
1111 1086 1165 1129 ab
1181 1084 1413 1139 immobili,
1439 1086 1697 1128 sentientem
1714 1085 1769 1129 ab

381 1156 599 1200 insensato
614 1190 624 1209 ,
649 1154 867 1197 viventem
890 1170 913 1198 a
936 1165 1110 1199 mortuo
1126 1191 1136 1210 ,
1160 1156 1249 1199 imo
1273 1154 1486 1199 deteriore
1508 1170 1642 1215 quam
1659 1170 1772 1200 mor-

382 1235 476 1270 tuo.
502 1228 725 1285 Mortuum
758 1225 919 1284 quippe
946 1225 1057 1269 sicut
1089 1224 1367 1269 manifestum
1392 1235 1456 1268 est
1482 1241 1572 1269 non
1598 1225 1769 1281 vivere,

383 1297 443 1341 ita
463 1295 743 1340 manifestum
766 1306 829 1340 est
846 1297 1081 1357 aliquando
1102 1297 1269 1340 vixisse.
1302 1300 1576 1355 Quapropter
1602 1299 1744 1340 Deum
1758 1332 1769 1353 ,

385 1367 461 1427 qui
484 1383 564 1411 nec
586 1367 720 1421 vivit,
746 1382 826 1411 nec
842 1367 950 1411 vixit
965 1402 975 1421 ,
1001 1367 1198 1426 profecto
1221 1376 1265 1410 et
1285 1376 1485 1410 mortuus
1508 1365 1740 1412 antecedit.

446 1440 528 1481 ΙΙΙ.
550 1436 661 1490 Quid
674 1437 755 1481 hoc
772 1436 1056 1491 manifestius,
1076 1437 1230 1481 fratres
1247 1436 1333 1480 mei
1353 1435 1643 1479 dilectissimi?
1666 1436 1773 1496 quid

387 1507 662 1553 evidentius?
685 1509 786 1560 Quis
815 1524 924 1567 puer
951 1509 1242 1566 interrogatus
1265 1523 1354 1551 non
1378 1508 1462 1551 1100
1486 1516 1653 1551 certum
1684 1523 1774 1551 esse

388 1579 673 1637 respondeat,
709 1577 829 1637 quod
865 1597 885 1619 ‹<
924 1577 1161 1622 Simulacra
1195 1579 1401 1622 Gentium
1429 1593 1475 1622 os
1508 1578 1674 1621 habent
1688 1612 1700 1632 ‚
1732 1586 1776 1622 et

391 1667 412 1690 »
447 1665 537 1693 non
558 1648 818 1707 loquentur;
844 1648 990 1693 oculos
1016 1649 1182 1692 habent
1197 1684 1207 1704 ,
1249 1659 1292 1693 et
1313 1665 1402 1693 non
1423 1647 1662 1703 videbunt,
1686 1666 1707 1689 »
1731 1657 1776 1693 et

388 1729 542 1764 caetera
560 1736 658 1780 quae
678 1720 850 1764 divinus
871 1735 1011 1764 sermo
1034 1719 1287 1764 contexuit?
1315 1722 1404 1764 Cur
1426 1735 1528 1777 ergo
1547 1728 1775 1778 tantopere

392 1791 574 1849 Spiritus
599 1799 773 1834 sanctus
807 1799 932 1834 curat
967 1790 1289 1848 Scripturarum
1322 1788 1518 1848 plurimis
1549 1788 1652 1832 locis
1681 1789 1776 1833 haec

389 1861 608 1905 insinuare
640 1870 771 1921 atque
804 1860 1022 1904 inculcare
1052 1860 1174 1905 velut
1195 1859 1477 1903 inscientibus
1495 1894 1506 1914 ,
1538 1859 1659 1918 quasi
1686 1875 1776 1903 non

392 1932 596 1976 omnibus
627 1931 891 1990 apertissima
928 1939 1058 1990 atque
1088 1930 1340 1986 notissima,
1371 1929 1448 1973 nisi
1482 1929 1584 1989 quia
1617 1931 1776 1988 species

390 2001 685 2045 membrorum
706 2036 716 2055 ,
741 2016 873 2061 quam
897 1999 1148 2044 naturaliter
1169 2000 1213 2043 in
1236 1999 1529 2043 animantibus
1557 1999 1776 2044 viventem

390 2073 537 2119 videre
552 2108 563 2128 ,
581 2082 711 2132 atque
726 2073 771 2115 in
789 2071 1105 2131 nobismetipsis
1126 2070 1285 2114 sentire
1306 2070 1621 2124 consuevimus,
1642 2086 1778 2130 quan-

391 2159 523 2204 quam
546 2153 595 2188 ut
614 2143 677 2188 illi
694 2151 889 2188 asserunt
904 2178 914 2197 ,
939 2143 1169 2202 insignum
1192 2141 1369 2201 aliquod
1386 2140 1624 2185 fabrefacta
1645 2150 1776 2200 atque

391 2214 598 2259 eminenti
621 2213 831 2258 collocata
853 2222 1057 2272 suggestu
1071 2248 1081 2268 ,
1107 2227 1207 2257 cum
1231 2212 1399 2256 adorari
1416 2221 1546 2271 atque
1568 2211 1774 2256 honorari

393 2302 417 2330 a
438 2285 720 2329 multitudine
740 2285 934 2344 coeperit,
953 2284 1063 2343 parit
1078 2284 1124 2327 in
1141 2298 1409 2343 unoquoque
1431 2281 1776 2327 sordidissimum

393 2356 547 2401 erroris
564 2354 793 2409 affectum,
818 2363 867 2398 ut
879 2354 1086 2414 quoniam
1108 2354 1154 2396 in
1172 2352 1245 2397 illo
1267 2353 1476 2410 figmento
1499 2368 1589 2396 non
1609 2352 1775 2396 invenit

390 2426 565 2471 vitalem
586 2434 776 2480 motum,
800 2425 947 2469 credat
969 2439 1132 2468 numen
1156 2422 1375 2467 occultum
1393 2443 1404 2479 3
1423 2423 1611 2480 effigiem
1628 2431 1774 2466 tamen

393 2497 556 2541 viventi
590 2496 759 2555 corpori
794 2494 998 2550 similem,
1038 2494 1240 2538 seductus
1270 2492 1409 2537 forma
1450 2502 1493 2537 et
1530 2501 1773 2537 commotus

394 2566 649 2611 auctoritate
671 2565 793 2625 quasi
815 2565 1072 2624 sapientium
1094 2564 1392 2610 institutorum
1414 2562 1771 2621 obsequentium-
