<?xml version="1.0" encoding="UTF-8"?>
<!DOCTYPE html PUBLIC "-//W3C//DTD XHTML 1.0 Transitional//EN"
    "http://www.w3.org/TR/xhtml1/DTD/xhtml1-transitional.dtd">
<html xmlns="http://www.w3.org/1999/xhtml" xml:lang="en" lang="en">
 <head>
  <title>
</title>
<meta http-equiv="Content-Type" content="text/html;charset=utf-8" />
  <meta name='ocr-system' content='tesseract 3.04.00' />
  <meta name='ocr-capabilities' content='ocr_page ocr_carea ocr_par ocr_line ocrx_word'/>
</head>
<body>
  <div class='ocr_page' id='page_1' title='image "./operaomniaaccura11auguuoft_0351.png"; bbox 0 0 1848 3261; ppageno 0'>
   <div class='ocr_carea' id='block_1_1' title="bbox 295 207 1466 257">
    <p class='ocr_par' dir='ltr' id='par_1_1' title="bbox 295 207 1466 257">
     <span class='ocr_line' id='line_1_1' title="bbox 295 207 1466 257; baseline -0.002 -9"><span class='ocrx_word' id='word_1_1' title='bbox 295 216 537 249; x_wconf 78' lang='lat' dir='ltr'><strong>ENARRATIO</strong></span> <span class='ocrx_word' id='word_1_2' title='bbox 567 221 583 247; x_wconf 93' lang='lat'>1</span> <span class='ocrx_word' id='word_1_3' title='bbox 614 220 661 248; x_wconf 76' lang='grc' dir='ltr'><strong>ΙΝ</strong></span> <span class='ocrx_word' id='word_1_4' title='bbox 691 215 894 248; x_wconf 74' lang='lat' dir='ltr'><strong>PsALMUM</strong></span> <span class='ocrx_word' id='word_1_5' title='bbox 922 217 1055 257; x_wconf 80' lang='lat' dir='ltr'><strong>cx111,</strong></span> <span class='ocrx_word' id='word_1_6' title='bbox 1089 216 1227 246; x_wconf 76' lang='lat' dir='ltr'><strong>sERMo</strong></span> <span class='ocrx_word' id='word_1_7' title='bbox 1259 219 1290 245; x_wconf 91' lang='lat'><strong>1.</strong></span> <span class='ocrx_word' id='word_1_8' title='bbox 1382 207 1466 246; x_wconf 87' lang='lat'><strong>339</strong></span> 
     </span>
    </p>
   </div>
   <div class='ocr_carea' id='block_1_2' title="bbox 86 282 1479 2541">
    <p class='ocr_par' dir='ltr' id='par_1_2' title="bbox 87 282 1471 839">
     <span class='ocr_line' id='line_1_2' title="bbox 93 282 1471 344; baseline 0 -17"><span class='ocrx_word' id='word_1_9' title='bbox 93 302 116 328; x_wconf 91' lang='lat'>»</span> <span class='ocrx_word' id='word_1_10' title='bbox 150 300 231 344; x_wconf 84' lang='lat' dir='ltr'><strong>ego</strong></span> <span class='ocrx_word' id='word_1_11' title='bbox 254 300 331 330; x_wconf 90' lang='lat' dir='ltr'><strong>vos</strong></span> <span class='ocrx_word' id='word_1_12' title='bbox 361 284 597 339; x_wconf 83' lang='lat' dir='ltr'><strong>reficiam1,</strong></span> <span class='ocrx_word' id='word_1_13' title='bbox 625 302 645 325; x_wconf 85' lang='lat'>»</span> <span class='ocrx_word' id='word_1_14' title='bbox 673 283 848 328; x_wconf 82' lang='lat' dir='ltr'>desertis</span> <span class='ocrx_word' id='word_1_15' title='bbox 881 291 1011 342; x_wconf 85' lang='lat' dir='ltr'><strong>atque</strong></span> <span class='ocrx_word' id='word_1_16' title='bbox 1033 282 1207 341; x_wconf 87' lang='lat' dir='ltr'><strong>abjectis</strong></span> <span class='ocrx_word' id='word_1_17' title='bbox 1230 282 1310 327; x_wconf 87' lang='lat' dir='ltr'><strong>sub</strong></span> <span class='ocrx_word' id='word_1_18' title='bbox 1330 282 1471 327; x_wconf 89' lang='lat' dir='ltr'><strong>levem</strong></span> 
     </span>
     <span class='ocr_line' id='line_1_3' title="bbox 89 344 1468 414; baseline -0.002 -13"><span class='ocrx_word' id='word_1_19' title='bbox 89 344 250 401; x_wconf 79' lang='lat' dir='ltr'><strong>Christi</strong></span> <span class='ocrx_word' id='word_1_20' title='bbox 281 356 490 401; x_wconf 86' lang='lat' dir='ltr'>sarcinam</span> <span class='ocrx_word' id='word_1_21' title='bbox 525 370 723 400; x_wconf 88' lang='lat' dir='ltr'><strong>currere:</strong></span> <span class='ocrx_word' id='word_1_22' title='bbox 755 353 1006 398; x_wconf 80' lang='lat' dir='ltr'>recordetur</span> <span class='ocrx_word' id='word_1_23' title='bbox 1042 369 1144 412; x_wconf 84' lang='lat' dir='ltr'><strong>ergo</strong></span> <span class='ocrx_word' id='word_1_24' title='bbox 1167 354 1468 414; x_wconf 85' lang='lat' dir='ltr'><strong>unusquisque</strong></span> 
     </span>
     <span class='ocr_line' id='line_1_4' title="bbox 87 424 1467 488; baseline -0.003 -16"><span class='ocrx_word' id='word_1_25' title='bbox 87 436 280 472; x_wconf 88' lang='lat' dir='ltr'><strong>vestrum</strong></span> <span class='ocrx_word' id='word_1_26' title='bbox 318 425 690 488; x_wconf 83' lang='lat' dir='ltr'><strong>quemadmodum</strong></span> <span class='ocrx_word' id='word_1_27' title='bbox 719 425 864 470; x_wconf 91' lang='lat' dir='ltr'><strong>omnia</strong></span> <span class='ocrx_word' id='word_1_28' title='bbox 901 424 1121 469; x_wconf 72' lang='lat' dir='ltr'><strong>saecularia</strong></span> <span class='ocrx_word' id='word_1_29' title='bbox 1157 424 1467 483; x_wconf 87' lang='lat' dir='ltr'><strong>impedimenta</strong></span> 
     </span>
     <span class='ocr_line' id='line_1_5' title="bbox 88 497 1468 554; baseline -0.003 -13"><span class='ocrx_word' id='word_1_30' title='bbox 88 507 332 553; x_wconf 87' lang='lat' dir='ltr'><strong>cesserunt,</strong></span> <span class='ocrx_word' id='word_1_31' title='bbox 356 497 700 542; x_wconf 86' lang='lat' dir='ltr'><strong>dissuadentium</strong></span> <span class='ocrx_word' id='word_1_32' title='bbox 728 510 855 540; x_wconf 88' lang='lat' dir='ltr'><strong>voces</strong></span> <span class='ocrx_word' id='word_1_33' title='bbox 885 504 960 539; x_wconf 90' lang='lat' dir='ltr'><strong>aut</strong></span> <span class='ocrx_word' id='word_1_34' title='bbox 987 509 1213 554; x_wconf 86' lang='lat' dir='ltr'><strong>erumpere</strong></span> <span class='ocrx_word' id='word_1_35' title='bbox 1241 509 1332 538; x_wconf 92' lang='lat' dir='ltr'><strong>non</strong></span> <span class='ocrx_word' id='word_1_36' title='bbox 1353 509 1468 537; x_wconf 83' lang='lat' dir='ltr'><strong>ausae</strong></span> 
     </span>
     <span class='ocr_line' id='line_1_6' title="bbox 88 565 1469 625; baseline -0.004 -13"><span class='ocrx_word' id='word_1_37' title='bbox 88 576 216 623; x_wconf 92' lang='lat' dir='ltr'><strong>sunt,</strong></span> <span class='ocrx_word' id='word_1_38' title='bbox 247 577 324 613; x_wconf 84' lang='lat' dir='ltr'><strong>aut</strong></span> <span class='ocrx_word' id='word_1_39' title='bbox 354 566 624 613; x_wconf 89' lang='lat' dir='ltr'><strong>considerato</strong></span> <span class='ocrx_word' id='word_1_40' title='bbox 655 565 815 610; x_wconf 85' lang='lat' dir='ltr'><strong>Christi</strong></span> <span class='ocrx_word' id='word_1_41' title='bbox 845 565 1022 610; x_wconf 89' lang='lat' dir='ltr'><strong>nomine</strong></span> <span class='ocrx_word' id='word_1_42' title='bbox 1046 580 1123 625; x_wconf 91' lang='lat' dir='ltr'><strong>per</strong></span> <span class='ocrx_word' id='word_1_43' title='bbox 1154 579 1303 609; x_wconf 89' lang='lat' dir='ltr'><strong>omnes</strong></span> <span class='ocrx_word' id='word_1_44' title='bbox 1336 573 1469 608; x_wconf 84' lang='lat' dir='ltr'><strong>terras</strong></span> 
     </span>
     <span class='ocr_line' id='line_1_7' title="bbox 88 636 1469 693; baseline -0.004 -10"><span class='ocrx_word' id='word_1_45' title='bbox 88 638 276 683; x_wconf 84' lang='lat' dir='ltr'><strong>exaltato</strong></span> <span class='ocrx_word' id='word_1_46' title='bbox 298 648 342 683; x_wconf 90' lang='lat' dir='ltr'><strong>et</strong></span> <span class='ocrx_word' id='word_1_47' title='bbox 357 640 569 683; x_wconf 91' lang='lat' dir='ltr'><strong>honorato</strong></span> <span class='ocrx_word' id='word_1_48' title='bbox 591 636 854 681; x_wconf 77' lang='lat' dir='ltr'><strong>tremefactae</strong></span> <span class='ocrx_word' id='word_1_49' title='bbox 880 636 1108 680; x_wconf 88' lang='lat' dir='ltr'><strong>siluerunt.</strong></span> <span class='ocrx_word' id='word_1_50' title='bbox 1134 638 1272 693; x_wconf 81' lang='lat' dir='ltr'><strong>Ergo,</strong></span> <span class='ocrx_word' id='word_1_51' title='bbox 1307 653 1328 676; x_wconf 86' lang='lat'>«</span> <span class='ocrx_word' id='word_1_52' title='bbox 1350 637 1469 679; x_wconf 86' lang='lat' dir='ltr'><strong>Mare</strong></span> 
     </span>
     <span class='ocr_line' id='line_1_8' title="bbox 90 705 1471 768; baseline -0.001 -18"><span class='ocrx_word' id='word_1_53' title='bbox 90 725 112 750; x_wconf 87' lang='lat'>»</span> <span class='ocrx_word' id='word_1_54' title='bbox 130 708 240 754; x_wconf 88' lang='lat' dir='ltr'><strong>vidit</strong></span> <span class='ocrx_word' id='word_1_55' title='bbox 252 718 295 753; x_wconf 90' lang='lat' dir='ltr'><strong>et</strong></span> <span class='ocrx_word' id='word_1_56' title='bbox 309 708 422 768; x_wconf 84' lang='lat' dir='ltr'><strong>fugit</strong></span> <span class='ocrx_word' id='word_1_57' title='bbox 441 744 452 764; x_wconf 89' lang='lat'><strong>,</strong></span> <span class='ocrx_word' id='word_1_58' title='bbox 471 727 492 750; x_wconf 88' lang='lat'>»</span> <span class='ocrx_word' id='word_1_59' title='bbox 511 720 563 752; x_wconf 90' lang='lat' dir='ltr'><strong>ut</strong></span> <span class='ocrx_word' id='word_1_60' title='bbox 583 708 662 752; x_wconf 88' lang='lat' dir='ltr'><strong>tibi</strong></span> <span class='ocrx_word' id='word_1_61' title='bbox 677 707 768 751; x_wconf 89' lang='lat' dir='ltr'><strong>sine</strong></span> <span class='ocrx_word' id='word_1_62' title='bbox 789 705 1132 751; x_wconf 85' lang='lat' dir='ltr'><strong>contradictione</strong></span> <span class='ocrx_word' id='word_1_63' title='bbox 1153 705 1210 750; x_wconf 91' lang='lat' dir='ltr'><strong>ad</strong></span> <span class='ocrx_word' id='word_1_64' title='bbox 1225 705 1471 749; x_wconf 86' lang='lat' dir='ltr'><strong>libertatern</strong></span> 
     </span>
     <span class='ocr_line' id='line_1_9' title="bbox 88 778 712 839; baseline -0.002 -16"><span class='ocrx_word' id='word_1_65' title='bbox 88 779 323 839; x_wconf 90' lang='lat' dir='ltr'><strong>spiritalem</strong></span> <span class='ocrx_word' id='word_1_66' title='bbox 345 779 609 838; x_wconf 86' lang='lat' dir='ltr'><strong>panderetur</strong></span> <span class='ocrx_word' id='word_1_67' title='bbox 627 778 712 822; x_wconf 88' lang='lat' dir='ltr'><strong>via.</strong></span> 
     </span>
    </p>

    <p class='ocr_par' dir='ltr' id='par_1_3' title="bbox 86 847 1479 2320">
     <span class='ocr_line' id='line_1_10' title="bbox 148 847 1475 910; baseline -0.004 -15"><span class='ocrx_word' id='word_1_68' title='bbox 148 853 248 895; x_wconf 88' lang='lat' dir='ltr'><strong>VII.</strong></span> <span class='ocrx_word' id='word_1_69' title='bbox 287 849 487 896; x_wconf 90' lang='lat' dir='ltr'><strong>Jordanis</strong></span> <span class='ocrx_word' id='word_1_70' title='bbox 516 859 662 894; x_wconf 90' lang='lat' dir='ltr'><strong>autem</strong></span> <span class='ocrx_word' id='word_1_71' title='bbox 694 847 1068 910; x_wconf 86' lang='lat' dir='ltr'><strong>quemadmodum</strong></span> <span class='ocrx_word' id='word_1_72' title='bbox 1100 857 1333 892; x_wconf 86' lang='lat' dir='ltr'><strong>retrorsum</strong></span> <span class='ocrx_word' id='word_1_73' title='bbox 1369 862 1475 891; x_wconf 85' lang='lat' dir='ltr'><strong>con-</strong></span> 
     </span>
     <span class='ocr_line' id='line_1_11' title="bbox 86 917 1470 979; baseline -0.004 -13"><span class='ocrx_word' id='word_1_74' title='bbox 86 935 234 966; x_wconf 87' lang='lat' dir='ltr'><strong>versus</strong></span> <span class='ocrx_word' id='word_1_75' title='bbox 255 922 309 965; x_wconf 90' lang='lat' dir='ltr'><strong>sit</strong></span> <span class='ocrx_word' id='word_1_76' title='bbox 325 956 336 976; x_wconf 86' lang='lat'><strong>,</strong></span> <span class='ocrx_word' id='word_1_77' title='bbox 361 921 463 965; x_wconf 89' lang='lat' dir='ltr'><strong>nolo</strong></span> <span class='ocrx_word' id='word_1_78' title='bbox 481 929 597 963; x_wconf 79' lang='lat' dir='ltr'><strong>extra</strong></span> <span class='ocrx_word' id='word_1_79' title='bbox 616 935 691 964; x_wconf 91' lang='lat' dir='ltr'><strong>vos</strong></span> <span class='ocrx_word' id='word_1_80' title='bbox 709 919 927 979; x_wconf 87' lang='lat' dir='ltr'><strong>quaeratis,</strong></span> <span class='ocrx_word' id='word_1_81' title='bbox 950 917 1053 962; x_wconf 88' lang='lat' dir='ltr'><strong>nolo</strong></span> <span class='ocrx_word' id='word_1_82' title='bbox 1075 917 1242 977; x_wconf 88' lang='lat' dir='ltr'><strong>aliquid</strong></span> <span class='ocrx_word' id='word_1_83' title='bbox 1265 917 1368 961; x_wconf 75' lang='lat' dir='ltr'><strong>mali</strong></span> <span class='ocrx_word' id='word_1_84' title='bbox 1385 933 1470 961; x_wconf 89' lang='lat' dir='ltr'><strong>sus-</strong></span> 
     </span>
     <span class='ocr_line' id='line_1_12' title="bbox 87 986 1475 1051; baseline -0.004 -16"><span class='ocrx_word' id='word_1_85' title='bbox 87 991 306 1051; x_wconf 89' lang='lat' dir='ltr'><strong>picemini.</strong></span> <span class='ocrx_word' id='word_1_86' title='bbox 329 994 530 1050; x_wconf 90' lang='lat' dir='ltr'><strong>Increpat</strong></span> <span class='ocrx_word' id='word_1_87' title='bbox 543 991 659 1035; x_wconf 88' lang='lat' dir='ltr'><strong>enim</strong></span> <span class='ocrx_word' id='word_1_88' title='bbox 676 990 886 1034; x_wconf 91' lang='lat' dir='ltr'><strong>Dominus</strong></span> <span class='ocrx_word' id='word_1_89' title='bbox 902 988 1114 1049; x_wconf 87' lang='lat' dir='ltr'><strong>quosdam</strong></span> <span class='ocrx_word' id='word_1_90' title='bbox 1127 988 1204 1048; x_wconf 88' lang='lat' dir='ltr'><strong>qui</strong></span> <span class='ocrx_word' id='word_1_91' title='bbox 1221 987 1399 1032; x_wconf 86' lang='lat' dir='ltr'><strong>dorsum</strong></span> <span class='ocrx_word' id='word_1_92' title='bbox 1419 986 1475 1031; x_wconf 89' lang='lat' dir='ltr'><strong>ad</strong></span> 
     </span>
     <span class='ocr_line' id='line_1_13' title="bbox 89 1057 1473 1121; baseline -0.004 -16"><span class='ocrx_word' id='word_1_93' title='bbox 89 1077 189 1105; x_wconf 91' lang='lat' dir='ltr'><strong>eum</strong></span> <span class='ocrx_word' id='word_1_94' title='bbox 208 1071 470 1121; x_wconf 89' lang='lat' dir='ltr'><strong>posuerunt,</strong></span> <span class='ocrx_word' id='word_1_95' title='bbox 496 1071 540 1105; x_wconf 87' lang='lat' dir='ltr'><strong>et</strong></span> <span class='ocrx_word' id='word_1_96' title='bbox 560 1077 650 1106; x_wconf 92' lang='lat' dir='ltr'><strong>non</strong></span> <span class='ocrx_word' id='word_1_97' title='bbox 671 1059 826 1105; x_wconf 86' lang='lat' dir='ltr'><strong>faciem</strong></span> <span class='ocrx_word' id='word_1_98' title='bbox 849 1064 881 1103; x_wconf 74' lang='lat'><strong>².</strong></span> <span class='ocrx_word' id='word_1_99' title='bbox 913 1062 970 1103; x_wconf 91' lang='lat' dir='ltr'><strong>Et</strong></span> <span class='ocrx_word' id='word_1_100' title='bbox 994 1059 1189 1119; x_wconf 85' lang='lat' dir='ltr'><strong>quisquis</strong></span> <span class='ocrx_word' id='word_1_101' title='bbox 1209 1057 1473 1117; x_wconf 89' lang='lat' dir='ltr'><strong>principium</strong></span> 
     </span>
     <span class='ocr_line' id='line_1_14' title="bbox 88 1128 1474 1189; baseline -0.003 -13"><span class='ocrx_word' id='word_1_102' title='bbox 88 1148 217 1177; x_wconf 91' lang='lat' dir='ltr'><strong>suum</strong></span> <span class='ocrx_word' id='word_1_103' title='bbox 239 1132 410 1188; x_wconf 88' lang='lat' dir='ltr'><strong>deserit,</strong></span> <span class='ocrx_word' id='word_1_104' title='bbox 431 1142 474 1177; x_wconf 93' lang='lat' dir='ltr'><strong>et</strong></span> <span class='ocrx_word' id='word_1_105' title='bbox 496 1149 520 1176; x_wconf 90' lang='lat' dir='ltr'><strong>a</strong></span> <span class='ocrx_word' id='word_1_106' title='bbox 539 1148 617 1176; x_wconf 87' lang='lat' dir='ltr'><strong>suo</strong></span> <span class='ocrx_word' id='word_1_107' title='bbox 635 1134 836 1176; x_wconf 86' lang='lat' dir='ltr'><strong>Creatore</strong></span> <span class='ocrx_word' id='word_1_108' title='bbox 849 1129 1072 1185; x_wconf 85' lang='lat' dir='ltr'><strong>avertitur,</strong></span> <span class='ocrx_word' id='word_1_109' title='bbox 1090 1139 1300 1189; x_wconf 84' lang='lat' dir='ltr'><strong>tanquam</strong></span> <span class='ocrx_word' id='word_1_110' title='bbox 1315 1128 1474 1173; x_wconf 87' lang='lat' dir='ltr'><strong>fluvius</strong></span> 
     </span>
     <span class='ocr_line' id='line_1_15' title="bbox 88 1199 1469 1262; baseline -0.003 -16"><span class='ocrx_word' id='word_1_111' title='bbox 88 1205 135 1246; x_wconf 91' lang='lat' dir='ltr'><strong>in</strong></span> <span class='ocrx_word' id='word_1_112' title='bbox 156 1218 274 1246; x_wconf 89' lang='lat' dir='ltr'><strong>mare</strong></span> <span class='ocrx_word' id='word_1_113' title='bbox 290 1238 301 1258; x_wconf 97' lang='lat'><strong>,</strong></span> <span class='ocrx_word' id='word_1_114' title='bbox 325 1203 488 1247; x_wconf 85' lang='lat' dir='ltr'><strong>labitur</strong></span> <span class='ocrx_word' id='word_1_115' title='bbox 512 1203 558 1245; x_wconf 85' lang='lat' dir='ltr'><strong>in</strong></span> <span class='ocrx_word' id='word_1_116' title='bbox 585 1202 713 1262; x_wconf 88' lang='lat' dir='ltr'><strong>hujus</strong></span> <span class='ocrx_word' id='word_1_117' title='bbox 736 1200 883 1245; x_wconf 81' lang='lat' dir='ltr'><strong>saeculi</strong></span> <span class='ocrx_word' id='word_1_118' title='bbox 904 1201 1213 1245; x_wconf 83' lang='lat' dir='ltr'><strong>amaricantem</strong></span> <span class='ocrx_word' id='word_1_119' title='bbox 1244 1199 1469 1243; x_wconf 87' lang='lat' dir='ltr'><strong>malitiam.</strong></span> 
     </span>
     <span class='ocr_line' id='line_1_16' title="bbox 88 1268 1475 1331; baseline -0.004 -14"><span class='ocrx_word' id='word_1_120' title='bbox 88 1275 260 1317; x_wconf 89' lang='lat' dir='ltr'><strong>Bonum</strong></span> <span class='ocrx_word' id='word_1_121' title='bbox 277 1288 378 1331; x_wconf 84' lang='lat' dir='ltr'><strong>ergo</strong></span> <span class='ocrx_word' id='word_1_122' title='bbox 401 1282 462 1317; x_wconf 88' lang='lat' dir='ltr'><strong>est</strong></span> <span class='ocrx_word' id='word_1_123' title='bbox 483 1271 563 1327; x_wconf 88' lang='lat' dir='ltr'><strong>illi,</strong></span> <span class='ocrx_word' id='word_1_124' title='bbox 586 1281 633 1316; x_wconf 90' lang='lat' dir='ltr'><strong>ut</strong></span> <span class='ocrx_word' id='word_1_125' title='bbox 655 1280 889 1316; x_wconf 84' lang='lat' dir='ltr'><strong>retrorsum</strong></span> <span class='ocrx_word' id='word_1_126' title='bbox 907 1279 1200 1326; x_wconf 82' lang='lat' dir='ltr'><strong>convertatur,</strong></span> <span class='ocrx_word' id='word_1_127' title='bbox 1224 1271 1389 1330; x_wconf 89' lang='lat' dir='ltr'><strong>fiatque</strong></span> <span class='ocrx_word' id='word_1_128' title='bbox 1411 1268 1475 1313; x_wconf 87' lang='lat' dir='ltr'><strong>illi</strong></span> 
     </span>
     <span class='ocr_line' id='line_1_17' title="bbox 89 1343 1471 1403; baseline -0.002 -15"><span class='ocrx_word' id='word_1_129' title='bbox 89 1347 203 1389; x_wconf 91' lang='lat' dir='ltr'><strong>Deus</strong></span> <span class='ocrx_word' id='word_1_130' title='bbox 225 1353 326 1388; x_wconf 89' lang='lat' dir='ltr'><strong>ante</strong></span> <span class='ocrx_word' id='word_1_131' title='bbox 348 1343 502 1388; x_wconf 85' lang='lat' dir='ltr'><strong>faciem</strong></span> <span class='ocrx_word' id='word_1_132' title='bbox 525 1343 750 1398; x_wconf 90' lang='lat' dir='ltr'><strong>redeunti,</strong></span> <span class='ocrx_word' id='word_1_133' title='bbox 775 1358 907 1403; x_wconf 90' lang='lat' dir='ltr'><strong>quem</strong></span> <span class='ocrx_word' id='word_1_134' title='bbox 944 1343 1024 1386; x_wconf 89' lang='lat' dir='ltr'><strong>sibi</strong></span> <span class='ocrx_word' id='word_1_135' title='bbox 1046 1358 1069 1386; x_wconf 89' lang='lat' dir='ltr'><strong>a</strong></span> <span class='ocrx_word' id='word_1_136' title='bbox 1094 1351 1217 1401; x_wconf 82' lang='lat' dir='ltr'><strong>tergo</strong></span> <span class='ocrx_word' id='word_1_137' title='bbox 1237 1350 1441 1401; x_wconf 91' lang='lat' dir='ltr'><strong>posuerat</strong></span> <span class='ocrx_word' id='word_1_138' title='bbox 1460 1376 1471 1397; x_wconf 93' lang='lat'><strong>,</strong></span> 
     </span>
     <span class='ocr_line' id='line_1_18' title="bbox 89 1412 1471 1474; baseline -0.001 -16"><span class='ocrx_word' id='word_1_139' title='bbox 89 1423 133 1459; x_wconf 91' lang='lat' dir='ltr'><strong>et</strong></span> <span class='ocrx_word' id='word_1_140' title='bbox 151 1415 226 1459; x_wconf 90' lang='lat' dir='ltr'><strong>fiat</strong></span> <span class='ocrx_word' id='word_1_141' title='bbox 242 1414 304 1458; x_wconf 89' lang='lat' dir='ltr'><strong>illi</strong></span> <span class='ocrx_word' id='word_1_142' title='bbox 326 1424 441 1459; x_wconf 89' lang='lat' dir='ltr'><strong>retro</strong></span> <span class='ocrx_word' id='word_1_143' title='bbox 464 1429 581 1458; x_wconf 90' lang='lat' dir='ltr'><strong>mare</strong></span> <span class='ocrx_word' id='word_1_144' title='bbox 602 1415 734 1474; x_wconf 86' lang='lat' dir='ltr'><strong>hujus</strong></span> <span class='ocrx_word' id='word_1_145' title='bbox 757 1412 920 1468; x_wconf 85' lang='lat' dir='ltr'><strong>saeculi,</strong></span> <span class='ocrx_word' id='word_1_146' title='bbox 941 1414 1063 1473; x_wconf 90' lang='lat' dir='ltr'><strong>quod</strong></span> <span class='ocrx_word' id='word_1_147' title='bbox 1083 1413 1165 1457; x_wconf 90' lang='lat' dir='ltr'><strong>sibi</strong></span> <span class='ocrx_word' id='word_1_148' title='bbox 1182 1422 1282 1457; x_wconf 84' lang='lat' dir='ltr'><strong>ante</strong></span> <span class='ocrx_word' id='word_1_149' title='bbox 1300 1412 1471 1468; x_wconf 85' lang='lat' dir='ltr'><strong>faciem,</strong></span> 
     </span>
     <span class='ocr_line' id='line_1_19' title="bbox 89 1483 1476 1544; baseline -0.002 -14"><span class='ocrx_word' id='word_1_150' title='bbox 89 1501 192 1530; x_wconf 91' lang='lat' dir='ltr'><strong>cum</strong></span> <span class='ocrx_word' id='word_1_151' title='bbox 216 1485 321 1530; x_wconf 90' lang='lat' dir='ltr'><strong>illuc</strong></span> <span class='ocrx_word' id='word_1_152' title='bbox 348 1485 584 1539; x_wconf 84' lang='lat' dir='ltr'><strong>laberetur,</strong></span> <span class='ocrx_word' id='word_1_153' title='bbox 611 1484 840 1541; x_wconf 76' lang='lat' dir='ltr'><strong>effecerat3</strong></span> <span class='ocrx_word' id='word_1_154' title='bbox 866 1492 908 1527; x_wconf 90' lang='lat' dir='ltr'><strong>et</strong></span> <span class='ocrx_word' id='word_1_155' title='bbox 936 1485 994 1527; x_wconf 87' lang='lat' dir='ltr'><strong>sic</strong></span> <span class='ocrx_word' id='word_1_156' title='bbox 1016 1483 1296 1529; x_wconf 86' lang='lat' dir='ltr'><strong>obliviscatur</strong></span> <span class='ocrx_word' id='word_1_157' title='bbox 1312 1499 1358 1528; x_wconf 91' lang='lat' dir='ltr'><strong>ea</strong></span> <span class='ocrx_word' id='word_1_158' title='bbox 1375 1499 1476 1544; x_wconf 84' lang='lat' dir='ltr'><strong>quae</strong></span> 
     </span>
     <span class='ocr_line' id='line_1_20' title="bbox 90 1554 1476 1615; baseline -0.001 -15"><span class='ocrx_word' id='word_1_159' title='bbox 90 1565 206 1601; x_wconf 90' lang='lat' dir='ltr'><strong>retro</strong></span> <span class='ocrx_word' id='word_1_160' title='bbox 229 1565 346 1611; x_wconf 80' lang='lat' dir='ltr'><strong>sunt,</strong></span> <span class='ocrx_word' id='word_1_161' title='bbox 361 1556 472 1600; x_wconf 87' lang='lat' dir='ltr'><strong>utin</strong></span> <span class='ocrx_word' id='word_1_162' title='bbox 487 1571 536 1599; x_wconf 90' lang='lat' dir='ltr'><strong>ea</strong></span> <span class='ocrx_word' id='word_1_163' title='bbox 553 1571 652 1614; x_wconf 78' lang='lat' dir='ltr'><strong>quae</strong></span> <span class='ocrx_word' id='word_1_164' title='bbox 670 1563 769 1598; x_wconf 90' lang='lat' dir='ltr'><strong>ante</strong></span> <span class='ocrx_word' id='word_1_165' title='bbox 786 1562 887 1597; x_wconf 86' lang='lat' dir='ltr'><strong>sunt</strong></span> <span class='ocrx_word' id='word_1_166' title='bbox 908 1554 1168 1599; x_wconf 81' lang='lat' dir='ltr'><strong>extendatur</strong></span> <span class='ocrx_word' id='word_1_167' title='bbox 1181 1557 1196 1581; x_wconf 76' lang='lat'><strong>3</strong></span> <span class='ocrx_word' id='word_1_168' title='bbox 1213 1575 1222 1600; x_wconf 81' lang='lat'>2</span> <span class='ocrx_word' id='word_1_169' title='bbox 1248 1555 1369 1615; x_wconf 91' lang='lat' dir='ltr'><strong>quod</strong></span> <span class='ocrx_word' id='word_1_170' title='bbox 1384 1555 1476 1615; x_wconf 84' lang='lat' dir='ltr'><strong>jam</strong></span> 
     </span>
     <span class='ocr_line' id='line_1_21' title="bbox 90 1626 1477 1684; baseline -0.001 -13"><span class='ocrx_word' id='word_1_171' title='bbox 90 1642 297 1671; x_wconf 84' lang='lat' dir='ltr'><strong>converso</strong></span> <span class='ocrx_word' id='word_1_172' title='bbox 323 1626 431 1670; x_wconf 89' lang='lat' dir='ltr'><strong>utile</strong></span> <span class='ocrx_word' id='word_1_173' title='bbox 458 1634 535 1669; x_wconf 91' lang='lat' dir='ltr'><strong>est.</strong></span> <span class='ocrx_word' id='word_1_174' title='bbox 568 1628 766 1684; x_wconf 82' lang='lat' dir='ltr'><strong>Namque</strong></span> <span class='ocrx_word' id='word_1_175' title='bbox 789 1633 1022 1683; x_wconf 81' lang='lat' dir='ltr'><strong>antequam</strong></span> <span class='ocrx_word' id='word_1_176' title='bbox 1045 1635 1345 1680; x_wconf 88' lang='lat' dir='ltr'><strong>convertatur,</strong></span> <span class='ocrx_word' id='word_1_177' title='bbox 1370 1626 1405 1670; x_wconf 88' lang='lat' dir='ltr'><strong>si</strong></span> <span class='ocrx_word' id='word_1_178' title='bbox 1427 1641 1477 1669; x_wconf 87' lang='lat' dir='ltr'><strong>ea</strong></span> 
     </span>
     <span class='ocr_line' id='line_1_22' title="bbox 91 1695 1477 1757; baseline -0.001 -16"><span class='ocrx_word' id='word_1_179' title='bbox 91 1713 190 1757; x_wconf 83' lang='lat' dir='ltr'><strong>quae</strong></span> <span class='ocrx_word' id='word_1_180' title='bbox 211 1705 328 1741; x_wconf 90' lang='lat' dir='ltr'><strong>retro</strong></span> <span class='ocrx_word' id='word_1_181' title='bbox 353 1705 455 1740; x_wconf 91' lang='lat' dir='ltr'><strong>sunt</strong></span> <span class='ocrx_word' id='word_1_182' title='bbox 476 1695 746 1740; x_wconf 82' lang='lat' dir='ltr'><strong>obliviscitur</strong></span> <span class='ocrx_word' id='word_1_183' title='bbox 764 1729 775 1749; x_wconf 90' lang='lat'><strong>,</strong></span> <span class='ocrx_word' id='word_1_184' title='bbox 801 1696 940 1738; x_wconf 78' lang='lat' dir='ltr'><strong>Deum</strong></span> <span class='ocrx_word' id='word_1_185' title='bbox 963 1695 1257 1753; x_wconf 67' lang='lat' dir='ltr'><strong>obliviscitur,</strong></span> <span class='ocrx_word' id='word_1_186' title='bbox 1289 1696 1392 1756; x_wconf 88' lang='lat' dir='ltr'><strong>quia</strong></span> <span class='ocrx_word' id='word_1_187' title='bbox 1413 1696 1477 1755; x_wconf 87' lang='lat' dir='ltr'><strong>ip-</strong></span> 
     </span>
     <span class='ocr_line' id='line_1_23' title="bbox 91 1766 1476 1825; baseline -0.001 -13"><span class='ocrx_word' id='word_1_188' title='bbox 91 1784 187 1812; x_wconf 90' lang='lat' dir='ltr'><strong>sum</strong></span> <span class='ocrx_word' id='word_1_189' title='bbox 209 1778 324 1813; x_wconf 89' lang='lat' dir='ltr'><strong>retro</strong></span> <span class='ocrx_word' id='word_1_190' title='bbox 343 1767 530 1821; x_wconf 86' lang='lat' dir='ltr'><strong>fecerat,</strong></span> <span class='ocrx_word' id='word_1_191' title='bbox 557 1766 613 1810; x_wconf 88' lang='lat' dir='ltr'><strong>ad</strong></span> <span class='ocrx_word' id='word_1_192' title='bbox 635 1781 765 1825; x_wconf 88' lang='lat' dir='ltr'><strong>quem</strong></span> <span class='ocrx_word' id='word_1_193' title='bbox 788 1767 962 1809; x_wconf 87' lang='lat' dir='ltr'><strong>dorsum</strong></span> <span class='ocrx_word' id='word_1_194' title='bbox 986 1776 1188 1824; x_wconf 86' lang='lat' dir='ltr'><strong>posuerat</strong></span> <span class='ocrx_word' id='word_1_195' title='bbox 1214 1786 1222 1811; x_wconf 76' lang='grc' dir='ltr'>ε</span> <span class='ocrx_word' id='word_1_196' title='bbox 1245 1776 1287 1810; x_wconf 90' lang='lat' dir='ltr'><strong>et</strong></span> <span class='ocrx_word' id='word_1_197' title='bbox 1309 1768 1342 1811; x_wconf 87' lang='lat' dir='ltr'><strong>si</strong></span> <span class='ocrx_word' id='word_1_198' title='bbox 1364 1767 1409 1810; x_wconf 90' lang='lat' dir='ltr'><strong>in</strong></span> <span class='ocrx_word' id='word_1_199' title='bbox 1427 1782 1476 1810; x_wconf 88' lang='lat' dir='ltr'><strong>ea</strong></span> 
     </span>
     <span class='ocr_line' id='line_1_24' title="bbox 91 1835 1475 1899; baseline -0.001 -16"><span class='ocrx_word' id='word_1_200' title='bbox 91 1855 191 1899; x_wconf 87' lang='lat' dir='ltr'><strong>quae</strong></span> <span class='ocrx_word' id='word_1_201' title='bbox 222 1847 322 1882; x_wconf 89' lang='lat' dir='ltr'><strong>ante</strong></span> <span class='ocrx_word' id='word_1_202' title='bbox 344 1846 446 1882; x_wconf 90' lang='lat' dir='ltr'><strong>sunt</strong></span> <span class='ocrx_word' id='word_1_203' title='bbox 467 1837 713 1880; x_wconf 77' lang='lat' dir='ltr'><strong>extenditur</strong></span> <span class='ocrx_word' id='word_1_204' title='bbox 728 1870 738 1889; x_wconf 94' lang='lat'><strong>,</strong></span> <span class='ocrx_word' id='word_1_205' title='bbox 763 1835 809 1878; x_wconf 90' lang='lat' dir='ltr'><strong>in</strong></span> <span class='ocrx_word' id='word_1_206' title='bbox 836 1835 1046 1879; x_wconf 88' lang='lat' dir='ltr'><strong>saeculum</strong></span> <span class='ocrx_word' id='word_1_207' title='bbox 1076 1837 1351 1895; x_wconf 74' lang='lat' dir='ltr'><strong>extenditur,</strong></span> <span class='ocrx_word' id='word_1_208' title='bbox 1373 1837 1475 1898; x_wconf 80' lang='lat' dir='ltr'><strong>quia</strong></span> 
     </span>
     <span class='ocr_line' id='line_1_25' title="bbox 90 1906 1479 1969; baseline -0.001 -15"><span class='ocrx_word' id='word_1_209' title='bbox 90 1910 232 1969; x_wconf 91' lang='lat' dir='ltr'><strong>ipsum</strong></span> <span class='ocrx_word' id='word_1_210' title='bbox 251 1909 331 1953; x_wconf 91' lang='lat' dir='ltr'><strong>sibi</strong></span> <span class='ocrx_word' id='word_1_211' title='bbox 350 1917 450 1952; x_wconf 88' lang='lat' dir='ltr'><strong>ante</strong></span> <span class='ocrx_word' id='word_1_212' title='bbox 473 1906 624 1951; x_wconf 87' lang='lat' dir='ltr'><strong>faciem</strong></span> <span class='ocrx_word' id='word_1_213' title='bbox 648 1915 864 1965; x_wconf 88' lang='lat' dir='ltr'><strong>posuerat,</strong></span> <span class='ocrx_word' id='word_1_214' title='bbox 882 1922 970 1966; x_wconf 83' lang='lat' dir='ltr'><strong>quo</strong></span> <span class='ocrx_word' id='word_1_215' title='bbox 988 1907 1138 1951; x_wconf 89' lang='lat' dir='ltr'><strong>avidus</strong></span> <span class='ocrx_word' id='word_1_216' title='bbox 1160 1909 1366 1953; x_wconf 89' lang='lat' dir='ltr'><strong>irruebat.</strong></span> <span class='ocrx_word' id='word_1_217' title='bbox 1384 1912 1479 1954; x_wconf 88' lang='lat' dir='ltr'><strong>Jor-</strong></span> 
     </span>
     <span class='ocr_line' id='line_1_26' title="bbox 92 1977 1472 2040; baseline 0.001 -17"><span class='ocrx_word' id='word_1_218' title='bbox 92 1979 214 2024; x_wconf 92' lang='lat' dir='ltr'><strong>danis</strong></span> <span class='ocrx_word' id='word_1_219' title='bbox 247 1993 348 2037; x_wconf 84' lang='lat' dir='ltr'><strong>ergo</strong></span> <span class='ocrx_word' id='word_1_220' title='bbox 374 1978 471 2022; x_wconf 89' lang='lat' dir='ltr'><strong>illos</strong></span> <span class='ocrx_word' id='word_1_221' title='bbox 504 1977 744 2035; x_wconf 80' lang='lat' dir='ltr'><strong>significat,</strong></span> <span class='ocrx_word' id='word_1_222' title='bbox 771 1977 848 2036; x_wconf 90' lang='lat' dir='ltr'><strong>qui</strong></span> <span class='ocrx_word' id='word_1_223' title='bbox 878 1977 1057 2035; x_wconf 78' lang='lat' dir='ltr'><strong>gratiam</strong></span> <span class='ocrx_word' id='word_1_224' title='bbox 1084 1979 1287 2038; x_wconf 85' lang='lat' dir='ltr'><strong>baptismi</strong></span> <span class='ocrx_word' id='word_1_225' title='bbox 1319 1996 1472 2040; x_wconf 90' lang='lat' dir='ltr'><strong>perce-</strong></span> 
     </span>
     <span class='ocr_line' id='line_1_27' title="bbox 92 2047 1475 2110; baseline 0.001 -16"><span class='ocrx_word' id='word_1_226' title='bbox 92 2059 251 2110; x_wconf 91' lang='lat' dir='ltr'><strong>perunt</strong></span> <span class='ocrx_word' id='word_1_227' title='bbox 280 2069 289 2094; x_wconf 75' lang='grc' dir='ltr'>ε</span> <span class='ocrx_word' id='word_1_228' title='bbox 313 2058 357 2093; x_wconf 92' lang='lat' dir='ltr'><strong>et</strong></span> <span class='ocrx_word' id='word_1_229' title='bbox 385 2049 445 2094; x_wconf 91' lang='lat' dir='ltr'><strong>sic</strong></span> <span class='ocrx_word' id='word_1_230' title='bbox 469 2047 668 2092; x_wconf 88' lang='lat' dir='ltr'><strong>Jordanis</strong></span> <span class='ocrx_word' id='word_1_231' title='bbox 693 2047 959 2092; x_wconf 88' lang='lat' dir='ltr'><strong>convertitur</strong></span> <span class='ocrx_word' id='word_1_232' title='bbox 986 2057 1242 2105; x_wconf 85' lang='lat' dir='ltr'><strong>retrorsum,</strong></span> <span class='ocrx_word' id='word_1_233' title='bbox 1276 2066 1380 2094; x_wconf 90' lang='lat' dir='ltr'><strong>cum</strong></span> <span class='ocrx_word' id='word_1_234' title='bbox 1409 2050 1475 2095; x_wconf 90' lang='lat' dir='ltr'><strong>illi</strong></span> 
     </span>
     <span class='ocr_line' id='line_1_28' title="bbox 92 2117 1472 2178; baseline 0 -13"><span class='ocrx_word' id='word_1_235' title='bbox 92 2129 409 2165; x_wconf 87' lang='lat' dir='ltr'><strong>convertuntur</strong></span> <span class='ocrx_word' id='word_1_236' title='bbox 441 2117 495 2162; x_wconf 90' lang='lat' dir='ltr'><strong>ad</strong></span> <span class='ocrx_word' id='word_1_237' title='bbox 515 2121 676 2171; x_wconf 84' lang='lat' dir='ltr'><strong>Deum,</strong></span> <span class='ocrx_word' id='word_1_238' title='bbox 711 2126 761 2161; x_wconf 87' lang='lat' dir='ltr'><strong>ut</strong></span> <span class='ocrx_word' id='word_1_239' title='bbox 778 2133 877 2161; x_wconf 89' lang='lat' dir='ltr'><strong>eum</strong></span> <span class='ocrx_word' id='word_1_240' title='bbox 893 2119 983 2178; x_wconf 88' lang='lat' dir='ltr'><strong>jam</strong></span> <span class='ocrx_word' id='word_1_241' title='bbox 1010 2129 1125 2164; x_wconf 84' lang='lat' dir='ltr'><strong>retro</strong></span> <span class='ocrx_word' id='word_1_242' title='bbox 1145 2136 1234 2164; x_wconf 91' lang='lat' dir='ltr'><strong>non</strong></span> <span class='ocrx_word' id='word_1_243' title='bbox 1255 2121 1446 2165; x_wconf 88' lang='lat' dir='ltr'><strong>habeant</strong></span> <span class='ocrx_word' id='word_1_244' title='bbox 1460 2156 1472 2176; x_wconf 86' lang='lat'><strong>,</strong></span> 
     </span>
     <span class='ocr_line' id='line_1_29' title="bbox 93 2188 1474 2249; baseline 0.001 -13"><span class='ocrx_word' id='word_1_245' title='bbox 93 2193 169 2236; x_wconf 91' lang='lat' dir='ltr'><strong>sed</strong></span> <span class='ocrx_word' id='word_1_246' title='bbox 202 2190 390 2236; x_wconf 89' lang='lat' dir='ltr'><strong>revelata</strong></span> <span class='ocrx_word' id='word_1_247' title='bbox 421 2188 528 2233; x_wconf 86' lang='lat' dir='ltr'><strong>facie</strong></span> <span class='ocrx_word' id='word_1_248' title='bbox 564 2188 743 2247; x_wconf 80' lang='lat' dir='ltr'><strong>gloriam</strong></span> <span class='ocrx_word' id='word_1_249' title='bbox 771 2189 942 2233; x_wconf 91' lang='lat' dir='ltr'><strong>Domini</strong></span> <span class='ocrx_word' id='word_1_250' title='bbox 963 2190 1255 2249; x_wconf 84' lang='lat' dir='ltr'><strong>speculantes,</strong></span> <span class='ocrx_word' id='word_1_251' title='bbox 1286 2192 1333 2236; x_wconf 90' lang='lat' dir='ltr'><strong>in</strong></span> <span class='ocrx_word' id='word_1_252' title='bbox 1356 2208 1474 2236; x_wconf 89' lang='lat' dir='ltr'><strong>eam-</strong></span> 
     </span>
     <span class='ocr_line' id='line_1_30' title="bbox 94 2258 1333 2320; baseline 0.001 -14"><span class='ocrx_word' id='word_1_253' title='bbox 94 2262 195 2306; x_wconf 87' lang='lat' dir='ltr'><strong>dem</strong></span> <span class='ocrx_word' id='word_1_254' title='bbox 212 2262 444 2320; x_wconf 82' lang='lat' dir='ltr'><strong>imaginem</strong></span> <span class='ocrx_word' id='word_1_255' title='bbox 460 2258 823 2303; x_wconf 73' lang='lat' dir='ltr'><strong>transformentur</strong></span> <span class='ocrx_word' id='word_1_256' title='bbox 840 2275 862 2302; x_wconf 90' lang='lat' dir='ltr'><strong>a</strong></span> <span class='ocrx_word' id='word_1_257' title='bbox 880 2260 1013 2318; x_wconf 80' lang='lat' dir='ltr'><strong>gloria</strong></span> <span class='ocrx_word' id='word_1_258' title='bbox 1035 2261 1080 2305; x_wconf 89' lang='lat' dir='ltr'><strong>in</strong></span> <span class='ocrx_word' id='word_1_259' title='bbox 1103 2261 1283 2319; x_wconf 81' lang='lat' dir='ltr'><strong>gloriam</strong></span> <span class='ocrx_word' id='word_1_260' title='bbox 1302 2263 1333 2306; x_wconf 80' lang='lat'><strong>4.</strong></span> 
     </span>
    </p>

    <p class='ocr_par' dir='ltr' id='par_1_4' title="bbox 91 2329 1472 2463">
     <span class='ocr_line' id='line_1_31' title="bbox 152 2329 1470 2389; baseline 0.001 -13"><span class='ocrx_word' id='word_1_261' title='bbox 152 2335 275 2376; x_wconf 88' lang='lat' dir='ltr'><strong>VIII.</strong></span> <span class='ocrx_word' id='word_1_262' title='bbox 316 2351 336 2373; x_wconf 89' lang='lat'>«</span> <span class='ocrx_word' id='word_1_263' title='bbox 358 2335 528 2377; x_wconf 87' lang='lat' dir='ltr'><strong>Montes</strong></span> <span class='ocrx_word' id='word_1_264' title='bbox 551 2330 788 2389; x_wconf 81' lang='lat' dir='ltr'><strong>gestierunt</strong></span> <span class='ocrx_word' id='word_1_265' title='bbox 806 2329 926 2374; x_wconf 82' lang='lat' dir='ltr'><strong>velut</strong></span> <span class='ocrx_word' id='word_1_266' title='bbox 955 2331 1106 2375; x_wconf 86' lang='lat' dir='ltr'><strong>arietes</strong></span> <span class='ocrx_word' id='word_1_267' title='bbox 1133 2352 1142 2377; x_wconf 73' lang='grc' dir='ltr'>ε</span> <span class='ocrx_word' id='word_1_268' title='bbox 1166 2351 1185 2373; x_wconf 84' lang='lat'>»</span> <span class='ocrx_word' id='word_1_269' title='bbox 1212 2332 1359 2376; x_wconf 84' lang='lat' dir='ltr'><strong>fideles</strong></span> <span class='ocrx_word' id='word_1_270' title='bbox 1381 2333 1470 2377; x_wconf 88' lang='lat' dir='ltr'><strong>dis-</strong></span> 
     </span>
     <span class='ocr_line' id='line_1_32' title="bbox 91 2400 1472 2463; baseline -0.001 -16"><span class='ocrx_word' id='word_1_271' title='bbox 91 2412 339 2463; x_wconf 87' lang='lat' dir='ltr'><strong>pensatores</strong></span> <span class='ocrx_word' id='word_1_272' title='bbox 378 2401 497 2446; x_wconf 85' lang='lat' dir='ltr'><strong>verbi</strong></span> <span class='ocrx_word' id='word_1_273' title='bbox 525 2400 717 2445; x_wconf 85' lang='lat' dir='ltr'><strong>veritatis</strong></span> <span class='ocrx_word' id='word_1_274' title='bbox 748 2401 884 2444; x_wconf 85' lang='lat' dir='ltr'><strong>sancti</strong></span> <span class='ocrx_word' id='word_1_275' title='bbox 915 2401 1136 2460; x_wconf 84' lang='lat' dir='ltr'><strong>Apostoli,</strong></span> <span class='ocrx_word' id='word_1_276' title='bbox 1167 2403 1304 2448; x_wconf 83' lang='lat' dir='ltr'><strong>sancti</strong></span> <span class='ocrx_word' id='word_1_277' title='bbox 1325 2406 1472 2448; x_wconf 83' lang='lat' dir='ltr'><strong>Evan-</strong></span> 
     </span>
    </p>

    <p class='ocr_par' dir='ltr' id='par_1_5' title="bbox 144 2495 1470 2541">
     <span class='ocr_line' id='line_1_33' title="bbox 144 2495 1470 2541; baseline 0 -8"><span class='ocrx_word' id='word_1_278' title='bbox 144 2506 154 2523; x_wconf 91' lang='lat'>¹</span> <span class='ocrx_word' id='word_1_279' title='bbox 173 2499 294 2534; x_wconf 84' lang='lat' dir='ltr'><strong>Matth.</strong></span> <span class='ocrx_word' id='word_1_280' title='bbox 314 2511 345 2532; x_wconf 77' lang='lat' dir='ltr'><strong>xi</strong></span> <span class='ocrx_word' id='word_1_281' title='bbox 360 2525 369 2541; x_wconf 88' lang='lat'><strong>,</strong></span> <span class='ocrx_word' id='word_1_282' title='bbox 396 2500 450 2531; x_wconf 80' lang='lat'><strong>28.</strong></span> <span class='ocrx_word' id='word_1_283' title='bbox 482 2515 523 2521; x_wconf 91' lang='lat'><strong>-—</strong></span> <span class='ocrx_word' id='word_1_284' title='bbox 555 2505 566 2520; x_wconf 88' lang='lat'>²</span> <span class='ocrx_word' id='word_1_285' title='bbox 595 2500 712 2529; x_wconf 81' lang='lat' dir='ltr'><strong>Jerem.</strong></span> <span class='ocrx_word' id='word_1_286' title='bbox 743 2508 764 2528; x_wconf 86' lang='lat' dir='ltr'><strong>n</strong></span> <span class='ocrx_word' id='word_1_287' title='bbox 780 2521 788 2537; x_wconf 94' lang='lat'><strong>,</strong></span> <span class='ocrx_word' id='word_1_288' title='bbox 810 2506 860 2539; x_wconf 82' lang='lat'><strong>27.</strong></span> <span class='ocrx_word' id='word_1_289' title='bbox 885 2513 926 2519; x_wconf 92' lang='lat'><strong>—-</strong></span> <span class='ocrx_word' id='word_1_290' title='bbox 946 2495 959 2520; x_wconf 81' lang='lat'>3</span> <span class='ocrx_word' id='word_1_291' title='bbox 979 2498 1088 2540; x_wconf 79' lang='lat' dir='ltr'><strong>Philip.</strong></span> <span class='ocrx_word' id='word_1_292' title='bbox 1111 2510 1166 2540; x_wconf 77' lang='grc' dir='ltr'><strong>ιη,</strong></span> <span class='ocrx_word' id='word_1_293' title='bbox 1190 2499 1241 2532; x_wconf 77' lang='lat'><strong>13.</strong></span> <span class='ocrx_word' id='word_1_294' title='bbox 1263 2516 1304 2523; x_wconf 90' lang='lat'><strong>—-</strong></span> <span class='ocrx_word' id='word_1_295' title='bbox 1327 2498 1343 2530; x_wconf 78' lang='grc'>4</span> <span class='ocrx_word' id='word_1_296' title='bbox 1362 2510 1381 2533; x_wconf 80' lang='lat'>2</span> <span class='ocrx_word' id='word_1_297' title='bbox 1399 2502 1470 2533; x_wconf 88' lang='lat' dir='ltr'><strong>Cor.</strong></span> 
     </span>
    </p>
   </div>
   <div class='ocr_carea' id='block_1_3' title="bbox 97 2558 226 2598">
    <p class='ocr_par' dir='ltr' id='par_1_6' title="bbox 97 2558 226 2598">
     <span class='ocr_line' id='line_1_34' title="bbox 97 2558 226 2598; baseline -0.008 -9"><span class='ocrx_word' id='word_1_298' title='bbox 97 2567 154 2598; x_wconf 78' lang='grc' dir='ltr'><strong>ιιι,</strong></span> <span class='ocrx_word' id='word_1_299' title='bbox 177 2558 226 2589; x_wconf 88' lang='lat'><strong>18.</strong></span> 
     </span>
    </p>
   </div>
   <div class='ocr_carea' id='block_1_4' title="bbox 1248 2608 1313 2647">
    <p class='ocr_par' dir='ltr' id='par_1_7' title="bbox 1248 2608 1313 2647">
     <span class='ocr_line' id='line_1_35' title="bbox 1248 2608 1313 2647; baseline 0 -1"><span class='ocrx_word' id='word_1_300' title='bbox 1248 2608 1313 2647; x_wconf 73' lang='lat'><strong>22.</strong></span> 
     </span>
    </p>
   </div>
  </div>
 </body>
</html>
