1848 3261
247 245 488 273 munninio
521 247 564 274 m
598 245 799 274 PSALMUM
830 246 990 284 cxvm,
1027 244 1164 273 sumno
1195 245 1292 275 xxv.
1383 233 1465 272 505

90 325 180 354 non
201 311 339 370 perire
355 346 365 365 ‚
391 312 446 354 de
471 311 631 371 quibus
652 310 818 355 dietum
835 319 899 353 est
927 328 936 354 z
973 329 993 350 «
1022 313 1103 353 Per
1130 309 1269 369 legem
1293 309 1467 370 judica-

91 398 110 421 »
146 380 332 435 buntur,
362 399 382 422 »
423 380 502 424 nisi
523 382 624 441 quia
660 379 996 424 fundamentum
1029 380 1192 422 habent
1226 380 1462 424 Christum.

90 454 246 495 Parum
260 467 360 510 ergo
376 451 655 496 attenderunt
671 451 790 511 quod
804 450 1192 495 demonstravimus
1205 471 1216 507 3
1231 459 1359 509 atque
1376 451 1468 510 ipsa

90 523 309 582 Scriptura
334 524 515 578 clamat,
541 524 595 568 de
617 523 779 568 Judaeis
801 523 884 567 hoc
918 521 1176 582 Apostolum
1198 520 1366 576 dicere,
1391 523 1467 581 qui

86 593 177 636 sine
186 593 474 638 fundamento
487 603 588 638 sunt
600 594 787 638 Christo.
806 593 906 645 Quis
921 602 1065 636 autem
1074 591 1342 636 Christianus
1350 589 1469 635 dixe-

87 662 143 706 rit
160 679 249 707 non
271 664 411 723 perire
445 663 646 707 Judaeum
663 700 673 718 ,
700 665 732 707 si
766 679 857 707 non
878 661 1026 706 credat
1047 662 1092 705 in
1125 662 1366 716 Christum,
1393 661 1469 705 sed

87 734 390 778 tantummodo
407 733 619 794 judicari?
636 737 747 779 Cum
766 733 960 779 Christus
977 734 1065 792 ipse
1082 732 1137 776 ad
1150 732 1346 776 eamdem
1361 747 1469 791 gen-

89 811 200 859 tem,
225 814 403 863 propter
423 821 522 849 oves
540 821 639 864 quae
660 804 762 848 inde
778 804 1010 863 perierant,
1031 819 1074 847 se
1089 803 1264 847 missum
1287 818 1374 846 esse
1389 812 1469 846 tes-

86 882 203 917 tetur
218 877 256 931 13
282 883 322 918 et
343 875 612 919 tolerabilius
634 874 749 918 dicat
770 873 968 918 futurum
993 873 1224 918 Sodomitis
1245 873 1289 916 in
1310 872 1379 916 die
1391 873 1467 932 ju-

84 943 205 999 dicii,
223 946 298 1005 qui
316 946 467 1006 utique
480 946 571 990 sine
585 946 680 1004 lege
696 946 939 1005 perierunt,
952 960 1082 1005 quam
1101 944 1263 988 civitati
1283 946 1307 987 J
1312 943 1463 997 udaeae,

83 1015 240 1074 quaein
253 1031 352 1059 eum
366 1032 455 1060 non
470 1016 652 1060 credidit
666 1025 784 1060 tanta
798 1016 961 1059 virtute
976 1013 1187 1058 mirabilia
1200 1014 1465 1058 facientem'2.

144 1087 217 1129 IV.
257 1086 299 1130 Si
317 1101 418 1144 ergo
442 1086 673 1145 Apostolus
695 1086 935 1130 secundum
953 1084 1093 1143 legem
1111 1099 1242 1144 quam
1266 1087 1380 1128 Deus
1393 1098 1471 1141 per

82 1158 263 1213 Moysen
287 1156 451 1215 populo
475 1155 605 1200 lsrael
629 1155 776 1209 dedit,
799 1156 961 1199 caeteris
989 1164 1132 1198 autem
1158 1153 1359 1213 gentibus
1381 1168 1469 1197 non

82 1226 227 1281 dedit,
263 1227 354 1270 sine
374 1227 470 1286 lege
492 1227 601 1271 dixit
623 1242 711 1270 esse
733 1237 908 1271 caeteras
937 1228 1128 1285 gentes33
1148 1225 1255 1285 quid
1277 1224 1470 1269 intellec-

89 1296 176 1339 turi
197 1313 345 1340 sumus
366 1297 411 1341 in
448 1298 530 1341 isto
553 1296 723 1341 Psalmo
752 1298 919 1341 dictum
946 1312 1065 1340 esse:
1094 1316 1113 1337 «
1140 1295 1472 1339 Praevaricantes

83 1384 104 1407 »
140 1367 349 1411 aestimavi
367 1383 516 1411 omnes
532 1376 778 1426 peccatores
793 1376 934 1420 terrae,
954 1366 1069 1410 »nisi
1086 1365 1380 1424 intelligamus
1394 1364 1472 1408 ali-

81 1451 211 1495 quam
231 1435 374 1495 legem
387 1453 476 1481 non
493 1453 566 1496 per
579 1440 759 1494 Moysen
772 1436 917 1480 datam
929 1472 939 1486 ,
962 1436 1203 1480 secundum
1221 1451 1352 1495 quam
1369 1445 1471 1479 sunt

79 1508 426 1566 praevaricantes,
451 1517 701 1552 caeterarum
716 1508 909 1566 gentium
923 1510 1193 1567 peccatores?
1216 1527 1233 1548 «
1258 1507 1340 1551 Ubi
1355 1507 1470 1550 enim

83 1595 104 1617 »
139 1577 208 1621 lex
230 1594 320 1622 non
344 1588 406 1622 est
422 1614 432 1633 ‚
458 1594 538 1623 nec
562 1578 872 1638 praevaricatio.
906 1596 925 1619 »
950 1582 1053 1630 Quae
1074 1578 1153 1621 ista
1176 1577 1244 1620 lex
1266 1586 1355 1632 est,
1391 1577 1469 1621 nisi

80 1646 192 1692 forte
213 1648 284 1693 illa
308 1650 362 1692 de
393 1665 479 1709 qua
500 1648 617 1692 idem
641 1648 746 1693 dicit
771 1647 1029 1708 Apostolus:
1060 1668 1079 1689 «
1106 1649 1265 1692 Gentes
1289 1663 1387 1706 quae
1406 1646 1470 1690 le·-

83 1737 103 1760 »
139 1734 236 1777 gem
259 1735 348 1762 non
370 1719 557 1773 habent,
584 1718 838 1763 naturaliter
860 1734 958 1777 quae
979 1718 1084 1775 legis
1107 1726 1207 1761 sunt
1224 1715 1407 1773 faciunt3
1422 1717 1469 1760 hi

83 1806 103 1829 »
138 1787 279 1847 legem
294 1805 382 1833 non
396 1789 605 1832 habentes
617 1824 627 1842 ,
641 1789 721 1847 ipsi
733 1789 815 1831 sibi
829 1797 931 1831 sunt
947 1787 1016 1831 lex
1029 1789 1065 1831 ⁴?
1081 1806 1101 1828 »
1121 1786 1371 1832 Secundum
1385 1787 1468 1831 hoc

79 1875 182 1919 ergo
204 1860 325 1920 quod
344 1860 468 1914 dicit,
495 1863 655 1918 Legem
678 1875 768 1903 non
785 1859 1017 1915 habentes3
1040 1860 1129 1902 sine
1150 1858 1246 1917 lege
1266 1873 1468 1918 peccave·

79 1940 204 1986 runt,
231 1940 274 1974 et
295 1931 385 1974 sine
406 1930 501 1988 lege
518 1929 727 1989 peribunt
748 1949 756 1973 :
781 1929 1022 1973 secundum
1045 1929 1091 1973 id
1112 1945 1214 1973 vero
1236 1927 1356 1989 quod
1379 1929 1437 1972 ait
1457 1947 1465 1973 :

85 2020 104 2042 «
138 2001 224 2061 Ipsi
249 2000 331 2044 sibi
350 2009 452 2044 sunt
474 1999 540 2043 lex
559 2020 568 2056 3
590 2018 608 2040 »
636 2015 724 2043 non
744 1999 960 2043 immerito
983 1999 1332 2058 praevaricatores
1354 1999 1470 2042 aesti-

78 2082 254 2116 mantur
275 2087 425 2116 omnes
447 2080 693 2130 peccatores
722 2079 863 2114 terrae.
892 2070 1047 2114 Nullus
1070 2070 1185 2113 enim
1214 2078 1276 2112 est
1299 2069 1375 2128 qui
1398 2068 1466 2113 fa-

78 2142 297 2187 ciatalteri
315 2142 535 2203 injuriam,
559 2141 638 2185 nisi
651 2142 724 2201 qui
738 2141 829 2190 fieri
853 2140 961 2185 nolit
979 2141 1058 2184 sibi
1077 2161 1085 2185 z
1105 2150 1148 2184 et
1161 2141 1300 2184 inhoc
1323 2149 1465 2184 trans-

80 2212 276 2272 greditur
299 2221 465 2256 naturae
487 2212 623 2269 legem
641 2248 650 2264 ‚
678 2227 809 2272 quam
832 2227 920 2256 non
942 2212 1096 2255 sinitur
1112 2211 1332 2269 ignorare,
1358 2210 1464 2254 dum

78 2284 122 2327 id
143 2282 263 2343 quod
279 2283 384 2326 iacit
405 2298 494 2325 non
516 2281 610 2325 vult
628 2282 729 2341 pati.
747 2281 970 2341 Numquid
993 2290 1137 2325 autem
1155 2280 1223 2324 lex
1245 2281 1324 2324 ista
1342 2290 1466 2324 natu-

79 2353 176 2397 ralis
205 2369 294 2397 non
317 2362 408 2396 erat
437 2353 482 2396 in
508 2353 672 2412 populo
705 2351 862 2396 Israel?
886 2355 989 2395 Erat
1011 2351 1140 2411 plane
1157 2387 1166 2405 ,
1193 2351 1398 2410 quoniam
1422 2360 1464 2395 et

78 2424 159 2483 ipsi
181 2424 378 2467 homines
401 2432 538 2467 erant.
578 2423 676 2468 Sine
717 2422 811 2480 lege
839 2432 984 2465 autem
1016 2420 1201 2465 naturali
1233 2431 1396 2475 essent,
1432 2422 1466 2464 si

78 2503 235 2553 praeter
248 2503 446 2538 naturam
459 2493 640 2537 humani
658 2493 823 2551 generis
837 2507 926 2535 esse
942 2493 1196 2551 potuissent.
1214 2491 1356 2536 Multo
1370 2506 1464 2535 ma-

129 2587 136 2602 ¹
164 2580 278 2611 Matth.
298 2591 352 2617 xV,
371 2579 424 2620 24.
440 2596 480 2601 ——
501 2587 512 2602 Ἰ
534 2580 577 2610 Iul.
601 2590 654 2616 xx,
678 2579 726 2610 1.'›.
752 2595 789 2599 --
812 2577 823 2599 3
840 2581 931 2609 Ριῡιη,
955 2590 989 2618 11,
1015 2577 1124 2616 11-
1143 2575 1290 2616 41‹vl.1v,
1314 2576 1365 2607 15.
