1848 3261
438 239 521 280 156
869 250 903 278 s.
938 247 1167 277 Auonsnm
1199 248 1381 276 muscom

431 315 547 360 bunt
566 314 745 375 quidem
766 313 868 358 inde
893 329 1081 374 passeres
1099 333 1111 371 3
1135 310 1211 356 sed
1225 327 1290 357 vae
1306 311 1436 357 cedro
1458 312 1699 356 remanenti
1720 310 1812 355 sine

431 385 542 430 nidis
573 400 807 445 passerum.
842 388 1033 429 Passeres
1072 384 1189 428 enim
1217 399 1307 428 non
1335 382 1682 441 naufragabunt,
1723 397 1814 427 non

432 456 638 516 peribunt
658 476 669 513 3
691 456 793 515 quia
817 474 838 497 «
865 455 1027 499 Fulicae
1045 454 1201 499 domus
1223 453 1312 497 dux
1333 463 1397 498 est
1418 469 1583 499 eorum.
1611 471 1632 494 »

490 529 650 571 XVIII.
687 525 800 578 Quid
829 540 931 584 ergo
964 525 1195 586 sequitur?
1231 543 1252 567 «
1285 527 1455 569 Montes
1493 524 1686 569 altissimi
1717 538 1814 567 cer-

435 617 454 640 »
490 598 597 641 vis1.
615 615 636 638 n
662 596 787 641 Cervi
805 596 966 654 magni,
991 596 1216 656 spiritaleS‚
1245 596 1598 640 transcendentes
1618 595 1664 638 in
1685 610 1815 639 cursu

433 669 577 714 omnia
608 668 777 727 spinosa
808 667 1007 726 veprium
1040 676 1170 727 atque
1199 666 1433 724 sylvarum.
1463 685 1483 708 «
1509 666 1592 719 Qui
1613 665 1782 725 perficit
1801 699 1813 720 ‚

435 756 456 782 »
491 738 649 798 inquit,
675 736 805 796 pedes
823 752 940 780 meos
958 737 1068 781 sicut
1090 737 1230 791 cervi,
1256 745 1299 780 et
1321 752 1450 796 super
1471 735 1633 780 excelsa
1657 744 1818 779 statuet

437 826 458 849 »
492 823 562 851 me
577 811 609 850 ¹².
631 825 650 848 »
672 810 865 850 Teneant
887 817 1054 851 montes
1074 807 1198 862 altos,
1226 806 1309 851 alta
1328 816 1543 866 praecepta
1566 807 1659 861 Dei,
1683 804 1819 850 subli-

434 878 519 922 mia
542 877 733 936 cogitent
753 913 763 932 ‚
790 886 967 922 teneant
988 893 1036 922 ea
1058 894 1157 938 quae
1180 877 1369 921 multum
1392 878 1583 921 eminent
1604 877 1648 920 in
1673 876 1819 936 Scrip-

435 949 565 1004 turis‚
585 949 880 1009 justificentur
902 949 945 992 in
963 949 1140 993 summis
1162 969 1171 994 :
1196 950 1330 993 cervis
1352 949 1467 992 enim
1490 958 1591 992 sunt
1609 947 1671 991 illi
1693 963 1820 991 mon-

434 1028 497 1064 tes
521 1019 729 1063 altissimi.
755 1018 872 1072 Quid
894 1019 948 1063 de
971 1019 1208 1064 humilibus
1234 1019 1407 1063 bestiis?
1437 1018 1549 1073 Quid
1570 1018 1624 1062 de
1643 1018 1821 1078 lepore?

435 1089 541 1150 quid
564 1088 617 1133 de
636 1089 830 1133 hericio?
849 1092 990 1149 Lepus
1011 1090 1231 1133 minutum
1253 1088 1413 1133 animal
1434 1097 1476 1132 et
1492 1089 1730 1143 infirmum,
1748 1088 1822 1132 he-

435 1161 563 1204 ricius
579 1161 707 1203 etiam
725 1160 971 1220 spinosum:
993 1159 1102 1222 illud
1120 1160 1278 1204 animal
1294 1159 1512 1215 timidum,
1527 1159 1639 1203 illud
1661 1158 1821 1203 animal

435 1232 569 1290 spinis
592 1241 864 1290 coopertum.
893 1232 1035 1291 Spinae
1066 1232 1173 1292 quid
1201 1232 1471 1291 significant,
1503 1232 1583 1275 nisi
1617 1239 1820 1291 peccato-

435 1303 536 1346 res?
558 1301 640 1354 Qui
662 1311 814 1360 peccat
850 1301 1044 1361 quotidie
1061 1337 1072 1356 ‚
1105 1302 1272 1345 etiamsi
1303 1317 1394 1345 non
1421 1316 1576 1359 magna
1613 1309 1790 1360 peccata
1806 1335 1818 1356 ,

435 1371 733 1416 minutissimis
753 1372 883 1430 spinis
906 1381 1135 1431 coopertus
1155 1382 1231 1415 est.
1255 1374 1305 1415 In
1328 1387 1379 1415 eo
1397 1371 1517 1430 quod
1536 1372 1676 1425 timet,
1701 1370 1826 1431 lepus

437 1451 528 1499 est3
553 1442 596 1485 in
624 1457 675 1485 eo
706 1441 826 1502 quod
854 1442 1150 1486 minutissimis
1174 1442 1360 1500 peccatis
1389 1442 1585 1501 operitur
1603 1477 1614 1496 ,
1639 1442 1826 1486 hericius

436 1522 521 1557 est:
543 1522 584 1555 et
606 1528 694 1556 non
712 1521 854 1571 potest
873 1522 1018 1556 tenere
1040 1511 1204 1557 excelsa
1220 1511 1295 1556 illa
1317 1521 1360 1556 et
1376 1512 1569 1572 perfecta
1589 1521 1822 1572 praecepta.

438 1583 507 1627 Illi
528 1583 643 1626 enim
671 1602 690 1623 α
716 1585 886 1627 Montes
914 1582 1107 1626 altissimi
1135 1583 1285 1626 cervis.
1315 1601 1334 1623 »
1364 1582 1477 1635 Quid
1499 1597 1599 1641 ergo
1621 1618 1631 1637 ‚
1656 1583 1724 1627 isti
1747 1599 1826 1642 pe-

437 1654 595 1696 reunt?
624 1655 735 1698 Non.
771 1653 838 1697 Sic
872 1653 987 1696 enim
1015 1671 1034 1693 «
1057 1655 1227 1697 Montes
1257 1652 1448 1701 altissimi
1475 1653 1637 1707 cervis,
1666 1671 1686 1693 »
1712 1661 1761 1697 ut
1783 1662 1827 1697 et

437 1725 500 1769 his
523 1724 667 1768 videas
689 1723 797 1784 quid
820 1733 1026 1784 sequatur
1053 1744 1061 1769 :
1082 1728 1243 1768 «Petra
1266 1723 1483 1782 refugium
1505 1725 1673 1768 hericiis
1695 1733 1739 1768 et
1758 1724 1825 1768 le-

440 1814 460 1836 »
496 1796 690 1854 poribus.
716 1795 862 1848 »Quia
880 1793 1019 1838 factus
1041 1804 1104 1839 est
1127 1794 1336 1838 Dominus
1360 1794 1573 1852 refugium
1598 1795 1821 1854 pauperi-⁰³.

438 1870 577 1910 Ponas
591 1876 758 1925 petram
777 1865 894 1909 illam
908 1865 953 1908 in
968 1874 1097 1920 terra,
1115 1864 1330 1924 refugium
1350 1874 1413 1908 est
1426 1865 1596 1909 hericiis
1611 1874 1654 1908 et
1666 1865 1827 1924 lepori-

437 1937 519 1990 bus
540 1956 547 1980 :
572 1951 707 1996 ponas
728 1935 847 1979 illam
869 1936 914 1979 iu
932 1936 1054 1991 mari,
1074 1935 1228 1980 domus
1251 1945 1314 1979 est
1335 1935 1494 1979 fulicae.
1514 1936 1686 1997 Ubique
1708 1936 1824 1980 utilis

437 2015 575 2067 petra.
602 2009 658 2050 Et
678 2007 720 2050 in
740 2006 964 2050 montibus
986 2007 1077 2066 ipsa
1094 2005 1233 2051 utilis:
1260 2016 1428 2051 montes
1451 2008 1541 2051 sine
1563 2017 1698 2066 petrae
1721 2006 1826 2051 fun-

438 2076 644 2121 damento
671 2086 847 2121 ruerent
883 2077 928 2119 in
962 2076 1246 2136 profundum.
1283 2080 1438 2121 Nonne
1473 2077 1734 2137 jamdudum
1771 2077 1825 2122 de

439 2149 662 2193 montibus
685 2148 911 2191 dicebatur
937 2168 945 2193 :
972 2148 1065 2191 Illic
1086 2147 1273 2192 volatilia
1292 2147 1391 2191 coeli
1414 2148 1748 2203 inhabitabunt,
1769 2148 1824 2192 de

441 2237 461 2260 »
497 2218 641 2263 medio
665 2228 884 2278 petrarum
910 2219 1080 2263 dabunt
1102 2234 1228 2263 voces
1250 2234 1346 2262 suas
1360 2219 1408 2260 4⁶?
1429 2237 1448 2259 »
1479 2219 1560 2263 Ubi
1584 2235 1685 2278 ergo
1704 2229 1825 2278 petra

440 2289 657 2348 refugium
679 2299 901 2344 nostrum,
932 2290 1020 2334 sive
1043 2289 1089 2333 in
1116 2289 1336 2333 montibus
1369 2288 1532 2332 excelsa
1563 2289 1642 2344 sit,
1670 2290 1756 2333 sive
1778 2290 1825 2333 in

440 2361 548 2404 mari
575 2360 787 2404 tundatur
809 2360 1013 2405 fluctibus
1028 2395 1038 2415 ‚
1065 2376 1154 2404 non
1176 2359 1390 2418 frangitur
1407 2394 1417 2413 ‚
1444 2359 1532 2403 sive
1555 2359 1599 2402 in
1622 2369 1735 2403 terra
1752 2375 1823 2404 so-

441 2430 603 2474 lidetur
623 2451 634 2488 3
659 2430 713 2474 ad
729 2430 846 2474 illam
870 2431 983 2474 cervi
1003 2466 1012 2485 ‚
1035 2430 1090 2474 ad
1111 2429 1226 2473 illam
1249 2428 1403 2484 fulica,
1426 2428 1480 2472 ad
1500 2428 1618 2472 illam
1636 2428 1759 2489 lepus
1781 2438 1825 2474 et

441 2503 641 2554 hericius.
668 2502 873 2546 Tundant
894 2511 1067 2562 pectora
1089 2501 1254 2561 lepores
1272 2536 1282 2556 7
1304 2510 1347 2544 et
1367 2501 1515 2545 hericii
1533 2501 1824 2546 confiteantur

488 2594 498 2610 ¹
525 2587 603 2621 Psal.
624 2599 688 2631 cur,
706 2588 756 2622 18.
785 2605 825 2611 -
850 2588 1027 2630 ²1d.xvu,
1048 2586 1100 2630 34,
1126 2604 1166 2611 -
1187 2586 1332 2631 ³121.1x‚
1355 2598 1405 2622 10.
1432 2585 1652 2630 —41d.cm‚
1670 2595 1722 2620 ¹2.
