1848 3261
451 193 692 227 ENARRAno
725 198 770 225 m
803 191 1008 225 PsALMUM
1039 194 1125 222 (ΠΧ.
1395 182 1479 223 307

100 283 121 309 υ
155 265 320 321 mium,
343 272 388 309 et
407 278 498 309 non
516 263 750 324 poenitebit
766 277 868 306 eum
884 296 895 318 ‚
923 263 990 305 Tu
1012 275 1055 304 es
1071 258 1268 303 sacerdos
1285 259 1332 303 in
1352 268 1483 304 aeter-

98 354 120 378 »
155 351 263 380 num
282 369 294 392 ,
321 354 342 378 »
365 334 421 379 ad
451 335 673 380 Christum
702 333 870 378 dictum
892 332 990 375 est?
1012 349 1033 373 «
1060 332 1126 374 Tu
1153 344 1196 373 es
1218 330 1414 375 sacerdos
1434 329 1482 375 in

99 425 120 450 »
154 416 367 451 aeternum
388 442 400 463 ,
434 407 597 468 juravit
626 405 850 452 Dominus.
879 422 900 446 »
932 402 1038 456 Quis
1074 400 1316 446 Dominus?
1352 401 1486 455 «Qui

99 496 120 519 »
154 477 463 523 dixitDomino
480 493 599 522 meo:
622 476 732 522 Sede
753 490 777 519 a
799 473 958 518 dextris
980 472 1210 532 meiszipse
1221 471 1399 531 juravit,
1419 474 1485 516 Tu

100 566 121 591 »
155 564 199 593 es
222 550 420 594 sacerdos
442 550 489 593 in
518 558 732 593 aeternum
759 544 1001 591 secundum
1023 543 1224 589 ordinem
1253 541 1484 588 Melchise-

99 636 121 661 »
147 619 281 665 dech:
296 629 372 664 »et
386 619 441 664 ad
453 620 597 679 ipsum
611 616 849 662 Dominum
865 615 941 676 qui
954 614 1132 675 juravit,
1147 628 1286 658 sermo
1299 613 1488 657 directus

98 699 185 744 est,
207 708 228 733 «
249 692 459 736 Dominus
481 707 505 736 a
526 690 684 735 dextris
707 689 808 734 tuis.
832 707 853 730 »
879 690 916 732 Ο
937 685 1123 732 Domine
1137 720 1148 741 ‚
1178 685 1255 746 qui
1272 684 1425 746 jurasti
1447 692 1491 730 et

97 759 243 805 dixisti
264 780 273 806 :
302 779 323 804 «
350 764 416 805 Tu
438 778 482 807 es
504 760 702 806 sacerdos
724 761 769 804 in
791 768 1004 804 aeternum
1026 756 1267 801 secundum
1291 755 1491 800 ordinem

101 847 122 872 >›
157 829 480 876 Melchisedech
500 852 511 890 3
534 831 626 891 ipse
647 830 844 875 sacerdos
865 829 911 873 in
932 837 1148 873 aeternum
1166 861 1178 883 ‚
1194 825 1407 871 Dominus
1429 834 1493 870 est

100 919 122 943 ³)
158 916 182 945 a
204 901 365 946 dextris
384 902 484 957 tuis,
506 902 613 960 ipse⁷
634 902 832 962 inquam,
855 899 1052 945 sacerdos
1068 899 1115 942 in
1136 906 1351 941 aeternum
1367 932 1378 952 ‚
1401 915 1421 938 »
1439 895 1494 940 de

98 986 188 1031 quo
216 972 373 1031 jurasti
394 1007 405 1027 ‚
441 991 461 1014 «
488 972 700 1016 Dominus
723 981 788 1016 est
820 987 842 1016 a
860 970 1019 1015 dextris
1040 969 1126 1014 tuis
1153 987 1162 1014 z
1189 985 1210 1009 »
1231 968 1334 1026 quia
1355 966 1498 1011 eidem

99 1042 282 1086 Domino
304 1058 402 1087 meo
425 1042 597 1099 dixisti,
627 1064 647 1086 «
674 1043 785 1089 Sede
817 1059 841 1087 a
868 1041 1027 1086 dextris
1049 1039 1156 1082 meis
1172 1072 1183 1093 ⁷
1208 1038 1497 1098 quoadusque

104 1131 125 1154 »
160 1128 320 1172 ponam
342 1114 540 1172 inimicos
564 1124 662 1156 tuos
691 1113 930 1155 scabellum
953 1109 1117 1169 pedum
1140 1117 1334 1153 tuorum.
1364 1126 1385 1150 »
1411 1112 1496 1153 Iste

100 1198 203 1241 ergo
225 1184 437 1228 Dominus
459 1182 534 1242 qui
558 1191 620 1226 est
639 1198 662 1226 a
683 1181 843 1226 dextris
862 1181 962 1236 tuis,
988 1179 1044 1224 de
1062 1196 1152 1240 quo
1168 1179 1340 1240 jurasti,
1366 1188 1410 1224 et
1425 1179 1497 1223 cui

93 1254 249 1314 jurasti
272 1254 421 1297 dicens
450 1272 460 1298 ;
489 1271 511 1296 «
537 1255 603 1296 Tu
626 1268 668 1296 es
691 1251 888 1297 sacerdos
918 1252 965 1295 in
1002 1260 1214 1295 aeternum
1253 1249 1498 1294 secundum

103 1342 125 1366 »
160 1322 359 1368 ordinem
388 1322 709 1368 Melchisedech
734 1358 744 1377 ,
785 1321 1102 1382 Conquassavit
1128 1321 1174 1365 in
1209 1321 1280 1364 die
1311 1321 1386 1364 irae
1409 1337 1499 1366 suae

104 1413 123 1436 n
159 1409 294 1452 reges.
322 1412 344 1435 »
372 1397 469 1454 Ipse
500 1394 654 1454 utique
682 1393 879 1438 Christus
913 1392 1122 1436 Dominus
1145 1408 1169 1436 a
1198 1391 1358 1436 dextris
1382 1392 1465 1436 tuis
1482 1427 1494 1447 ,

103 1464 174 1510 cui
198 1465 384 1525 jurasti,
419 1473 463 1508 et
492 1480 582 1509 non
603 1464 837 1524 poenitebit
859 1473 901 1507 te
935 1483 943 1507 :
974 1462 1082 1523 quid
1116 1462 1205 1521 agit
1230 1462 1428 1506 sacerdos
1451 1463 1498 1506 in

104 1536 348 1579 aeternum?
371 1534 479 1594 quid
500 1535 617 1594 agit,
642 1534 719 1595 qui
741 1543 804 1578 est
826 1549 850 1577 a
871 1533 1092 1577 dexteram
1115 1533 1209 1588 Dei,
1230 1530 1274 1576 et
1292 1532 1499 1592 interpel-

105 1605 167 1650 lat
188 1621 266 1665 pro
289 1605 468 1660 nobis1‚
494 1614 704 1665 tanquam
727 1603 923 1649 sacerdos
945 1604 1109 1647 intrans
1131 1604 1176 1647 in
1204 1603 1409 1648 interiora
1430 1603 1500 1649 vel

106 1676 149 1719 in
176 1682 324 1720 sancta
345 1683 595 1719 sanctorum
613 1710 623 1730 ‚
652 1675 699 1718 in
726 1684 888 1718 secreta
908 1674 1123 1718 coelorum
1140 1709 1150 1728 ‚
1176 1673 1250 1717 ille
1270 1673 1387 1718 solus
1409 1689 1500 1718 non

105 1746 271 1790 habens
291 1755 531 1803 peccatum,
550 1754 593 1789 et
614 1745 712 1789 ideo
733 1744 859 1788 facile
883 1743 1099 1787 mundans
1117 1759 1141 1787 a
1159 1744 1403 1802 peccatis2?
1420 1743 1499 1788 Ille

107 1832 210 1875 ergo
232 1833 256 1861 a
277 1816 436 1860 dextris
459 1816 543 1860 tuis
560 1849 572 1869 ‚
596 1835 617 1857 «
637 1815 953 1874 Conquassavit
969 1814 1014 1858 in
1036 1813 1106 1857 die
1121 1814 1196 1857 irae
1218 1829 1308 1858 suae
1330 1830 1494 1873 reges.»

106 1890 225 1941 Quos
248 1902 390 1944 reges,
422 1885 609 1946 quaeris?
636 1884 807 1930 Excidit
839 1885 939 1940 tibi,
955 1904 975 1928 «
1001 1885 1246 1929 Astiterunt
1267 1900 1386 1942 reges
1408 1894 1496 1929 ter-

109 1976 129 2000 »
165 1973 224 2002 rae
238 1993 249 2012 ,
285 1967 329 2001 et
349 1957 564 2017 principes
586 1965 888 2000 convenerunt
917 1955 964 1998 in
985 1970 1125 1999 unum
1142 1990 1153 2010 ,
1179 1954 1382 1999 adversus
1404 1959 1495 2001 Do·-

108 2047 129 2070 »
165 2028 333 2072 minum
364 2037 409 2072 et
437 2028 640 2072 adversus
669 2027 891 2072 Christum
914 2026 1065 2086 ejus³?
1088 2044 1108 2067 »
1142 2027 1231 2070 Hos
1254 2041 1374 2085 reges
1396 2042 1499 2072 con-

105 2098 325 2159 quassavit
361 2097 498 2155 gloria
531 2111 606 2139 sua
623 2131 634 2150 ,
671 2106 714 2140 et
749 2097 942 2155 pondere
975 2095 1162 2140 nominis
1198 2096 1264 2140 sui
1300 2096 1496 2143 infirmos

106 2169 298 2213 reddidit
334 2183 482 2226 reges,
508 2177 558 2212 ut
586 2183 676 2211 non
704 2177 879 2227 possent
915 2168 1087 2212 efficere
1118 2168 1240 2228 quod
1271 2168 1493 2215 volebant.

106 2239 263 2286 Conati
281 2239 397 2282 enim
429 2247 531 2282 sunt
558 2237 747 2282 multum
773 2237 918 2282 delere
952 2254 1113 2282 nomen
1136 2239 1417 2284 christianum
1441 2241 1497 2285 de

107 2320 219 2355 terra
235 2345 245 2364 ‚
271 2319 315 2354 et
334 2325 424 2353 non
445 2318 685 2369 potuerunt
707 2328 716 2353 2
742 2309 843 2369 quia
859 2309 971 2362 «Qui
989 2309 1222 2354 offenderit
1237 2311 1282 2354 in
1304 2310 1494 2371 lapidem

109 2399 130 2424 »
165 2381 316 2436 illum,
338 2380 697 2440 conquassabitur
711 2381 741 2422 4.
767 2397 786 2420 »
801 2379 1095 2425 Offenderunt
1117 2395 1217 2438 ergo
1239 2380 1284 2424 in
1305 2380 1492 2441 lapidem

157 2483 165 2500 ¹
192 2479 284 2509 Rom.
311 2486 388 2517 vm,
409 2474 462 2517 34.
495 2493 537 2499 ——
557 2475 686 2508 ²11cbr.
709 2487 737 2517 c,
769 2486 808 2507 12
833 2480 867 2508 et
884 2473 936 2517 24.
959 2493 1000 2498 -—-
1020 2474 1131 2508 3'Psal.
1151 2488 1199 2518 11,
1215 2485 1247 2509 2.
1273 2494 1314 2500 —
1340 2475 1356 2507 4
1378 2477 1492 2510 Μαῐίἰι.

109 2545 181 2575 xxi,
206 2544 256 2565 11.

1215 2587 1281 2626 20.
