<?xml version="1.0" encoding="UTF-8"?>
<!DOCTYPE html PUBLIC "-//W3C//DTD XHTML 1.0 Transitional//EN"
    "http://www.w3.org/TR/xhtml1/DTD/xhtml1-transitional.dtd">
<html xmlns="http://www.w3.org/1999/xhtml" xml:lang="en" lang="en">
 <head>
  <title>
</title>
<meta http-equiv="Content-Type" content="text/html;charset=utf-8" />
  <meta name='ocr-system' content='tesseract 3.04.00' />
  <meta name='ocr-capabilities' content='ocr_page ocr_carea ocr_par ocr_line ocrx_word'/>
</head>
<body>
  <div class='ocr_page' id='page_1' title='image "./operaomniaaccura11auguuoft_0416.png"; bbox 0 0 1848 3261; ppageno 0'>
   <div class='ocr_carea' id='block_1_1' title="bbox 370 238 1307 283">
    <p class='ocr_par' dir='ltr' id='par_1_1' title="bbox 370 238 1307 283">
     <span class='ocr_line' id='line_1_1' title="bbox 370 238 1307 283; baseline -0.003 0"><span class='ocrx_word' id='word_1_1' title='bbox 370 238 456 283; x_wconf 78' lang='lat'>404</span> <span class='ocrx_word' id='word_1_2' title='bbox 793 250 826 278; x_wconf 90' lang='lat' dir='ltr'>s.</span> <span class='ocrx_word' id='word_1_3' title='bbox 862 250 1093 281; x_wconf 69' lang='lat' dir='ltr'>Atreus-nm</span> <span class='ocrx_word' id='word_1_4' title='bbox 1125 253 1307 281; x_wconf 73' lang='lat' dir='ltr'>Emscom</span> 
     </span>
    </p>
   </div>
   <div class='ocr_carea' id='block_1_2' title="bbox 348 316 1752 2287">
    <p class='ocr_par' dir='ltr' id='par_1_2' title="bbox 352 316 1752 1510">
     <span class='ocr_line' id='line_1_2' title="bbox 368 316 1749 379; baseline -0.004 -17"><span class='ocrx_word' id='word_1_5' title='bbox 368 319 623 378; x_wconf 82' lang='lat' dir='ltr'>interpretes</span> <span class='ocrx_word' id='word_1_6' title='bbox 639 316 818 378; x_wconf 86' lang='lat' dir='ltr'>quidam</span> <span class='ocrx_word' id='word_1_7' title='bbox 845 337 865 360; x_wconf 90' lang='lat'>«</span> <span class='ocrx_word' id='word_1_8' title='bbox 889 319 1083 364; x_wconf 86' lang='lat' dir='ltr'>Garriam</span> <span class='ocrx_word' id='word_1_9' title='bbox 1099 355 1110 375; x_wconf 80' lang='lat'>‚</span> <span class='ocrx_word' id='word_1_10' title='bbox 1137 337 1157 361; x_wconf 85' lang='lat'>»</span> <span class='ocrx_word' id='word_1_11' title='bbox 1183 318 1361 379; x_wconf 89' lang='lat' dir='ltr'>quidam</span> <span class='ocrx_word' id='word_1_12' title='bbox 1387 336 1408 361; x_wconf 92' lang='lat'>«</span> <span class='ocrx_word' id='word_1_13' title='bbox 1427 316 1672 363; x_wconf 82' lang='lat' dir='ltr'>Exercebor</span> <span class='ocrx_word' id='word_1_14' title='bbox 1688 351 1699 372; x_wconf 89' lang='lat'>,</span> <span class='ocrx_word' id='word_1_15' title='bbox 1727 335 1749 358; x_wconf 92' lang='lat'>»</span> 
     </span>
     <span class='ocr_line' id='line_1_3' title="bbox 365 389 1749 450; baseline -0.001 -15"><span class='ocrx_word' id='word_1_16' title='bbox 365 389 635 450; x_wconf 86' lang='lat' dir='ltr'>interpretati</span> <span class='ocrx_word' id='word_1_17' title='bbox 655 398 784 447; x_wconf 76' lang='lat' dir='ltr'>sunt3</span> <span class='ocrx_word' id='word_1_18' title='bbox 805 406 904 450; x_wconf 80' lang='lat' dir='ltr'>quae</span> <span class='ocrx_word' id='word_1_19' title='bbox 927 390 1015 435; x_wconf 93' lang='lat' dir='ltr'>duo</span> <span class='ocrx_word' id='word_1_20' title='bbox 1037 392 1151 435; x_wconf 90' lang='lat' dir='ltr'>inter</span> <span class='ocrx_word' id='word_1_21' title='bbox 1167 406 1211 435; x_wconf 86' lang='lat' dir='ltr'>se</span> <span class='ocrx_word' id='word_1_22' title='bbox 1231 390 1435 435; x_wconf 88' lang='lat' dir='ltr'>videntur</span> <span class='ocrx_word' id='word_1_23' title='bbox 1452 405 1540 434; x_wconf 89' lang='lat' dir='ltr'>esse</span> <span class='ocrx_word' id='word_1_24' title='bbox 1558 389 1749 433; x_wconf 88' lang='lat' dir='ltr'>diversa:</span> 
     </span>
     <span class='ocr_line' id='line_1_4' title="bbox 363 459 1752 521; baseline -0.001 -15"><span class='ocrx_word' id='word_1_25' title='bbox 363 461 440 506; x_wconf 85' lang='lat' dir='ltr'>sed</span> <span class='ocrx_word' id='word_1_26' title='bbox 461 461 495 505; x_wconf 91' lang='lat' dir='ltr'>si</span> <span class='ocrx_word' id='word_1_27' title='bbox 516 460 764 505; x_wconf 80' lang='lat' dir='ltr'>exercitatio</span> <span class='ocrx_word' id='word_1_28' title='bbox 785 460 1049 519; x_wconf 72' lang='lat' dir='ltr'>intelligatur</span> <span class='ocrx_word' id='word_1_29' title='bbox 1073 462 1259 521; x_wconf 81' lang='lat' dir='ltr'>ingenii,</span> <span class='ocrx_word' id='word_1_30' title='bbox 1285 476 1385 506; x_wconf 89' lang='lat' dir='ltr'>cum</span> <span class='ocrx_word' id='word_1_31' title='bbox 1403 461 1591 521; x_wconf 88' lang='lat' dir='ltr'>quadam</span> <span class='ocrx_word' id='word_1_32' title='bbox 1608 459 1752 504; x_wconf 84' lang='lat' dir='ltr'>delec-</span> 
     </span>
     <span class='ocr_line' id='line_1_5' title="bbox 363 531 1752 594; baseline -0.002 -17"><span class='ocrx_word' id='word_1_33' title='bbox 363 533 528 577; x_wconf 83' lang='lat' dir='ltr'>tatione</span> <span class='ocrx_word' id='word_1_34' title='bbox 549 531 855 591; x_wconf 84' lang='lat' dir='ltr'>disputationis</span> <span class='ocrx_word' id='word_1_35' title='bbox 871 567 882 586; x_wconf 79' lang='grc'>,</span> <span class='ocrx_word' id='word_1_36' title='bbox 911 542 1149 594; x_wconf 88' lang='lat' dir='ltr'>utrumque</span> <span class='ocrx_word' id='word_1_37' title='bbox 1171 533 1471 593; x_wconf 80' lang='lat' dir='ltr'>conjungitur,</span> <span class='ocrx_word' id='word_1_38' title='bbox 1497 541 1541 575; x_wconf 84' lang='lat' dir='ltr'>et</span> <span class='ocrx_word' id='word_1_39' title='bbox 1557 532 1678 590; x_wconf 84' lang='lat' dir='ltr'>quasi</span> <span class='ocrx_word' id='word_1_40' title='bbox 1701 546 1752 574; x_wconf 87' lang='lat' dir='ltr'>ex</span> 
     </span>
     <span class='ocr_line' id='line_1_6' title="bbox 361 601 1750 663; baseline -0.003 -15"><span class='ocrx_word' id='word_1_41' title='bbox 361 613 549 663; x_wconf 87' lang='lat' dir='ltr'>utroque</span> <span class='ocrx_word' id='word_1_42' title='bbox 572 617 711 645; x_wconf 88' lang='lat' dir='ltr'>unum</span> <span class='ocrx_word' id='word_1_43' title='bbox 735 601 902 661; x_wconf 87' lang='lat' dir='ltr'>aliquid</span> <span class='ocrx_word' id='word_1_44' title='bbox 924 611 1189 662; x_wconf 86' lang='lat' dir='ltr'>temperatur</span> <span class='ocrx_word' id='word_1_45' title='bbox 1205 639 1215 659; x_wconf 84' lang='lat'>‚</span> <span class='ocrx_word' id='word_1_46' title='bbox 1242 613 1293 647; x_wconf 89' lang='lat' dir='ltr'>ut</span> <span class='ocrx_word' id='word_1_47' title='bbox 1316 619 1404 647; x_wconf 91' lang='lat' dir='ltr'>non</span> <span class='ocrx_word' id='word_1_48' title='bbox 1436 603 1488 646; x_wconf 89' lang='lat' dir='ltr'>sit</span> <span class='ocrx_word' id='word_1_49' title='bbox 1527 601 1664 645; x_wconf 88' lang='lat' dir='ltr'>aliena</span> <span class='ocrx_word' id='word_1_50' title='bbox 1696 601 1750 646; x_wconf 86' lang='lat' dir='ltr'>ab</span> 
     </span>
     <span class='ocr_line' id='line_1_7' title="bbox 358 670 1750 733; baseline -0.004 -13"><span class='ocrx_word' id='word_1_51' title='bbox 358 671 610 733; x_wconf 84' lang='lat' dir='ltr'>hujusmodi</span> <span class='ocrx_word' id='word_1_52' title='bbox 640 671 945 716; x_wconf 78' lang='lat' dir='ltr'>exercitatione</span> <span class='ocrx_word' id='word_1_53' title='bbox 984 674 1225 731; x_wconf 82' lang='lat' dir='ltr'>garrulitas.</span> <span class='ocrx_word' id='word_1_54' title='bbox 1269 674 1418 719; x_wconf 88' lang='lat' dir='ltr'>Solent</span> <span class='ocrx_word' id='word_1_55' title='bbox 1440 672 1557 716; x_wconf 90' lang='lat' dir='ltr'>enim</span> <span class='ocrx_word' id='word_1_56' title='bbox 1590 670 1750 730; x_wconf 81' lang='lat' dir='ltr'>garruli</span> 
     </span>
     <span class='ocr_line' id='line_1_8' title="bbox 359 742 1752 802; baseline -0.002 -14"><span class='ocrx_word' id='word_1_57' title='bbox 359 743 504 788; x_wconf 87' lang='lat' dir='ltr'>vocari</span> <span class='ocrx_word' id='word_1_58' title='bbox 519 742 740 802; x_wconf 84' lang='lat' dir='ltr'>loquaceS.</span> <span class='ocrx_word' id='word_1_59' title='bbox 764 742 832 786; x_wconf 89' lang='lat' dir='ltr'>Sic</span> <span class='ocrx_word' id='word_1_60' title='bbox 849 751 993 786; x_wconf 87' lang='lat' dir='ltr'>autem</span> <span class='ocrx_word' id='word_1_61' title='bbox 1023 758 1066 787; x_wconf 91' lang='lat' dir='ltr'>se</span> <span class='ocrx_word' id='word_1_62' title='bbox 1088 743 1133 786; x_wconf 89' lang='lat' dir='ltr'>in</span> <span class='ocrx_word' id='word_1_63' title='bbox 1155 743 1233 787; x_wconf 90' lang='lat' dir='ltr'>Dei</span> <span class='ocrx_word' id='word_1_64' title='bbox 1249 742 1464 787; x_wconf 89' lang='lat' dir='ltr'>mandatis</span> <span class='ocrx_word' id='word_1_65' title='bbox 1487 751 1656 785; x_wconf 84' lang='lat' dir='ltr'>exercet</span> <span class='ocrx_word' id='word_1_66' title='bbox 1671 744 1752 786; x_wconf 89' lang='lat' dir='ltr'>Ec-</span> 
     </span>
     <span class='ocr_line' id='line_1_9' title="bbox 358 812 1752 871; baseline -0.003 -12"><span class='ocrx_word' id='word_1_67' title='bbox 358 814 502 869; x_wconf 84' lang='lat' dir='ltr'>clesia,</span> <span class='ocrx_word' id='word_1_68' title='bbox 528 812 731 857; x_wconf 86' lang='lat' dir='ltr'>adversus</span> <span class='ocrx_word' id='word_1_69' title='bbox 753 828 902 857; x_wconf 91' lang='lat' dir='ltr'>omnes</span> <span class='ocrx_word' id='word_1_70' title='bbox 923 813 1122 857; x_wconf 89' lang='lat' dir='ltr'>inimicos</span> <span class='ocrx_word' id='word_1_71' title='bbox 1141 812 1244 857; x_wconf 88' lang='lat' dir='ltr'>fidei</span> <span class='ocrx_word' id='word_1_72' title='bbox 1265 812 1509 857; x_wconf 70' lang='lat' dir='ltr'>christianae</span> <span class='ocrx_word' id='word_1_73' title='bbox 1527 821 1659 871; x_wconf 89' lang='lat' dir='ltr'>atque</span> <span class='ocrx_word' id='word_1_74' title='bbox 1680 827 1752 856; x_wconf 87' lang='lat' dir='ltr'>ca-</span> 
     </span>
     <span class='ocr_line' id='line_1_10' title="bbox 356 882 1750 943; baseline -0.003 -13"><span class='ocrx_word' id='word_1_75' title='bbox 356 883 533 930; x_wconf 84' lang='lat' dir='ltr'>tholicae</span> <span class='ocrx_word' id='word_1_76' title='bbox 559 883 741 943; x_wconf 88' lang='lat' dir='ltr'>copiosis</span> <span class='ocrx_word' id='word_1_77' title='bbox 765 882 996 927; x_wconf 91' lang='lat' dir='ltr'>doctorum</span> <span class='ocrx_word' id='word_1_78' title='bbox 1020 883 1390 942; x_wconf 84' lang='lat' dir='ltr'>disputationibus</span> <span class='ocrx_word' id='word_1_79' title='bbox 1412 883 1582 940; x_wconf 83' lang='lat' dir='ltr'>garrula</span> <span class='ocrx_word' id='word_1_80' title='bbox 1604 901 1613 926; x_wconf 79' lang='lat' dir='ltr'>z</span> <span class='ocrx_word' id='word_1_81' title='bbox 1650 898 1750 941; x_wconf 87' lang='lat' dir='ltr'>quae</span> 
     </span>
     <span class='ocr_line' id='line_1_11' title="bbox 358 953 1751 1014; baseline -0.004 -13"><span class='ocrx_word' id='word_1_82' title='bbox 358 967 464 1002; x_wconf 89' lang='lat' dir='ltr'>tunc</span> <span class='ocrx_word' id='word_1_83' title='bbox 487 955 721 1000; x_wconf 82' lang='lat' dir='ltr'>fructuosae</span> <span class='ocrx_word' id='word_1_84' title='bbox 744 963 846 998; x_wconf 90' lang='lat' dir='ltr'>sunt</span> <span class='ocrx_word' id='word_1_85' title='bbox 867 954 1208 1014; x_wconf 82' lang='lat' dir='ltr'>disputantibus,</span> <span class='ocrx_word' id='word_1_86' title='bbox 1225 955 1259 998; x_wconf 92' lang='lat' dir='ltr'>si</span> <span class='ocrx_word' id='word_1_87' title='bbox 1276 970 1365 999; x_wconf 91' lang='lat' dir='ltr'>non</span> <span class='ocrx_word' id='word_1_88' title='bbox 1389 954 1452 998; x_wconf 89' lang='lat' dir='ltr'>ibi</span> <span class='ocrx_word' id='word_1_89' title='bbox 1473 953 1751 997; x_wconf 67' lang='lat' dir='ltr'>consideren-a</span> 
     </span>
     <span class='ocr_line' id='line_1_12' title="bbox 355 1022 1751 1085; baseline -0.002 -14"><span class='ocrx_word' id='word_1_90' title='bbox 355 1037 429 1071; x_wconf 88' lang='lat' dir='ltr'>tur</span> <span class='ocrx_word' id='word_1_91' title='bbox 450 1026 532 1070; x_wconf 90' lang='lat' dir='ltr'>nisi</span> <span class='ocrx_word' id='word_1_92' title='bbox 553 1026 634 1070; x_wconf 86' lang='lat' dir='ltr'>viae</span> <span class='ocrx_word' id='word_1_93' title='bbox 656 1025 829 1070; x_wconf 88' lang='lat' dir='ltr'>Domini</span> <span class='ocrx_word' id='word_1_94' title='bbox 847 1059 857 1080; x_wconf 80' lang='grc'>,</span> <span class='ocrx_word' id='word_1_95' title='bbox 879 1025 990 1069; x_wconf 86' lang='lat' dir='ltr'>sicut</span> <span class='ocrx_word' id='word_1_96' title='bbox 1011 1025 1222 1085; x_wconf 89' lang='lat' dir='ltr'>scriptum</span> <span class='ocrx_word' id='word_1_97' title='bbox 1248 1034 1336 1069; x_wconf 86' lang='lat' dir='ltr'>est:</span> <span class='ocrx_word' id='word_1_98' title='bbox 1362 1022 1690 1069; x_wconf 87' lang='lat' dir='ltr'>«Misericordia</span> <span class='ocrx_word' id='word_1_99' title='bbox 1707 1032 1751 1068; x_wconf 88' lang='lat' dir='ltr'>et</span> 
     </span>
     <span class='ocr_line' id='line_1_13' title="bbox 357 1094 1750 1155; baseline 0 -16"><span class='ocrx_word' id='word_1_100' title='bbox 357 1115 380 1139; x_wconf 63' lang='lat'>³&gt;</span> <span class='ocrx_word' id='word_1_101' title='bbox 414 1097 571 1141; x_wconf 89' lang='lat' dir='ltr'>veritas</span> <span class='ocrx_word' id='word_1_102' title='bbox 588 1098 601 1122; x_wconf 82' lang='lat'>1</span> <span class='ocrx_word' id='word_1_103' title='bbox 636 1115 644 1140; x_wconf 93' lang='lat'>:</span> <span class='ocrx_word' id='word_1_104' title='bbox 679 1114 699 1136; x_wconf 90' lang='lat'>»</span> <span class='ocrx_word' id='word_1_105' title='bbox 743 1110 929 1154; x_wconf 89' lang='lat' dir='ltr'>quorum</span> <span class='ocrx_word' id='word_1_106' title='bbox 967 1095 1157 1139; x_wconf 91' lang='lat' dir='ltr'>duorum</span> <span class='ocrx_word' id='word_1_107' title='bbox 1194 1094 1422 1155; x_wconf 87' lang='lat' dir='ltr'>plenitudo</span> <span class='ocrx_word' id='word_1_108' title='bbox 1453 1095 1673 1139; x_wconf 84' lang='lat' dir='ltr'>invenitur</span> <span class='ocrx_word' id='word_1_109' title='bbox 1704 1095 1750 1139; x_wconf 91' lang='lat' dir='ltr'>in</span> 
     </span>
     <span class='ocr_line' id='line_1_14' title="bbox 355 1164 1750 1225; baseline -0.002 -12"><span class='ocrx_word' id='word_1_110' title='bbox 355 1169 544 1214; x_wconf 88' lang='lat' dir='ltr'>Christo.</span> <span class='ocrx_word' id='word_1_111' title='bbox 572 1170 653 1210; x_wconf 89' lang='lat' dir='ltr'>Per</span> <span class='ocrx_word' id='word_1_112' title='bbox 685 1167 798 1210; x_wconf 89' lang='lat' dir='ltr'>hanc</span> <span class='ocrx_word' id='word_1_113' title='bbox 821 1182 996 1211; x_wconf 87' lang='lat' dir='ltr'>suavem</span> <span class='ocrx_word' id='word_1_114' title='bbox 1019 1167 1370 1211; x_wconf 81' lang='lat' dir='ltr'>exercitationem</span> <span class='ocrx_word' id='word_1_115' title='bbox 1392 1167 1442 1210; x_wconf 82' lang='lat' dir='ltr'>fit</span> <span class='ocrx_word' id='word_1_116' title='bbox 1471 1166 1602 1210; x_wconf 88' lang='lat' dir='ltr'>etiam</span> <span class='ocrx_word' id='word_1_117' title='bbox 1629 1164 1750 1225; x_wconf 91' lang='lat' dir='ltr'>quod</span> 
     </span>
     <span class='ocr_line' id='line_1_15' title="bbox 356 1236 1748 1298; baseline -0.002 -16"><span class='ocrx_word' id='word_1_118' title='bbox 356 1238 554 1298; x_wconf 81' lang='lat' dir='ltr'>adjungit</span> <span class='ocrx_word' id='word_1_119' title='bbox 578 1256 586 1280; x_wconf 91' lang='lat'>:</span> <span class='ocrx_word' id='word_1_120' title='bbox 619 1255 638 1278; x_wconf 88' lang='lat'>«</span> <span class='ocrx_word' id='word_1_121' title='bbox 656 1239 707 1280; x_wconf 91' lang='lat' dir='ltr'>In</span> <span class='ocrx_word' id='word_1_122' title='bbox 723 1237 1106 1296; x_wconf 87' lang='lat' dir='ltr'>justificationibus</span> <span class='ocrx_word' id='word_1_123' title='bbox 1127 1238 1210 1281; x_wconf 90' lang='lat' dir='ltr'>tuis</span> <span class='ocrx_word' id='word_1_124' title='bbox 1232 1236 1496 1292; x_wconf 85' lang='lat' dir='ltr'>meditabor,</span> <span class='ocrx_word' id='word_1_125' title='bbox 1521 1252 1610 1281; x_wconf 90' lang='lat' dir='ltr'>non</span> <span class='ocrx_word' id='word_1_126' title='bbox 1633 1236 1748 1280; x_wconf 93' lang='lat' dir='ltr'>obli-</span> 
     </span>
     <span class='ocr_line' id='line_1_16' title="bbox 354 1308 1745 1368; baseline -0.003 -15"><span class='ocrx_word' id='word_1_127' title='bbox 354 1329 377 1353; x_wconf 80' lang='lat'>»</span> <span class='ocrx_word' id='word_1_128' title='bbox 412 1309 549 1354; x_wconf 88' lang='lat' dir='ltr'>viscar</span> <span class='ocrx_word' id='word_1_129' title='bbox 570 1308 803 1351; x_wconf 88' lang='lat' dir='ltr'>verborum</span> <span class='ocrx_word' id='word_1_130' title='bbox 828 1311 1078 1353; x_wconf 79' lang='lat' dir='ltr'>tuorum2.»</span> <span class='ocrx_word' id='word_1_131' title='bbox 1102 1310 1206 1353; x_wconf 92' lang='lat' dir='ltr'>Ideo</span> <span class='ocrx_word' id='word_1_132' title='bbox 1228 1309 1380 1368; x_wconf 80' lang='lat' dir='ltr'>utique</span> <span class='ocrx_word' id='word_1_133' title='bbox 1407 1328 1426 1350; x_wconf 86' lang='lat'>«</span> <span class='ocrx_word' id='word_1_134' title='bbox 1444 1308 1705 1363; x_wconf 71' lang='lat' dir='ltr'>Medstabor,</span> <span class='ocrx_word' id='word_1_135' title='bbox 1723 1325 1745 1349; x_wconf 87' lang='lat'>»</span> 
     </span>
     <span class='ocr_line' id='line_1_17' title="bbox 352 1379 1744 1439; baseline -0.001 -13"><span class='ocrx_word' id='word_1_136' title='bbox 352 1390 404 1426; x_wconf 92' lang='lat' dir='ltr'>ut</span> <span class='ocrx_word' id='word_1_137' title='bbox 435 1382 566 1425; x_wconf 88' lang='lat' dir='ltr'>«Non</span> <span class='ocrx_word' id='word_1_138' title='bbox 586 1379 828 1424; x_wconf 86' lang='lat' dir='ltr'>obliviscar.</span> <span class='ocrx_word' id='word_1_139' title='bbox 851 1398 871 1420; x_wconf 74' lang='lat'>&gt;›</span> <span class='ocrx_word' id='word_1_140' title='bbox 898 1379 1023 1423; x_wconf 89' lang='lat' dir='ltr'>Unde</span> <span class='ocrx_word' id='word_1_141' title='bbox 1047 1383 1202 1424; x_wconf 85' lang='lat' dir='ltr'>Beatus</span> <span class='ocrx_word' id='word_1_142' title='bbox 1220 1379 1292 1423; x_wconf 91' lang='lat' dir='ltr'>ille</span> <span class='ocrx_word' id='word_1_143' title='bbox 1314 1380 1359 1423; x_wconf 91' lang='lat' dir='ltr'>in</span> <span class='ocrx_word' id='word_1_144' title='bbox 1382 1379 1523 1439; x_wconf 90' lang='lat' dir='ltr'>primo</span> <span class='ocrx_word' id='word_1_145' title='bbox 1545 1379 1715 1424; x_wconf 91' lang='lat' dir='ltr'>Psalmo</span> <span class='ocrx_word' id='word_1_146' title='bbox 1733 1414 1744 1434; x_wconf 88' lang='lat'>‚</span> 
     </span>
     <span class='ocr_line' id='line_1_18' title="bbox 352 1449 1363 1510; baseline -0.004 -13"><span class='ocrx_word' id='word_1_147' title='bbox 352 1453 401 1497; x_wconf 90' lang='lat' dir='ltr'>in</span> <span class='ocrx_word' id='word_1_148' title='bbox 422 1451 516 1510; x_wconf 84' lang='lat' dir='ltr'>lege</span> <span class='ocrx_word' id='word_1_149' title='bbox 534 1450 708 1495; x_wconf 88' lang='lat' dir='ltr'>Domini</span> <span class='ocrx_word' id='word_1_150' title='bbox 731 1449 1015 1494; x_wconf 86' lang='lat' dir='ltr'>meditabitur</span> <span class='ocrx_word' id='word_1_151' title='bbox 1034 1449 1103 1494; x_wconf 88' lang='lat' dir='ltr'>die.</span> <span class='ocrx_word' id='word_1_152' title='bbox 1121 1466 1169 1494; x_wconf 88' lang='lat' dir='ltr'>ac</span> <span class='ocrx_word' id='word_1_153' title='bbox 1185 1459 1313 1494; x_wconf 90' lang='lat' dir='ltr'>nocte</span> <span class='ocrx_word' id='word_1_154' title='bbox 1331 1451 1363 1493; x_wconf 79' lang='grc'>3.</span> 
     </span>
    </p>

    <p class='ocr_par' dir='ltr' id='par_1_3' title="bbox 348 1518 1747 2287">
     <span class='ocr_line' id='line_1_19' title="bbox 397 1518 1747 1579; baseline -0.001 -14"><span class='ocrx_word' id='word_1_155' title='bbox 397 1524 452 1565; x_wconf 89' lang='lat' dir='ltr'>V.</span> <span class='ocrx_word' id='word_1_156' title='bbox 474 1524 526 1564; x_wconf 89' lang='lat' dir='ltr'>In</span> <span class='ocrx_word' id='word_1_157' title='bbox 546 1521 612 1564; x_wconf 91' lang='lat' dir='ltr'>his</span> <span class='ocrx_word' id='word_1_158' title='bbox 626 1520 829 1565; x_wconf 88' lang='lat' dir='ltr'>omnibus</span> <span class='ocrx_word' id='word_1_159' title='bbox 848 1535 961 1579; x_wconf 80' lang='lat' dir='ltr'>quae,</span> <span class='ocrx_word' id='word_1_160' title='bbox 979 1528 1027 1563; x_wconf 91' lang='lat' dir='ltr'>ut</span> <span class='ocrx_word' id='word_1_161' title='bbox 1050 1520 1288 1579; x_wconf 80' lang='lat' dir='ltr'>potuimus,</span> <span class='ocrx_word' id='word_1_162' title='bbox 1308 1518 1636 1578; x_wconf 86' lang='lat' dir='ltr'>disputavimus,</span> <span class='ocrx_word' id='word_1_163' title='bbox 1656 1534 1747 1563; x_wconf 89' lang='lat' dir='ltr'>me-</span> 
     </span>
     <span class='ocr_line' id='line_1_20' title="bbox 351 1589 1746 1651; baseline -0.002 -14"><span class='ocrx_word' id='word_1_164' title='bbox 351 1592 633 1645; x_wconf 78' lang='lat' dir='ltr'>minerimus,</span> <span class='ocrx_word' id='word_1_165' title='bbox 671 1590 934 1644; x_wconf 80' lang='lat' dir='ltr'>charissimi,</span> <span class='ocrx_word' id='word_1_166' title='bbox 962 1606 1062 1634; x_wconf 91' lang='lat' dir='ltr'>eum</span> <span class='ocrx_word' id='word_1_167' title='bbox 1095 1592 1168 1651; x_wconf 90' lang='lat' dir='ltr'>qui</span> <span class='ocrx_word' id='word_1_168' title='bbox 1195 1591 1417 1635; x_wconf 83' lang='lat' dir='ltr'>abscondit</span> <span class='ocrx_word' id='word_1_169' title='bbox 1447 1591 1492 1634; x_wconf 89' lang='lat' dir='ltr'>in</span> <span class='ocrx_word' id='word_1_170' title='bbox 1516 1589 1646 1635; x_wconf 87' lang='lat' dir='ltr'>corde</span> <span class='ocrx_word' id='word_1_171' title='bbox 1668 1606 1746 1634; x_wconf 88' lang='lat' dir='ltr'>suo</span> 
     </span>
     <span class='ocr_line' id='line_1_21' title="bbox 352 1660 1746 1722; baseline -0.002 -14"><span class='ocrx_word' id='word_1_172' title='bbox 352 1662 528 1722; x_wconf 82' lang='lat' dir='ltr'>eloquia</span> <span class='ocrx_word' id='word_1_173' title='bbox 550 1661 716 1706; x_wconf 90' lang='lat' dir='ltr'>Domini</span> <span class='ocrx_word' id='word_1_174' title='bbox 739 1696 748 1715; x_wconf 85' lang='lat'>‚</span> <span class='ocrx_word' id='word_1_175' title='bbox 776 1670 819 1705; x_wconf 93' lang='lat' dir='ltr'>et</span> <span class='ocrx_word' id='word_1_176' title='bbox 841 1661 1038 1706; x_wconf 88' lang='lat' dir='ltr'>enuntiat</span> <span class='ocrx_word' id='word_1_177' title='bbox 1069 1662 1115 1704; x_wconf 91' lang='lat' dir='ltr'>in</span> <span class='ocrx_word' id='word_1_178' title='bbox 1136 1661 1261 1705; x_wconf 81' lang='lat' dir='ltr'>labiis</span> <span class='ocrx_word' id='word_1_179' title='bbox 1299 1663 1385 1705; x_wconf 90' lang='lat' dir='ltr'>suis</span> <span class='ocrx_word' id='word_1_180' title='bbox 1408 1662 1553 1706; x_wconf 89' lang='lat' dir='ltr'>omnia</span> <span class='ocrx_word' id='word_1_181' title='bbox 1581 1660 1746 1721; x_wconf 85' lang='lat' dir='ltr'>judicia</span> 
     </span>
     <span class='ocr_line' id='line_1_22' title="bbox 352 1730 1745 1792; baseline -0.002 -15"><span class='ocrx_word' id='word_1_182' title='bbox 352 1733 438 1778; x_wconf 86' lang='lat' dir='ltr'>oris</span> <span class='ocrx_word' id='word_1_183' title='bbox 461 1737 576 1792; x_wconf 76' lang='lat' dir='ltr'>ejus,</span> <span class='ocrx_word' id='word_1_184' title='bbox 606 1740 649 1774; x_wconf 87' lang='lat' dir='ltr'>et</span> <span class='ocrx_word' id='word_1_185' title='bbox 668 1731 714 1774; x_wconf 90' lang='lat' dir='ltr'>in</span> <span class='ocrx_word' id='word_1_186' title='bbox 736 1731 804 1774; x_wconf 89' lang='lat' dir='ltr'>via</span> <span class='ocrx_word' id='word_1_187' title='bbox 827 1731 1174 1775; x_wconf 89' lang='lat' dir='ltr'>testimoniorum</span> <span class='ocrx_word' id='word_1_188' title='bbox 1198 1730 1287 1791; x_wconf 77' lang='lat' dir='ltr'>ejus</span> <span class='ocrx_word' id='word_1_189' title='bbox 1311 1730 1553 1775; x_wconf 87' lang='lat' dir='ltr'>delectatur</span> <span class='ocrx_word' id='word_1_190' title='bbox 1569 1732 1680 1775; x_wconf 91' lang='lat' dir='ltr'>sicut</span> <span class='ocrx_word' id='word_1_191' title='bbox 1701 1732 1745 1775; x_wconf 91' lang='lat' dir='ltr'>in</span> 
     </span>
     <span class='ocr_line' id='line_1_23' title="bbox 354 1800 1744 1860; baseline -0.002 -12"><span class='ocrx_word' id='word_1_192' title='bbox 354 1803 558 1849; x_wconf 86' lang='lat' dir='ltr'>omnibus</span> <span class='ocrx_word' id='word_1_193' title='bbox 576 1801 750 1857; x_wconf 82' lang='lat' dir='ltr'>divitiis,</span> <span class='ocrx_word' id='word_1_194' title='bbox 775 1810 818 1845; x_wconf 90' lang='lat' dir='ltr'>et</span> <span class='ocrx_word' id='word_1_195' title='bbox 836 1802 1024 1860; x_wconf 83' lang='lat' dir='ltr'>garriens</span> <span class='ocrx_word' id='word_1_196' title='bbox 1040 1801 1110 1845; x_wconf 90' lang='lat' dir='ltr'>vel</span> <span class='ocrx_word' id='word_1_197' title='bbox 1128 1817 1218 1845; x_wconf 89' lang='lat' dir='ltr'>sese</span> <span class='ocrx_word' id='word_1_198' title='bbox 1238 1816 1439 1845; x_wconf 80' lang='lat' dir='ltr'>exercens</span> <span class='ocrx_word' id='word_1_199' title='bbox 1464 1802 1510 1844; x_wconf 91' lang='lat' dir='ltr'>in</span> <span class='ocrx_word' id='word_1_200' title='bbox 1532 1800 1744 1845; x_wconf 90' lang='lat' dir='ltr'>mandatis</span> 
     </span>
     <span class='ocr_line' id='line_1_24' title="bbox 352 1871 1744 1935; baseline -0.001 -16"><span class='ocrx_word' id='word_1_201' title='bbox 352 1877 459 1935; x_wconf 84' lang='lat' dir='ltr'>ejus,</span> <span class='ocrx_word' id='word_1_202' title='bbox 487 1872 729 1918; x_wconf 84' lang='lat' dir='ltr'>considerat</span> <span class='ocrx_word' id='word_1_203' title='bbox 750 1873 838 1915; x_wconf 90' lang='lat' dir='ltr'>vias</span> <span class='ocrx_word' id='word_1_204' title='bbox 860 1873 968 1932; x_wconf 77' lang='lat' dir='ltr'>ejus,</span> <span class='ocrx_word' id='word_1_205' title='bbox 986 1881 1029 1915; x_wconf 90' lang='lat' dir='ltr'>et</span> <span class='ocrx_word' id='word_1_206' title='bbox 1050 1871 1285 1915; x_wconf 85' lang='lat' dir='ltr'>meditatur</span> <span class='ocrx_word' id='word_1_207' title='bbox 1301 1871 1347 1915; x_wconf 90' lang='lat' dir='ltr'>in</span> <span class='ocrx_word' id='word_1_208' title='bbox 1361 1871 1744 1931; x_wconf 86' lang='lat' dir='ltr'>justificationibus</span> 
     </span>
     <span class='ocr_line' id='line_1_25' title="bbox 351 1942 1742 2005; baseline -0.002 -16"><span class='ocrx_word' id='word_1_209' title='bbox 351 1947 445 2005; x_wconf 86' lang='lat' dir='ltr'>ejus</span> <span class='ocrx_word' id='word_1_210' title='bbox 462 1979 472 1998; x_wconf 81' lang='lat'><strong>‚</strong></span> <span class='ocrx_word' id='word_1_211' title='bbox 497 1959 553 1987; x_wconf 90' lang='lat' dir='ltr'>ne</span> <span class='ocrx_word' id='word_1_212' title='bbox 575 1942 853 1987; x_wconf 87' lang='lat' dir='ltr'>obliviscatur</span> <span class='ocrx_word' id='word_1_213' title='bbox 874 1942 1108 1986; x_wconf 87' lang='lat' dir='ltr'>verborum</span> <span class='ocrx_word' id='word_1_214' title='bbox 1131 1943 1221 2002; x_wconf 90' lang='lat' dir='ltr'>ejus</span> <span class='ocrx_word' id='word_1_215' title='bbox 1237 1977 1247 1997; x_wconf 87' lang='lat'>‚</span> <span class='ocrx_word' id='word_1_216' title='bbox 1274 1957 1349 2001; x_wconf 92' lang='lat' dir='ltr'>per</span> <span class='ocrx_word' id='word_1_217' title='bbox 1367 1958 1466 2001; x_wconf 84' lang='lat' dir='ltr'>quae</span> <span class='ocrx_word' id='word_1_218' title='bbox 1487 1942 1631 1986; x_wconf 89' lang='lat' dir='ltr'>omnia</span> <span class='ocrx_word' id='word_1_219' title='bbox 1652 1943 1742 1987; x_wconf 88' lang='lat' dir='ltr'>uti·</span> 
     </span>
     <span class='ocr_line' id='line_1_26' title="bbox 351 2012 1741 2075; baseline 0 -17"><span class='ocrx_word' id='word_1_220' title='bbox 351 2031 438 2075; x_wconf 89' lang='lat' dir='ltr'>que</span> <span class='ocrx_word' id='word_1_221' title='bbox 460 2013 554 2073; x_wconf 81' lang='lat' dir='ltr'>lege</span> <span class='ocrx_word' id='word_1_222' title='bbox 577 2012 654 2057; x_wconf 88' lang='lat' dir='ltr'>Dei</span> <span class='ocrx_word' id='word_1_223' title='bbox 672 2021 803 2073; x_wconf 88' lang='lat' dir='ltr'>atque</span> <span class='ocrx_word' id='word_1_224' title='bbox 825 2013 1021 2057; x_wconf 84' lang='lat' dir='ltr'>doctrina</span> <span class='ocrx_word' id='word_1_225' title='bbox 1044 2013 1278 2056; x_wconf 85' lang='lat' dir='ltr'>instructus</span> <span class='ocrx_word' id='word_1_226' title='bbox 1301 2021 1499 2071; x_wconf 85' lang='lat' dir='ltr'>apparet,</span> <span class='ocrx_word' id='word_1_227' title='bbox 1522 2028 1644 2056; x_wconf 88' lang='lat' dir='ltr'>orare</span> <span class='ocrx_word' id='word_1_228' title='bbox 1673 2023 1741 2058; x_wconf 87' lang='lat' dir='ltr'>ta·-</span> 
     </span>
     <span class='ocr_line' id='line_1_27' title="bbox 350 2082 1741 2143; baseline -0.003 -12"><span class='ocrx_word' id='word_1_229' title='bbox 350 2101 453 2131; x_wconf 86' lang='lat' dir='ltr'>mcn</span> <span class='ocrx_word' id='word_1_230' title='bbox 474 2093 516 2128; x_wconf 91' lang='lat' dir='ltr'>et</span> <span class='ocrx_word' id='word_1_231' title='bbox 538 2084 680 2127; x_wconf 89' lang='lat' dir='ltr'>dicere</span> <span class='ocrx_word' id='word_1_232' title='bbox 702 2102 711 2127; x_wconf 73' lang='grc' dir='ltr'>ε</span> <span class='ocrx_word' id='word_1_233' title='bbox 742 2101 760 2124; x_wconf 92' lang='lat'>«</span> <span class='ocrx_word' id='word_1_234' title='bbox 785 2082 1044 2127; x_wconf 87' lang='lat' dir='ltr'>Benedictus</span> <span class='ocrx_word' id='word_1_235' title='bbox 1065 2097 1129 2136; x_wconf 80' lang='lat' dir='ltr'>es,</span> <span class='ocrx_word' id='word_1_236' title='bbox 1163 2082 1346 2126; x_wconf 91' lang='lat' dir='ltr'>Domine</span> <span class='ocrx_word' id='word_1_237' title='bbox 1367 2117 1377 2136; x_wconf 81' lang='lat'><strong>‚</strong></span> <span class='ocrx_word' id='word_1_238' title='bbox 1399 2082 1507 2126; x_wconf 89' lang='lat' dir='ltr'>doce</span> <span class='ocrx_word' id='word_1_239' title='bbox 1530 2098 1599 2126; x_wconf 91' lang='lat' dir='ltr'>me</span> <span class='ocrx_word' id='word_1_240' title='bbox 1612 2084 1741 2143; x_wconf 79' lang='lat' dir='ltr'>justi-</span> 
     </span>
     <span class='ocr_line' id='line_1_28' title="bbox 351 2151 1735 2213; baseline -0.001 -13"><span class='ocrx_word' id='word_1_241' title='bbox 351 2175 374 2200; x_wconf 79' lang='lat'>»</span> <span class='ocrx_word' id='word_1_242' title='bbox 410 2155 631 2200; x_wconf 86' lang='lat' dir='ltr'>ficationes</span> <span class='ocrx_word' id='word_1_243' title='bbox 658 2162 769 2198; x_wconf 88' lang='lat' dir='ltr'>tuas.</span> <span class='ocrx_word' id='word_1_244' title='bbox 799 2171 818 2193; x_wconf 73' lang='lat' dir='ltr'>n</span> <span class='ocrx_word' id='word_1_245' title='bbox 848 2153 932 2197; x_wconf 87' lang='lat' dir='ltr'>Ubi</span> <span class='ocrx_word' id='word_1_246' title='bbox 961 2151 1069 2196; x_wconf 92' lang='lat' dir='ltr'>nihil</span> <span class='ocrx_word' id='word_1_247' title='bbox 1106 2152 1224 2196; x_wconf 89' lang='lat' dir='ltr'>aliud</span> <span class='ocrx_word' id='word_1_248' title='bbox 1253 2153 1510 2211; x_wconf 86' lang='lat' dir='ltr'>intelligitur</span> <span class='ocrx_word' id='word_1_249' title='bbox 1531 2169 1706 2213; x_wconf 87' lang='lat' dir='ltr'>poscere</span> <span class='ocrx_word' id='word_1_250' title='bbox 1725 2190 1735 2209; x_wconf 89' lang='lat'>‚</span> 
     </span>
     <span class='ocr_line' id='line_1_29' title="bbox 348 2222 1740 2287; baseline -0.004 -15"><span class='ocrx_word' id='word_1_251' title='bbox 348 2228 429 2272; x_wconf 89' lang='lat' dir='ltr'>nisi</span> <span class='ocrx_word' id='word_1_252' title='bbox 451 2225 716 2287; x_wconf 86' lang='lat' dir='ltr'>adjutorium</span> <span class='ocrx_word' id='word_1_253' title='bbox 734 2223 880 2282; x_wconf 81' lang='lat' dir='ltr'>gratiae</span> <span class='ocrx_word' id='word_1_254' title='bbox 904 2243 912 2268; x_wconf 90' lang='lat'>:</span> <span class='ocrx_word' id='word_1_255' title='bbox 937 2233 987 2268; x_wconf 88' lang='lat' dir='ltr'>ut</span> <span class='ocrx_word' id='word_1_256' title='bbox 1009 2222 1129 2283; x_wconf 89' lang='lat' dir='ltr'>quod</span> <span class='ocrx_word' id='word_1_257' title='bbox 1140 2223 1231 2282; x_wconf 86' lang='lat' dir='ltr'>jam</span> <span class='ocrx_word' id='word_1_258' title='bbox 1252 2223 1373 2267; x_wconf 88' lang='lat' dir='ltr'>novit</span> <span class='ocrx_word' id='word_1_259' title='bbox 1398 2225 1620 2279; x_wconf 84' lang='lat' dir='ltr'>Sermone,</span> <span class='ocrx_word' id='word_1_260' title='bbox 1650 2223 1740 2268; x_wconf 90' lang='lat' dir='ltr'>dis-</span> 
     </span>
    </p>
   </div>
   <div class='ocr_carea' id='block_1_3' title="bbox 349 2307 649 2356">
    <p class='ocr_par' dir='ltr' id='par_1_4' title="bbox 349 2307 649 2356">
     <span class='ocr_line' id='line_1_30' title="bbox 349 2307 649 2356; baseline -0.013 -12"><span class='ocrx_word' id='word_1_261' title='bbox 349 2307 420 2344; x_wconf 87' lang='lat' dir='ltr'>cat</span> <span class='ocrx_word' id='word_1_262' title='bbox 441 2307 485 2342; x_wconf 87' lang='lat' dir='ltr'>et</span> <span class='ocrx_word' id='word_1_263' title='bbox 505 2311 649 2356; x_wconf 88' lang='lat' dir='ltr'>opere.</span> 
     </span>
    </p>
   </div>
   <div class='ocr_carea' id='block_1_4' title="bbox 399 2387 1306 2434">
    <p class='ocr_par' dir='ltr' id='par_1_5' title="bbox 399 2387 1306 2434">
     <span class='ocr_line' id='line_1_31' title="bbox 399 2387 1306 2434; baseline -0.004 -8"><span class='ocrx_word' id='word_1_264' title='bbox 399 2400 409 2417; x_wconf 92' lang='lat'>¹</span> <span class='ocrx_word' id='word_1_265' title='bbox 436 2393 517 2426; x_wconf 82' lang='lat' dir='ltr'>Psal.</span> <span class='ocrx_word' id='word_1_266' title='bbox 534 2404 621 2434; x_wconf 81' lang='lat' dir='ltr'>xxiv,</span> <span class='ocrx_word' id='word_1_267' title='bbox 643 2402 694 2426; x_wconf 88' lang='lat'>10.</span> <span class='ocrx_word' id='word_1_268' title='bbox 714 2408 755 2415; x_wconf 92' lang='lat'><strong>—</strong></span> <span class='ocrx_word' id='word_1_269' title='bbox 775 2398 787 2415; x_wconf 80' lang='lat'><em>2</em></span> <span class='ocrx_word' id='word_1_270' title='bbox 807 2390 852 2423; x_wconf 86' lang='lat' dir='ltr'>Id.</span> <span class='ocrx_word' id='word_1_271' title='bbox 874 2401 980 2432; x_wconf 72' lang='lat' dir='ltr'>cxviii,</span> <span class='ocrx_word' id='word_1_272' title='bbox 1003 2389 1054 2422; x_wconf 79' lang='lat'>16.</span> <span class='ocrx_word' id='word_1_273' title='bbox 1076 2406 1116 2413; x_wconf 89' lang='lat'><strong>—</strong></span> <span class='ocrx_word' id='word_1_274' title='bbox 1137 2387 1149 2413; x_wconf 84' lang='lat'>3</span> <span class='ocrx_word' id='word_1_275' title='bbox 1172 2388 1218 2423; x_wconf 85' lang='lat' dir='ltr'>Id.</span> <span class='ocrx_word' id='word_1_276' title='bbox 1236 2401 1260 2432; x_wconf 83' lang='grc' dir='ltr'>ι,</span> <span class='ocrx_word' id='word_1_277' title='bbox 1276 2400 1306 2422; x_wconf 62' lang='grc' dir='ltr'>ἱ).</span> 
     </span>
    </p>
   </div>
  </div>
 </body>
</html>
