1848 3261
265 214 505 245 ENARRATm
536 216 583 243 ΙΝ
613 212 816 242 PsALMUM
847 213 1003 250 cxvm,
1038 211 1175 242 SERMO
1207 216 1280 242 xv.
1380 202 1461 243 451

92 299 111 323 ›>
146 281 390 326 consolatus
415 297 512 326 sum
527 316 537 335 ,
567 279 669 340 quia
691 294 768 338 per
788 278 882 320 haec.
904 293 1080 336 quoque
1110 279 1333 324 ostendisti
1354 279 1467 325 divi-

87 350 167 394 tias
184 350 331 408 gloriae
354 360 440 394 tuae
457 351 502 394 in
523 365 623 394 vasa
644 346 949 392 misericordiae
966 355 1068 389 tuae.

145 422 222 464 VI.
253 439 271 461 «
301 420 495 465 Taedium
519 419 707 463 detinuit
724 431 793 460 me
815 432 837 459 a
860 416 1159 474 peccatoribus
1181 416 1470 477 relinquenti-

90 509 108 531 »
143 489 225 533 bus
249 490 389 548 legem
413 500 548 534 tuam.
582 485 832 533 cantabiles
856 496 977 530 erant
1012 486 1120 529 mihi
1140 485 1470 545 justificationes

90 579 108 600 »
144 569 230 603 tuae
261 561 308 604 in
341 560 438 605 loco
471 558 686 603 incolatus
717 556 802 599 mei
825 558 837 581 ²
866 575 875 600 ε
909 576 925 596 »
951 555 1021 599 vel
1059 556 1168 600 sicut
1195 556 1267 600 alii
1301 556 1471 601 codices

85 629 278 686 habent,
318 649 335 671 «
370 634 421 678 In
449 631 546 674 loco
574 627 931 688 peregrinationis
965 642 1087 670 meae.
1127 646 1144 667 »
1178 630 1274 686 Ipsa
1302 636 1366 671 est
1399 627 1472 671 illa

84 700 304 745 humilitas
336 702 380 745 in
417 702 513 745 loco
547 698 820 744 mortalitatis
859 698 1171 757 peregrinantis
1197 698 1383 742 hominis
1417 697 1472 742 de

84 770 281 830 paradiso
304 781 347 815 01
367 772 421 815 de
442 771 514 815 illa
537 785 725 830 superna
749 768 1008 824 Jerusalem,
1031 769 1149 812 unde
1173 769 1350 828 quidam
1375 768 1472 813 des-

84 841 272 885 cendens
302 843 346 885 in
364 843 535 886 Jericho
561 840 717 885 incidit
734 840 779 883 in
801 839 991 883 latrones
1013 858 1021 883 :
1047 838 1123 883 sed
1144 849 1322 899 propter
1344 840 1474 884 mise-

84 911 311 956 ricordiam
332 929 430 972 quae
448 928 524 971 per
541 910 667 954 illum
686 910 1002 955 samaritanum
1016 926 1115 954 cum
1134 909 1209 954 illo
1230 909 1343 954 facta
1369 913 1468 965 est2,

84 982 320 1025 cantabiles
348 982 409 1025 illi
432 991 553 1025 erant
580 980 909 1040 justificationes
932 980 1007 1024 Dei
1028 981 1073 1023 in
1093 979 1192 1024 loco
1223 980 1474 1039 peregrina-

87 1052 216 1096 tionis
238 1069 353 1110 suae3
378 1052 575 1113 quamvis
598 1067 698 1095 eum
733 1051 913 1095 taedium
935 1060 1102 1094 teneret
1127 1067 1150 1094 a
1172 1051 1473 1109 peccatoribus

83 1121 430 1182 relinquentibus
450 1122 588 1180 legem
610 1119 710 1175 Dei,
734 1121 835 1180 quia
853 1135 954 1163 cum
976 1121 1034 1163 eis
1057 1120 1298 1163 conversari
1322 1120 1367 1163 in
1388 1121 1470 1163 hac

83 1193 171 1237 vita
197 1193 265 1237 vel
297 1194 352 1236 ad
382 1202 553 1252 tempus
582 1193 753 1250 cogitur
773 1226 783 1245 ,
808 1190 948 1234 donec
971 1205 1067 1233 area
1090 1189 1340 1233 ventiletur.
1365 1193 1472 1234 Pos-

83 1271 185 1306 sunt
208 1271 353 1306 autem
375 1262 445 1306 isti
467 1263 556 1305 duo
573 1277 722 1305 versus
748 1261 802 1304 ad
825 1260 1014 1318 singulas
1038 1270 1180 1319 partes
1204 1260 1333 1304 unius
1351 1275 1473 1319 supe-

85 1331 207 1376 rioris
229 1332 365 1391 aptari
388 1351 396 1376 :
422 1340 472 1375 ut
494 1332 615 1391 quod
637 1331 696 1374 ait
719 1350 727 1374 :
758 1349 775 1369 «
801 1333 970 1374 Memor
990 1328 1053 1372 fui
1078 1329 1345 1389 judiciorum
1371 1339 1473 1374 tuo-

88 1420 109 1444 »
144 1417 239 1446 rum
265 1419 288 1445 a
309 1401 489 1456 saeculo,
516 1401 725 1457 Domine3
749 1418 769 1440 »
795 1399 850 1443 ad
868 1401 950 1444 1100
975 1400 1203 1453 referatur,
1229 1419 1249 1442 «
1276 1400 1473 1444 Taedium

87 1490 108 1514 »
143 1472 332 1516 detinuit
377 1487 446 1515 me
482 1488 505 1515 a
541 1469 844 1530 peccatoribus
890 1469 1295 1530 derelinquentibus
1333 1470 1473 1528 legem

87 1559 109 1583 »
143 1551 264 1586 tuam
292 1561 301 1586 :
329 1560 349 1582 »
376 1540 496 1601 quod
517 1556 619 1585 vero
641 1540 703 1583 ibi
726 1539 784 1583 ait
811 1558 819 1583 :
848 1557 867 1580 «
890 1542 947 1582 Et
964 1538 1209 1583 consolatus
1229 1555 1347 1594 sum,
1376 1556 1396 1579 »
1418 1538 1473 1583 ad

83 1613 168 1657 hoc
190 1611 423 1666 referatur,
444 1630 461 1651 «
488 1610 737 1655 Cantabiles
763 1609 869 1652 mihi
892 1618 1014 1653 erant
1035 1609 1365 1668 justificationes
1386 1619 1474 1654 111εο

87 1700 109 1724 ))
143 1683 189 1726 111
210 1682 307 1727 1000
329 1680 683 1741 peregrinationis
705 1694 830 1722 meae.
859 1696 879 1719 »

143 1755 244 1797 VII.
277 1772 297 1794 ‹<
330 1755 520 1805 Memor,
551 1751 716 1810 inquit,
744 1748 807 1792 fui
839 1749 885 1791 in
907 1757 1035 1792 nocte
1057 1749 1244 1793 nominis
1267 1749 1356 1804 tui,
1381 1752 1472 1793 Do-

89 1841 109 1865 »
144 1823 261 1867 mine
277 1858 288 1877 ,
313 1831 355 1866 et
374 1820 587 1866 custodivi
609 1819 747 1877 legem
767 1828 886 1862 tuam
903 1820 934 1861 3.
955 1836 975 1858 »
1001 1821 1095 1863 Nox
1117 1827 1181 1862 est
1198 1818 1271 1862 illa
1296 1818 1476 1862 humili-

86 1902 174 1947 tas,
203 1893 280 1935 ubi
303 1901 366 1935 est
382 1890 654 1935 mortalitatis
676 1903 869 1932 aerumna
888 1908 899 1945 3
922 1903 1007 1931 nox
1030 1896 1094 1931 est
1115 1888 1159 1930 in
1181 1888 1376 1948 superbis
1397 1887 1475 1931 ini-

82 1979 169 2023 que
192 1962 421 2020 agentibus
444 1976 583 2020 usque
614 1958 765 2012 valde,
791 1973 877 2001 nox
899 1958 944 2000 in
962 1956 1094 2000 taedio
1119 1973 1142 2000 a
1173 1959 1471 2016 peccatoribus
1528 1985 1537 1994 ·

86 2032 434 2092 relinquentibus
454 2031 593 2088 legem
610 2029 687 2073 Dei
706 2050 716 2086 3
741 2044 827 2072 nox
843 2037 907 2071 est
933 2037 1152 2087 postremo
1169 2028 1215 2071 in
1236 2028 1332 2073 loco
1353 2044 1473 2088 pere-

89 2104 340 2163 grinationis
371 2103 525 2162 hujus,
565 2100 705 2144 donec
736 2099 884 2143 veniat
911 2099 1122 2143 Dominus
1143 2134 1154 2154 ‚
1187 2108 1231 2143 01
1259 2099 1475 2144 illuminet

88 2173 342 2218 abscondita
365 2172 644 2216 tenebrarum
665 2204 674 2223 ,
701 2178 743 2212 et
764 2167 1057 2212 manifestabit
1079 2169 1359 2228 cogitationes
1380 2185 1472 2214 cor-

90 2243 172 2298 dis,
199 2253 241 2286 et
267 2252 374 2286 tunc
395 2242 489 2285 laus
509 2242 588 2284 erit
610 2239 846 2298 unicuique
869 2254 892 2281 a
916 2241 1020 2282 Deo.
1047 2241 1099 2281 In
1120 2239 1202 2283 hac
1224 2253 1323 2297 ergo
1345 2249 1474 2284 nocte

87 2329 255 2358 memor
275 2314 407 2356 homo
431 2327 519 2355 esse
541 2309 674 2354 debet
694 2309 879 2353 nominis
902 2309 990 2364 Dei⁷
1008 2318 1056 2352 ut
1082 2310 1158 2369 qui
1182 2309 1403 2368 gloriatur,
1426 2311 1473 2354 in

90 2385 276 2430 Domino
298 2383 506 2441 glorietur
531 2401 540 2427 ι
565 2390 742 2441 propter
764 2379 883 2440 quod
917 2389 960 2424 et
993 2379 1103 2424 illud
1138 2381 1344 2440 scriptum
1373 2391 1470 2426 est:

94 2474 115 2497 «
149 2457 248 2501 Non
277 2454 403 2498 nobis
423 2488 434 2508 ,
470 2452 653 2497 Domine
673 2487 684 2506 ‚
719 2466 807 2495 non
844 2450 969 2494 nobis
985 2485 996 2504 ‚
1035 2449 1110 2494 sed
1132 2451 1296 2494 nomini
1318 2459 1396 2497 tuo
1419 2451 1474 2496 da

140 2547 149 2564 ¹
172 2540 255 2573 Psal,
274 2549 381 2580 cxvm,
406 2538 462 2580 53,
481 2536 534 2578 54.
551 2554 592 2561 -
619 2544 631 2560 2
653 2539 729 2570 Luc.
749 2547 782 2577 x,
802 2535 916 2578 30-37.
939 2552 979 2558 —
1004 2534 1017 2559 3
1037 2535 1113 2568 Psal.
1135 2545 1241 2575 cxvm,
1261 2535 1315 2569 55.

1195 2590 1259 2628 29,
