1848 3261
227 235 468 266 minna-ro
499 239 544 266 ιν
576 239 622 265 ΙΝ
654 236 856 266 PsALMUM
887 238 985 276 0111,
1019 234 1158 265 SERMO
1189 240 1250 266 1v.
1345 228 1424 266 171

51 301 171 362 quod
191 302 402 347 dolemus.
429 304 480 347 In
501 301 585 346 illis
603 303 721 346 enim
743 301 916 346 duobus
935 302 1186 346 hominibus
1198 311 1338 346 totum
1355 318 1432 361 ge-

50 388 132 417 nus
154 373 413 417 humanum.
446 371 555 415 Inde
578 387 768 432 propago
800 371 966 426 mortis,
991 370 1093 414 inde
1114 380 1157 414 et
1175 371 1220 414 in
1245 373 1432 430 parvulis

49 442 218 497 debita,
250 442 422 486 delicta.
452 461 471 484 «
498 443 599 495 Quis
627 443 741 485 enim
771 440 977 496 mundus,
1015 442 1073 485 ait
1117 441 1352 500 Scriptura,
1385 442 1432 486 in

51 530 73 554 »
108 522 345 571 conspectu
361 522 439 557 tuo
452 514 469 553 ’ἓ
491 515 578 558 Nec
601 513 742 557 infans
766 513 889 572 cujus
912 521 976 556 est
997 512 1126 556 unius
1144 511 1230 556 diei
1251 512 1339 555 vita
1355 528 1430 556 su-

51 601 71 624 »
107 598 184 641 per
201 591 359 626 terram
376 585 406 626 1.
422 601 442 623 »
470 583 641 626 Tradux
663 581 846 641 peccati,
872 582 1028 625 tradux
1050 582 1201 625 mortis
1222 580 1276 625 de
1290 581 1431 640 primo

46 662 239 712 peccato.
266 654 406 697 Nostis
424 654 539 696 enim
562 662 603 696 et
625 653 733 712 quid
755 652 919 696 dictum
943 661 1007 696 est
1034 651 1222 707 mulieri,
1255 651 1325 695 vel
1352 667 1432 711 po-

47 725 132 768 tius
155 724 359 783 serpenti,
378 739 478 767 cum
502 723 671 767 audiret
693 727 806 767 Deus
821 732 1050 782 peccatum
1071 723 1198 782 primi
1215 723 1428 768 hominis:

50 813 72 837 «
106 798 203 853 Ipsa
223 804 351 839 tuum
373 794 620 839 observabit
647 803 778 854 caput
794 829 804 849 ,
830 803 873 838 et
895 803 944 838 tu
970 795 1061 854 ejus
1079 794 1326 839 observabis
1348 793 1434 838 cal-

19 913 25 916 ,
47 883 68 907 »
104 881 286 909 caneum
301 868 334 908 2.
374 885 392 907 »
437 868 488 909 In
523 880 682 923 magno
720 865 926 923 mysterio
965 865 1128 909 dictum
1146 900 1157 919 ,
1203 865 1248 908 in
1291 866 1432 924 figura

45 934 212 979 dictum
251 934 456 979 Ecclesiae
498 933 688 989 futurae,
733 935 861 979 factae
894 935 948 979 de
972 934 1107 978 latere
1133 934 1215 978 viri
1251 935 1342 989 sui,
1388 944 1432 978 et

43 1005 128 1049 hoc
161 1004 432 1049 dormientis.
478 1007 584 1049 Erat
612 1014 757 1048 autem
795 1005 932 1049 Adam
973 1003 1113 1048 forma
1144 1003 1298 1048 futuri.
1336 1007 1430 1049 Hoc

43 1074 277 1134 Apostolus
304 1074 410 1119 dicit
439 1095 448 1120 :
487 1095 506 1118 «
547 1076 632 1129 Qui
660 1084 724 1119 est
751 1076 891 1119 forma
933 1074 1112 1118 futuriss.
1153 1093 1172 1115 »
1219 1075 1429 1132 Praefigu-

43 1154 187 1188 ratum
216 1155 279 1188 est
310 1145 430 1205 quod
461 1143 660 1188 futurum
685 1155 807 1199 erat,
832 1145 946 1189 facta
974 1154 1038 1189 est
1064 1144 1256 1189 Ecclesia
1290 1144 1430 1188 dela-

44 1224 134 1258 tere
166 1215 339 1259 Domini
374 1215 630 1259 dormientis
667 1216 713 1259 in
737 1231 880 1259 cruce.
907 1218 1017 1260 Nam
1041 1215 1095 1258 de
1118 1215 1253 1258 latere
1289 1215 1431 1259 cruci-

0 1288 1 1293 ’
41 1286 115 1329 fixi
155 1287 412 1344 percusso4,
444 1294 709 1329 sacramenta
741 1286 947 1330 Ecclesiae
969 1286 1284 1345 profluxerunt.
1311 1286 1429 1339 Quid

42 1370 144 1413 ergo
162 1356 329 1400 dictum
351 1364 414 1399 est
435 1355 668 1399 Ecclesiae?
701 1358 725 1399 J
730 1371 798 1398 am
823 1356 955 1399 modo
975 1355 1122 1399 audite
1140 1391 1151 1410 ,
1178 1355 1423 1413 intelligite,

42 1435 190 1470 cavete
215 1445 223 1471 ε
254 1445 271 1466 «
298 1429 394 1485 Ipsa
416 1435 543 1469 tuum
569 1425 816 1469 observabit
835 1435 989 1484 caput,
1015 1434 1058 1469 et
1082 1435 1133 1469 tu
1168 1432 1258 1482 ejus
1285 1425 1427 1470 calca-

45 1513 65 1537 »
101 1512 249 1540 neum.
274 1515 293 1536 »
315 1498 352 1540 O
374 1495 581 1543 Ecclesia,
606 1504 738 1554 caput
762 1496 970 1554 serpentis
992 1496 1187 1539 observa.
1215 1495 1345 1548 Quod
1366 1505 1430 1540 est

42 1576 174 1626 caput
211 1567 444 1626 serpentis?
472 1567 615 1610 Prima
642 1566 809 1625 peccati
842 1567 1072 1624 suggestio.
1104 1566 1235 1610 Venit
1264 1566 1347 1610 'tibi
1383 1567 1429 1610 in

40 1647 233 1682 mentem
271 1637 414 1681 nescio
436 1636 544 1697 quid
565 1636 764 1681 illicitum
794 1656 802 1681 :
838 1636 928 1681 noli
960 1637 1019 1680 ibi
1055 1645 1203 1680 tenere
1236 1646 1426 1681 mentem

40 1717 162 1752 tuam
179 1743 190 1762 ,
215 1707 305 1752 noli
324 1708 583 1752 consentire.
613 1710 706 1751 Hoc
720 1706 840 1767 quod
861 1708 982 1751 venit
1001 1708 1046 1751 in
1067 1716 1274 1761 mentem,
1295 1716 1428 1766 caput

40 1779 248 1838 serpentis
267 1787 329 1822 est
356 1798 365 1823 ;
389 1787 520 1837 caput
537 1777 671 1832 calca,
688 1787 732 1821 et
754 1778 908 1822 evades
929 1786 1107 1821 caeteros
1128 1786 1287 1821 motus.
1308 1777 1427 1831 Quid

40 1857 119 1903 est,
144 1857 275 1908 caput
301 1848 444 1892 calca?
468 1851 611 1907 Ipsam
635 1849 954 1906 suggestionem
976 1856 1223 1891 contemne.
1252 1847 1336 1892 Sed
1356 1847 1427 1891 lu-

40 1933 165 1962 crum
186 1918 396 1977 suggessit
422 1937 430 1962 :
455 1933 664 1976 magnum
682 1918 742 1961 ibi
755 1918 925 1961 lucrum
947 1926 1024 1972 est,
1045 1932 1253 1975 magnum
1273 1917 1336 1961 ibi
1351 1933 1425 1961 au·

40 2003 137 2031 rum
165 1997 250 2045 est,
280 1988 315 2031 si
337 1988 449 2031 hanc
479 1986 676 2031 fraudem
700 1987 867 2043 feceris,
893 1988 1012 2032 dives
1033 1988 1130 2031 eris.
1163 1989 1305 2046 Caput
1333 2003 1423 2031 ser-

39 2058 180 2117 pentis
194 2067 272 2106 est,
283 2057 414 2101 calca.
431 2058 543 2110 Quid
556 2067 634 2111 est,
651 2059 793 2102 calca?
807 2060 1050 2102 Contemne
1060 2059 1179 2118 quod
1194 2058 1417 2116 suggessit.

42 2128 126 2173 Sed
150 2143 356 2186 magnum
386 2143 540 2172 aurum
570 2129 792 2186 suggessit.
824 2132 881 2172 Et
911 2128 1017 2189 quid
1039 2128 1214 2188 prodest
1234 2128 1417 2183 homini,

39 2199 74 2242 si
91 2196 232 2243 toturn
261 2198 477 2242 mundum
498 2199 706 2252 lucretur,
729 2199 883 2243 animae
901 2209 1047 2243 autem
1069 2216 1157 2243 suae
1179 2199 1419 2243 detrimen-

39 2279 134 2313 tum
175 2270 414 2329 parianu—⁵?
447 2274 597 2314 Pereat
636 2270 790 2314 mundi
822 2270 1010 2325 lucrum,
1051 2286 1107 2314 ne
1150 2270 1224 2314 fiat
1264 2270 1419 2314 animae

40 2339 264 2384 damnum.
296 2343 399 2384 Haec
421 2339 589 2395 dicens,
616 2341 852 2385 observasti
870 2351 1000 2400 caput
1017 2341 1242 2400 serpentis,
1268 2350 1311 2384 et
1329 2339 1420 2384 cal-

39 2412 156 2455 casti.
184 2410 263 2455 Ille
283 2421 429 2455 autem
445 2411 644 2456 diabolus
657 2411 909 2456 calcaneum
927 2422 1050 2456 tuum
1069 2412 1282 2457 observat.
1305 2410 1421 2465 Quid

89 2507 97 2524 ¹
121 2506 194 2538 Job.
222 2518 287 2547 xlv,
308 2505 340 2548 4,
355 2507 386 2538 5.
403 2525 444 2530 —-
464 2515 477 2530 ²
492 2510 640 2548 Gen.111,
666 2508 716 2540 15.
738 2526 779 2531 ——
801 2507 813 2531 3
844 2507 1052 2550 Ron1.v,14.
1073 2526 1115 2532 -—
1133 2508 1149 2538 4
1168 2511 1345 2548 Joan.x1x‚
1366 2506 1420 2549 34.

41 2580 79 2585 -
106 2552 118 2574 ⁵
136 2563 248 2594 Matth.
268 2574 332 2604 xvi,
353 2563 408 2595 26.
