1848 3261
379 212 464 251 386
805 218 840 249 s.
874 218 1104 250 Aucusnm
1134 220 1317 249 1:121500121

369 289 421 332 fit
456 300 555 342 ore,
594 286 671 330 sed
705 285 851 332 corde.
889 286 1156 346 Hypocrsta,
1187 284 1223 329 si
1244 284 1349 330 dicis
1371 294 1415 330 te
1434 283 1598 329 habere
1617 315 1629 337 ,
1655 297 1758 327 cmn

369 357 517 402 credas
534 365 577 400 te
599 371 689 401 non
703 355 864 400 habere
881 366 1112 415 peccatum
1132 375 1143 413 3
1162 354 1267 400 foris
1288 356 1416 415 fingis
1432 353 1728 399 humilitatem
1742 387 1754 409 ,

366 428 482 472 intus
509 427 782 487 amplecteris
817 427 1069 471 vanitatem.
1102 429 1219 484 Ergo
1242 434 1286 470 et
1318 426 1365 470 in
1386 441 1460 470 ore
1481 434 1524 470 et
1556 425 1603 469 in
1626 423 1758 469 corde

364 515 456 544 non
480 499 611 544 habes
639 498 880 543 veritatem.
906 497 1025 550 Quid
1046 498 1126 542 tibi
1147 497 1325 557 prodest
1348 497 1488 541 videri
1505 495 1758 541 hominibus

362 569 529 615 humile
547 584 636 613 esse
657 568 776 628 quod
800 567 906 612 dicis
921 603 932 623 ,
958 569 993 612 si
1013 572 1127 613 Deus
1143 568 1264 614 videt
1285 567 1424 612 altum
1445 582 1535 612 esse
1553 566 1673 627 quod
1690 582 1757 610 sa—

363 640 459 700 pis?
484 642 612 686 Certe
639 639 673 683 si
705 638 882 683 auribus
912 637 1112 683 divinum
1134 639 1358 683 insonaret
1383 636 1634 691 oraculum,
1659 635 1759 681 Noli

364 710 503 755 altum
520 709 662 754 dicere
689 728 699 755 ι
723 725 804 754 nec
833 709 893 754 sic
916 709 1133 754 immerito
1157 709 1447 764 damnareris,
1469 708 1504 753 si
1525 706 1691 752 humile
1712 706 1760 750 in

366 796 440 826 ore
475 795 623 825 coram
647 780 899 825 hominibus
914 814 926 835 ,
952 788 996 824 et
1017 778 1156 824 altum
1178 780 1225 824 in
1256 779 1387 825 corde
1408 794 1556 824 coram
1578 777 1759 822 Domino

363 850 617 913 loquereris.
653 853 768 897 Cum
798 866 902 897 vero
937 850 1114 896 audias:
1141 869 1163 894 «
1185 850 1284 897 Noli
1309 850 1448 896 altum
1473 865 1623 910 sapere
1639 883 1650 903 ,
1682 847 1760 893 sed

368 940 390 963 »
425 922 554 966 time1
576 942 587 979 3
612 939 634 963 »
655 923 778 980 (non
800 916 917 965 enim
947 921 1022 977 ait,
1049 921 1209 977 dicere,
1235 920 1334 977 sed,
1350 936 1523 981 sapere:
1543 925 1557 977 )
1575 935 1652 965 cur
1669 934 1759 964 non

366 992 498 1036 etiam
519 992 638 1036 intus
655 1007 698 1036 es
719 991 896 1036 humilis
921 992 998 1036 ubi
1017 991 1127 1051 sapis
1140 993 1158 1033 ⁴?
1171 994 1240 1036 An
1264 991 1362 1036 ideo
1386 1007 1507 1034 mens
1530 990 1759 1034 altitudine

365 1064 544 1107 inflatur
560 1098 572 1118 ,
592 1072 643 1107 ut
658 1062 953 1107 humilitatem
972 1061 1123 1122 lingua
1139 1062 1405 1106 mentiatur?
1425 1062 1548 1119 Legis
1566 1096 1576 1116 ,
1595 1060 1664 1105 vel
1684 1076 1761 1104 au-

366 1133 446 1188 dis,
468 1152 485 1173 «
501 1132 601 1179 Noli
616 1134 754 1178 altum
770 1149 941 1193 sapere,
961 1133 1035 1177 sed
1061 1134 1167 1178 time
1189 1152 1198 1178 :
1224 1154 1241 1175 »
1259 1142 1302 1177 et
1321 1142 1370 1177 tu
1386 1133 1431 1176 in
1449 1141 1619 1176 tantum
1645 1131 1757 1190 sapis

366 1203 504 1249 altum
520 1239 531 1259 ‚
557 1212 608 1248 ut
635 1213 678 1248 te
700 1213 926 1263 peccatum
949 1204 1161 1248 existimes
1184 1219 1274 1248 non
1296 1203 1484 1261 habere,
1506 1218 1555 1247 ac
1576 1217 1653 1261 per
1673 1203 1758 1246 hoc

366 1274 468 1334 quia
495 1265 585 1319 non
605 1275 668 1319 vis
696 1275 869 1330 timere,
895 1275 1006 1319 nihil
1043 1274 1121 1319 tibi
1159 1273 1279 1319 aliud
1301 1283 1496 1318 remanet
1519 1288 1652 1334 quam
1685 1281 1758 1317 tu-

369 1359 504 1389 mere.

428 1417 485 1459 II.
511 1417 568 1458 Et
600 1413 747 1468 unde,
779 1413 923 1473 inquis
940 1448 951 1468 ,
979 1414 1191 1473 scriptum
1227 1421 1290 1457 est
1321 1432 1330 1458 ε
1367 1431 1388 1455 «
1411 1415 1509 1458 Non
1541 1413 1657 1457 enim
1684 1413 1761 1473 qui

370 1502 391 1525 ³)
427 1494 665 1543 operantur
681 1484 973 1543 iniquitatem,
998 1484 1045 1527 in
1065 1484 1144 1528 viis
1166 1484 1256 1543 ejus
1280 1482 1645 1528 ambulaverunt?
1661 1486 1761 1526 »An

366 1570 469 1599 vero
497 1555 632 1599 sancti
660 1554 835 1598 Domini
864 1569 953 1598 non
980 1554 1209 1598 ambulant
1230 1555 1275 1599 in
1304 1554 1382 1598 viis
1403 1554 1608 1598 Domini?
1630 1552 1760 1607 Quod

368 1625 403 1669 si
424 1625 654 1670 ambulant
674 1660 684 1680 ,
710 1625 877 1684 inquit,
913 1640 1003 1668 non
1029 1634 1266 1683 operantur
1286 1625 1561 1685 iniquitatem
1588 1624 1652 1669 :si
1669 1640 1760 1669 non

367 1705 603 1755 operantur
636 1695 913 1755 iniquitatem
932 1729 942 1749 ,
985 1710 1076 1738 non
1110 1695 1273 1739 habent
1308 1704 1569 1754 peccatum,
1597 1713 1618 1737 «
1640 1699 1759 1748 Quo-

369 1785 390 1808 »
426 1767 543 1810 niam
565 1775 794 1826 peccatum
815 1765 1019 1825 iniquitas
1040 1774 1104 1809 est
1120 1769 1152 1809 ².
1180 1783 1201 1806 »
1227 1768 1401 1824 Exurge
1422 1766 1467 1809 in
1491 1765 1756 1825 adjutorium

366 1837 490 1892 mihi,
510 1837 695 1881 Domine
713 1839 816 1880 Jesu
831 1870 841 1890 ,
885 1844 928 1879 et
965 1844 1118 1879 contra
1153 1836 1407 1879 haereticum
1430 1836 1757 1894 superbientem

368 1907 581 1966 opitulare
609 1907 716 1950 mihi
736 1922 810 1965 per
833 1904 1092 1965 Apostolum
1109 1907 1408 1950 confitentem.
1435 1909 1548 1951 Ecce
1564 1941 1575 1961 ,
1601 1906 1679 1950 ubi
1696 1915 1760 1950 est

366 1978 500 2022 homo
533 1987 631 2021 tuus
660 1977 908 2020 exinaniens
925 1991 969 2019 se
987 2011 997 2031 ,
1024 1985 1075 2020 ut
1091 1975 1324 2036 impleatur
1341 1978 1415 2020 te?
1438 1979 1586 2036 Ipsum
1608 1976 1760 2020 audia-

368 2064 489 2105 mus,
512 2048 663 2093 fratres
680 2048 792 2105 mei,
816 2049 958 2107 ipsum
980 2047 1034 2091 de
1057 2048 1137 2092 hac
1155 2048 1413 2108 quaestione,
1440 2048 1473 2092 si
1495 2048 1652 2107 placet,
1670 2049 1758 2092 imo

366 2119 469 2179 quia
491 2119 632 2179 placet
648 2154 659 2173 ‚
683 2118 1015 2177 interrogemus.
1048 2118 1126 2163 Dic
1147 2118 1298 2173 nobis,
1328 2117 1461 2162 Paule
1483 2118 1753 2172 beatissime,

366 2199 514 2233 utrum
539 2188 825 2234 ambulaveris
844 2189 890 2231 in
921 2189 999 2232 viis
1032 2188 1206 2232 Domini
1223 2223 1235 2243 ,
1269 2204 1370 2232 cum
1393 2188 1438 2232 in
1459 2204 1588 2232 carne
1611 2187 1754 2232 adhuc

365 2261 560 2305 viveres?
577 2259 828 2319 Respondet
847 2278 855 2304 z
876 2262 933 2303 Et
954 2259 1071 2303 unde
1090 2258 1289 2303 dicebam
1310 2278 1318 2303 ;
1339 2278 1359 2301 «
1380 2261 1691 2303 Verumtamen
1707 2260 1754 2303 in

368 2349 388 2373 »
424 2331 546 2392 quod
578 2331 873 2391 pervenimus,
904 2330 951 2374 in
984 2345 1035 2375 eo
1065 2329 1400 2374 ambulemus3?
1426 2349 1444 2372 »
1475 2330 1599 2374 Unde
1631 2329 1752 2374 dice-

366 2402 469 2447 bam
495 2422 504 2448 :
540 2401 802 2461 «Numquid
831 2401 1115 2446 circumvenit
1135 2417 1211 2445 vos
1236 2401 1390 2445 Titus?
1419 2404 1574 2447 Nonne
1596 2400 1749 2446 eodem

371 2489 392 2513 ³>
427 2473 581 2531 spiritu
603 2470 949 2517 ambulavimus?
971 2486 1117 2517 nonne
1140 2471 1291 2515 iisdem
1312 2471 1500 2530 vestigiis
1516 2472 1562 2514 4?
1582 2488 1602 2513 »
1629 2469 1754 2515 Unde

424 2562 433 2578 ¹
454 2556 544 2589 Rom.
562 2567 606 2598 xx,
622 2565 675 2589 20.
698 2572 739 2579 —
759 2562 772 2579 2
790 2567 803 2588 1
819 2558 908 2589 Joan.
927 2554 976 2597 in,
995 2554 1028 2597 4.
1046 2571 1088 2578 —-
1105 2553 1118 2580 3
1136 2554 1249 2597 Philip.
1269 2565 1318 2597 111,
1342 2555 1394 2587 16.
1413 2554 1483 2585 -4
1499 2563 1519 2587 2
1536 2555 1610 2589 Cor.
1629 2565 1684 2596 xu,
1700 2554 1749 2587 18.
