1848 3261
231 217 472 248 ENARRATm
503 220 549 247 m
580 216 782 248 PsALMUM
812 218 973 255 can,
1008 216 1147 246 SERMO
1178 220 1305 246 xv111⁴
1376 207 1460 247 465

82 298 184 344 ergo
205 284 513 343 intelligendus
535 293 598 328 est
619 282 773 327 dixisse
792 316 803 336 ,
833 300 854 324 «
879 283 936 326 Ut
958 281 1117 326 discam
1133 283 1463 342 justificationes

85 371 107 395 »
141 363 252 408 tuas,
277 372 298 395 »
323 369 373 398 ea
395 354 548 398 notitia
567 370 652 414 qua
674 354 800 397 fiunt.

139 426 194 467 X.
221 426 315 468 Hoc
344 433 489 468 autem
516 424 617 484 quia
639 438 728 467 non
754 423 804 466 fit
839 421 920 465 nisi
957 437 1034 481 per
1056 420 1359 478 dilectionem,
1384 424 1464 467 ubi

79 494 155 553 qui
177 492 280 538 facit
300 494 433 538 habet
453 494 808 547 delectationem,
840 501 1016 551 propter
1038 492 1158 551 quod
1180 491 1347 536 dictum
1369 501 1433 536 est
1447 527 1458 547 ,

84 583 105 605 «
137 566 189 607 In
206 573 279 608 tua
300 565 509 608 suavitate
524 564 630 608 doce
645 578 713 606 me
731 563 1060 622 justificationes
1084 572 1178 606 tuas
1200 581 1209 606 :
1235 581 1254 603 »
1280 577 1464 621 sequens

79 649 226 678 versus
248 635 436 679 ostendit
455 670 466 690 ‚
490 635 568 678 ubi
590 635 673 689 ait,
702 653 722 675 «
746 637 864 678 Bona
887 634 993 677 mihi
1009 632 1077 676 lex
1101 633 1185 677 oris
1213 633 1304 687 tui,
1330 648 1460 691 super

83 721 104 745 »
138 703 272 748 millia
294 705 386 749 auri
407 713 450 748 et
471 704 679 762 argenti¹.
699 721 718 744 n
737 706 793 748 Ut
814 703 998 762 amplius
1023 702 1174 762 diligat
1196 703 1379 747 charitas
1393 701 1462 745 lc-

80 789 177 833 gem
197 775 302 832 Dei,
327 790 461 836 quam
480 774 623 834 diligit
639 774 854 834 cupiditas
870 772 1009 818 millia
1029 774 1123 817 auri
1139 782 1183 818 et
1203 773 1385 832 argenti.

662 939 892 946 ——-

549 1053 767 1094 SERMO
813 1054 998 1093 XVIII.

136 1211 170 1251 I.
197 1210 378 1262 QUANDO
395 1211 508 1252 Deus
525 1209 749 1252 hominem
771 1207 875 1252 fecit
892 1222 943 1251 ex
964 1206 1143 1266 pulvere
1158 1239 1168 1259 ‚
1193 1213 1236 1247 et
1258 1204 1465 1248 animavit

77 1279 188 1323 flatu
208 1314 219 1332 ‚
239 1294 329 1322 non
344 1278 406 1322 ibi
429 1288 817 1323 commemoratum
841 1288 904 1322 est
926 1277 1046 1338 quod
1065 1275 1266 1320 manibus
1291 1274 1456 1320 fecerit.

74 1352 165 1394 Cur
199 1350 345 1409 itaque
370 1349 635 1409 quibusdam
666 1351 809 1394 visum
831 1348 963 1393 fuerit
989 1347 1123 1392 verbo
1152 1350 1290 1391 Deum
1313 1345 1464 1390 fecisse

73 1428 229 1463 caetera
249 1454 259 1474 ‚
287 1419 510 1463 hominem
540 1435 643 1464 vero
673 1418 794 1464 velut
824 1417 989 1478 aliquid
1020 1417 1290 1477 praecipuum
1311 1415 1463 1459 fecisse

72 1489 276 1533 manibus
295 1489 380 1533 suis
401 1524 412 1544 ‚
432 1505 523 1533 non
545 1488 672 1534 video
698 1509 707 1533 ε
729 1489 809 1532 nisi
841 1488 953 1533 forte
981 1488 1081 1548 quia
1104 1503 1154 1530 ex
1170 1486 1349 1545 pulvere
1367 1483 1459 1528 for-

71 1569 240 1603 matum
263 1558 422 1618 legitur
443 1559 630 1604 hominis
662 1562 876 1619 corpus²‚
911 1574 1002 1602 non
1033 1557 1223 1616 potuisse
1258 1554 1351 1598 fieri
1378 1553 1459 1597 nisi

71 1629 275 1673 manibus
312 1630 601 1687 arbitrantur3
638 1645 719 1674 nec
752 1627 986 1673 attendunt
1007 1627 1129 1688 quod
1155 1627 1201 1670 in
1221 1624 1456 1682 Evangelio

71 1697 126 1743 dc
158 1699 304 1743 Verbo
338 1699 415 1743 Dei
450 1699 660 1758 scriptum
694 1708 784 1754 est,
821 1717 842 1740 ι(
877 1697 1034 1742 Omnia
1062 1711 1139 1756 per
1177 1696 1318 1754 ipsum
1344 1693 1456 1737 facta

72 1786 94 1810 »
129 1771 282 1824 sunt3⁷
309 1787 330 1810 ν
355 1784 447 1814 non
473 1785 597 1828 posse
631 1778 842 1821 constare,
861 1769 894 1812 si
914 1783 1003 1811 non
1033 1782 1109 1825 per
1134 1766 1330 1809 Verbum
1364 1763 1459 1807 fac-

70 1848 163 1883 tum
195 1849 259 1883 est
281 1840 412 1883 etiam
448 1832 605 1898 co'rpus
628 1840 888 1882 humanum.
923 1837 1007 1882 Sed
1030 1836 1242 1881 adhibent
1260 1835 1457 1879 testimo-

69 1909 192 1953 nium
223 1910 277 1952 de
298 1910 383 1953 hoc
421 1908 593 1953 Psalmo
614 1944 625 1963 ,
651 1918 694 1953 et
726 1908 899 1963 dicunt,
924 1911 1037 1952 Ecce
1075 1906 1151 1951 ubi
1191 1905 1455 1964 apertissime

68 1979 227 2025 clamat
248 1981 380 2025 homo
399 2016 409 2035 ,
451 2000 472 2023 ‹<
504 1984 660 2025 Manus
691 1989 778 2024 tuae
812 1979 1010 2023 fecerunt
1032 1992 1102 2021 me
1123 2013 1133 2032 ‚
1165 1986 1207 2020 ct
1232 1977 1455 2019 finxerunt

72 2068 94 2092 >›
129 2051 244 2093 me⁴.
279 2069 299 2092 »
322 2051 454 2103 Quasi
481 2066 571 2094 non
600 2059 746 2109 aperte
774 2050 905 2094 etiam
938 2048 1103 2092 dictum
1127 2048 1206 2102 sit,
1237 2065 1257 2088 t(
1282 2045 1454 2090 Videbo

71 2138 92 2162 »
127 2119 260 2164 coelos
285 2136 416 2180 opera
438 2120 674 2179 digitorum
696 2130 872 2164 tuorum
887 2122 917 2163 ⁵.
950 2138 969 2160 »
996 2121 1084 2164 Nec
1106 2118 1248 2161 minus
1278 2126 1423 2175 aperte
1439 2151 1450 2172 ‚

77 2210 98 2233 «
131 2194 188 2235 Et
207 2207 335 2250 opera
377 2206 588 2234 manuum
631 2200 808 2235 tuarum
845 2198 948 2234 sunt
979 2189 1080 2233 coeli
1105 2190 1136 2232 ⁶.
1172 2206 1191 2229 »
1219 2186 1449 2247 Multoque

71 2262 260 2320 apertius
277 2279 350 2316 ,.«
372 2264 430 2305 Et
461 2261 626 2305 aridam
654 2271 812 2305 terram.
840 2276 993 2304 manus
1022 2261 1112 2319 ejus
1139 2259 1400 2317 finxerunt&
1429 2276 1449 2299 »

70 2335 226 2376 Manus
259 2346 361 2389 ergo
396 2331 473 2374 Dei
506 2340 607 2375 sunt
636 2340 821 2391 potestas
847 2331 936 2374 Dei.
963 2333 1051 2374 Aut
1084 2329 1118 2373 si
1150 2327 1327 2387 pluralis
1364 2343 1450 2372 nu-

70 2417 214 2446 merus
245 2417 317 2446 eos
348 2410 522 2457 movet,
558 2402 665 2462 ¹quia
693 2418 783 2446 non
818 2400 985 2444 dictum
1026 2408 1112 2454 est,
1154 2414 1308 2442 manus
1347 2407 1447 2453 tua,

120 2504 129 2520 ¹
147 2497 226 2529 Psal.
248 2507 357 2538 cxvm,
378 2505 431 2538 72.
453 2514 495 2519 —-
519 2505 531 2519 ²
550 2499 629 2530 Gen.
650 2508 686 2535 11,
707 2508 737 2539 7.
758 2514 799 2520 —-
821 2495 833 2519 3
851 2497 940 2527 Joan.
968 2506 989 2536 ι,
1018 2493 1048 2526 3.
1077 2511 1117 2516 —-
1136 2493 1149 2524 4
1170 2494 1248 2526 Psal.
1275 2493 1452 2536 cxv111‚73.

73 2569 115 2575 —-
133 2550 207 2584 ⁵1d.
229 2550 408 2593 v11174—
425 2549 440 2573 ‘3
457 2552 503 2584 Id.
524 2563 565 2594 ci,
583 2553 638 2584 26.
659 2569 699 2574 —-
723 2560 734 2585 ἲ
755 2552 799 2584 Id.
820 2562 899 2593 xc1v,
921 2551 951 2582 5.

286 2615 424 2646 cxvn.
1244 2605 1293 2643 30
