1848 3261
240 216 479 245 ENARRA‘rlo
511 217 544 242 11
576 216 621 243 m
654 214 856 243 PSALMUM
888 216 952 253 cr,
987 214 1126 243 senmo
1158 217 1205 243 11.
1377 203 1432 244 45

50 283 196 326 vitur‘?
216 299 236 323 «
260 284 368 335 Quae
389 280 624 335 solveritis,
652 281 818 342 inquit,
845 281 891 324 in
913 289 1047 335 terra,
1073 290 1204 325 erunt
1230 268 1375 326 solutav
1393 290 1438 326 et

52 370 73 393 »
107 353 151 396 in
173 350 286 396 coelo
303 354 333 394 ¹.
363 370 382 392 »
402 351 557 396 Merito
580 366 656 411 per
676 350 913 396 Ecclesiam
936 351 1029 394 dari
1051 349 1212 394 solutio
1236 360 1438 409 peccato·-

49 437 146 465 rum
172 430 343 481 potest:
374 421 570 465 suscitari
606 430 750 465 autem
773 421 865 480 ipse
894 429 1092 465 mortuus
1115 420 1288 464 nonnisi
1320 421 1438 466 intus

49 490 262 536 clamante
291 491 474 536 Domino
509 500 650 550 potest
677 510 685 536 :
722 491 817 535 haec
846 491 962 534 enim
994 493 1106 535 Deus
1129 489 1308 534 interius
1330 491 1433 549 agit.

51 562 292 622 Loquimur
314 561 369 606 ad
399 577 522 606 aures
544 571 726 616 vestras,
753 560 871 605 unde
904 553 1062 605 scimus
1089 559 1198 621 quid
1217 570 1367 618 agatur
1388 561 1435 605 in

50 632 255 677 cordibus
277 632 461 677 vestris?
483 631 611 686 Quod
635 641 781 676 autem
802 631 920 675 intus
937 631 1105 691 agitur,
1132 646 1221 675 non
1243 646 1266 675 a
1288 631 1430 685 nobis,

51 703 126 748 sed
142 703 197 746 ab
222 702 296 746 illo
315 703 472 761 agitur.

111 775 186 817 IV.
217 773 420 831 Respexit
444 788 546 831 ergo
573 792 592 815 α
624 775 680 817 Ut
706 771 843 817 solvat
876 771 985 817 filios
1008 772 1382 817 mortificatorum.
1411 791 1432 814 η

52 849 244 898 Quorum
264 844 619 887 mortificatorum
640 843 832 898 audistis,
849 859 958 904 quos
980 843 1091 888 filios
1113 843 1306 889 audistis.
1320 844 1436 897 Quid

52 916 166 959 enim
185 914 287 958 inde
303 916 322 958 Ρ
338 916 426 958 «Ut
440 916 723 959 annuntietur
739 915 785 958 in
805 915 907 959 Sion
924 930 1085 959 nomen
1109 915 1324 960 Domini.»
1342 915 1437 958 Pri-

53 1002 124 1030 mo
159 987 275 1030 enim
302 985 582 1045 premebatur
613 985 827 1041 Ecclesia,
859 986 1037 1046 quando
1062 987 1439 1031 mortificabantur

53 1057 290 1117 compediti
316 1075 324 1101 :
349 1065 447 1116 post
473 1056 565 1101 illas
602 1072 818 1116 pressuras
846 1057 1131 1100 annuntiatur
1161 1057 1206 1100 in
1232 1057 1333 1102 Sion
1356 1074 1438 1102 no-

54 1143 154 1171 men
177 1126 372 1182 Domini,
398 1142 497 1170 cum
521 1142 677 1186 magna
695 1126 917 1182 libertate,
942 1127 988 1170 in
1004 1127 1094 1186 ipsa
1111 1127 1318 1172 Ecclesia.
1343 1131 1440 1185 Ipsa

54 1198 170 1241 enim
197 1198 327 1254 Sion3
362 1212 451 1241 non
482 1196 556 1240 ille
577 1212 691 1240 unus
718 1196 838 1240 locus
860 1197 999 1256 primo
1021 1197 1259 1256 superbus,
1291 1208 1440 1256 postea

54 1268 319 1328 captivatus3
340 1267 416 1312 sed
437 1267 540 1312 Sion
561 1268 685 1327 cujus
703 1267 859 1312 umbra
881 1276 974 1311 erat
994 1267 1067 1311 illa
1093 1267 1195 1313 Sion
1215 1303 1225 1323 ,
1251 1284 1350 1328 quae
1373 1269 1442 1312 in-

55 1347 317 1398 terpretatur
341 1337 588 1398 Speculatio
606 1359 616 1395 3
635 1348 866 1397 propterea
888 1339 991 1398 quia
1014 1338 1060 1382 in
1076 1354 1205 1383 carne
1223 1339 1350 1398 positi
1371 1340 1438 1383 vi-

55 1408 208 1454 demus
230 1408 277 1451 in
297 1408 441 1467 priora
456 1443 467 1463 ,
498 1407 779 1455 extendentes
805 1424 884 1452 nos
906 1424 996 1453 non
1027 1408 1083 1452 ad
1113 1424 1299 1468 praesens
1320 1410 1441 1470 quod

55 1490 120 1524 est
136 1514 146 1534 ,
172 1481 248 1523 sed
271 1478 327 1522 ad
348 1478 394 1522 id
410 1478 532 1539 quod
557 1478 760 1523 futurum
783 1488 860 1523 est.
889 1479 992 1523 Ideo
1015 1479 1266 1538 speculatio.
1289 1481 1440 1524 Omnis

56 1551 170 1595 enim
194 1549 438 1610 speculator
458 1549 589 1608 longe
604 1550 825 1609 prospicit.
855 1549 1038 1609 Specula
1060 1549 1220 1594 dicitur
1235 1586 1245 1605 ,
1271 1553 1348 1595 ubi
1367 1568 1442 1610 po-

57 1631 224 1666 nuntur
245 1621 446 1665 custodes
477 1640 486 1665 :
522 1621 636 1665 fiunt
657 1621 750 1665 istae
771 1621 958 1680 speculae
982 1621 1028 1664 in
1049 1622 1158 1665 saxis
1173 1657 1183 1677 ,
1209 1623 1254 1665 in
1276 1624 1442 1668 monti-

58 1694 166 1748 bus,
191 1693 236 1736 in
259 1692 508 1747 arboribus,
543 1691 598 1736 ad
623 1692 705 1737 hoc
726 1702 777 1736 ut
795 1692 850 1736 de
882 1692 979 1737 loco
1002 1693 1286 1738 eminentiore
1313 1693 1442 1752 longo

57 1763 271 1809 videatur.
295 1763 398 1808 Sion
421 1776 521 1821 ergo
543 1763 781 1823 speculatio
796 1798 806 1818 ,
832 1763 1024 1808 Ecclesia
1051 1763 1303 1823 speculatio.
1319 1766 1443 1809 Unde

58 1834 325 1895 speculatio?
347 1837 493 1892 Longe
514 1834 683 1889 videre,
708 1835 792 1878 hoc
808 1844 872 1878 est
894 1834 1147 1894 speculatio.
1178 1854 1197 1877 «
1219 1836 1360 1880 Labor
1381 1846 1446 1881 est

61 1924 83 1947 »
118 1904 233 1949 enim
251 1912 352 1947 ante
375 1918 466 1957 me,
493 1903 632 1947 donec
655 1903 867 1947 introeam
888 1904 934 1948 in
956 1904 1250 1948 sanctuarium
1273 1905 1378 1960 Dei,
1403 1915 1446 1950 ct

64 1995 84 2017 »
119 1973 361 2032 intelligam
382 1972 428 2016 in
447 1973 717 2017 novissima2.
739 1972 914 2025 »Qualis
932 1973 1184 2033 speculatio,
1204 1974 1447 2034 intelligere

61 2046 107 2089 in
127 2044 389 2089 novissima?
410 2043 605 2087 Transire
622 2058 739 2086 mare
761 2042 975 2098 videndo,
999 2059 1088 2088 non
1108 2045 1353 2103 navigando
1369 2080 1379 2100 ,
1405 2054 1449 2090 et

61 2116 258 2161 habitare
278 2115 325 2158 in
345 2123 531 2158 extrema
560 2113 740 2168 maris3,
767 2112 813 2157 id
835 2123 920 2169 est,
955 2114 1018 2158 ibi
1047 2130 1208 2174 ponere
1233 2131 1351 2175 spem
1367 2151 1377 2170 ,
1402 2117 1448 2160 in

63 2202 115 2232 eo
144 2184 264 2246 quod
293 2186 374 2229 erit
401 2184 526 2228 finito
553 2183 727 2228 saeculo.
760 2186 876 2242 Ergo
904 2184 938 2228 si
967 2184 1160 2230 Ecclesia
1185 2185 1446 2245 speculatio,

63 2256 125 2300 ibi
141 2257 232 2316 jam
254 2255 539 2298 annuntiatur
567 2269 728 2298 nomen
760 2253 948 2297 Domini,
988 2257 1085 2299 Non
1121 2254 1263 2299 solum
1289 2272 1451 2301 nomen

66 2327 239 2372 Domini
255 2326 300 2369 in
321 2326 402 2369 bac
428 2325 530 2370 Sion
552 2324 838 2368 annuntiatur
855 2359 865 2379 ,
894 2324 989 2380 sed,
1020 2344 1039 2367 «
1065 2328 1121 2370 Et
1143 2324 1259 2381 laus,
1281 2327 1447 2386 inquit,

70 2416 90 2439 »
126 2398 170 2440 in
193 2396 446 2440 Jerusalem.
472 2414 491 2436 »

129 2469 180 2510 V.
209 2470 263 2510 Et
281 2466 501 2527 quomodo
523 2468 840 2510 annuntiatur?
866 2486 884 2508 α
914 2470 963 2509 In
991 2467 1291 2513 conveniendo
1312 2483 1454 2529 popu-

117 2559 125 2574 *
151 2551 261 2583 Marah.
278 2563 340 2592 xvi,
361 2560 414 2592 ἒς).
432 2567 469 2571 -
493 2557 503 2572 ²
521 2549 598 2581 Psul.
618 2561 713 2590 mxu,
736 2550 784 2590 16,
817 2561 866 2590 ις.
886 2567 925 2572 --
947 2548 959 2572 3
979 2551 1024 2582 M.
1043 2561 1192 2592 cxxxx-111,
1211 2563 1241 2593 ς).
