1848 3261
462 189 705 223 ENARRATIO
735 193 783 222 m
812 189 1018 222 rsALMUM
1046 195 1114 223 cx.
1391 186 1472 226 311

639 413 846 433 mmm

1062 414 1481 437 mmmmm

94 414 426 434 mmmm

595 545 981 597 ENARRATIO

525 719 588 759 IN
632 717 933 760 PSALMUM
983 717 1077 760 CX.

560 872 711 917 Sermo
733 870 788 916 ad
808 870 1028 931 plebem¹.

154 1029 190 1071 I.
211 1028 454 1072 Viam-:num
475 1025 567 1072 dies
587 1036 639 1072 ut
659 1036 884 1072 cantemus
902 1026 1121 1073 Alleluia.
1148 1029 1294 1073 adeste
1316 1030 1485 1088 animo,

93 1099 270 1152 fratres,
308 1097 365 1141 ad
385 1097 664 1156 percipienda
686 1114 786 1155 quae
807 1098 1018 1140 Dominus
1037 1113 1111 1141 suo
1091 1099 1229 1157 „geiit
1253 1099 1306 1144 ad
1330 1101 1488 1147 exhor-

93 1169 303 1213 tationem
325 1177 542 1222 nostiam,
580 1175 624 1210 et
646 1165 925 1210 nutriendam
947 1167 1198 1213 charitatem
1216 1187 1342 1231 ,qua
1363 1172 1495 1216 nobis-

92 1239 304 1283 inhaerere
330 1241 421 1283 Deo
442 1238 611 1282 honum
633 1245 711 1280 est.
737 1235 897 1281 Adeste
921 1238 1065 1283 animo
1087 1248 1329 1286 cantatores
1351 1242 1457 1287 boni
1472 1279 1483 1299 ‚

91 1309 170 1353 filii
201 1308 343 1353 laudis
371 1317 414 1352 et
440 1307 589 1367 gloriae
619 1307 895 1366 sempiternae
929 1309 1020 1352 veri
1051 1319 1095 1354 et
1116 1311 1355 1372 incorrupti
1388 1313 1482 1359 Dei.

91 1379 275 1435 Adeste,
301 1379 479 1434 intenti,
500 1379 576 1439 qui
595 1379 729 1422 nostis
751 1387 926 1423 cantare
949 1389 992 1424 et
1013 1380 1197 1440 psallere
1213 1383 1259 1426 in
1282 1383 1486 1430 cordibus

90 1451 242 1496 vestris
265 1451 478 1506 Domino,
511 1450 668 1509 gratias
696 1465 866 1509 semper
888 1461 1061 1510 agentes
1083 1453 1129 1497 in
1151 1455 1355 1501 omnibus
1371 1460 1389 1483 ²
1409 1476 1418 1501 ε
1444 1467 1488 1503 et

90 1519 266 1565 laudate
296 1524 435 1565 Deum
458 1541 469 1578 ς
493 1521 578 1565 hoc
600 1529 664 1564 est
685 1520 801 1564 enim
827 1520 1029 1566 AUelnia.
1056 1525 1112 1567 Et
1128 1524 1175 1568 hi
1196 1526 1375 1586 quidem
1397 1525 1488 1572 dies
1545 1582 1548 1584 v

90 1592 275 1637 veniunt
310 1592 560 1647 transituri,
595 1600 912 1653 transeuntque
939 1595 1137 1651 venturi,
1168 1605 1212 1640 et
1244 1597 1488 1655 significant

90 1662 206 1706 diem
227 1663 302 1722 qui
330 1677 421 1706 non
441 1661 562 1706 venit
583 1671 627 1705 et
650 1662 825 1718 transit,
851 1664 954 1724 quia
983 1680 1063 1709 nec
1084 1666 1285 1711 hesterno
1307 1669 1487 1728 praeitur

90 1742 141 1777 ut
160 1734 323 1788 veniat,
342 1748 423 1777 nec
440 1733 628 1777 crastino
650 1743 833 1792 urgetur
854 1744 903 1778 ut
927 1743 1130 1780 transeat.
1146 1737 1215 1781 Ad
1233 1754 1365 1798 quem
1383 1755 1486 1785 sane

89 1819 168 1848 nos
199 1819 300 1847 cum
328 1804 575 1848 venerimus
592 1837 603 1858 ,
630 1805 891 1849 inhaerentes
914 1806 952 1849 ei
980 1822 1060 1851 nec
1083 1823 1161 1852 nos
1184 1809 1481 1855 transibimus.

30 1903 34 1905 -
89 1877 147 1918 Et
167 1869 278 1919 sicut
299 1873 491 1934 quodam
512 1873 610 1919 loco
638 1875 811 1918 canitur
843 1878 933 1920 Deo
951 1911 962 1931 ,
992 1896 1012 1918 «
1036 1879 1157 1923 Beati
1179 1880 1256 1940 qui
1283 1880 1485 1926 habitant

92 1963 112 1986 »
147 1945 194 1988 in
229 1945 359 1989 domo
386 1954 484 1999 tua,
517 1945 564 1989 in
594 1944 752 1989 saecula
772 1945 1031 1992 saeculorum
1055 1948 1302 1995 laudabunt
1323 1953 1398 2001 te,3
1421 1972 1431 1998 :
1459 1972 1479 1995 »

87 2017 173 2060 hoc
199 2017 281 2060 erit
302 2017 541 2061 otiosorum
562 2017 786 2075 negotium
805 2053 815 2073 ‚
846 2018 929 2063 hoe
957 2035 1065 2078 opus
1094 2023 1363 2080 vacantium,
1388 2025 1484 2070 haec

90 2086 202 2130 actio
232 2086 482 2146 quietorum
501 2121 511 2141 ‚
548 2087 642 2131 haec
663 2103 767 2132 cura
796 2103 1064 2134 securorum.
1098 2092 1218 2137 Sicut
1241 2094 1356 2138 enim
1391 2096 1482 2140 dies

86 2156 156 2200 isti
185 2157 414 2216 praeteritis
443 2155 597 2201 diebus
630 2156 977 2217 Quadragesimae
993 2197 1003 2217 ,
1029 2162 1190 2222 quibus
1213 2173 1313 2209 ante
1334 2181 1480 2210 resur-

87 2228 324 2272 rectionem
348 2228 562 2273 Dominici
590 2230 782 2290 corporis
805 2231 904 2276 vitae
926 2232 1055 2294 hujus
1076 2235 1341 2293 significatur
1362 2253 1478 2283 moe-

86 2313 182 2353 ror,
220 2297 470 2342 solemniter
494 2309 614 2358 grata
642 2300 1127 2350 hilaritate-succedunt
1153 2325 1161 2351 :
1195 2307 1254 2351 sic
1283 2307 1372 2352 dies
1405 2308 1478 2353 ille

87 2368 164 2428 qui
180 2377 277 2428 post
294 2370 653 2415 resurrectionem
672 2370 852 2416 dabitur
869 2372 1064 2433 plenario
1087 2378 1258 2437 corpori
1279 2379 1475 2435 Domini,

134 2482 146 2499 ¹
176 2475 237 2510 Hic
253 2479 367 2510 Sermo
396 2478 436 2511 ad
470 2478 622 2522 plebem,
652 2479 685 2512 in
708 2480 761 2513 die
788 2481 955 2525 Paschali,
982 2484 1186 2520 solemnitate
1202 2486 1329 2520 habitus
1357 2491 1418 2521 est
1436 2504 1479 2511 —-

91 2532 238 2574 ².Ephes
262 2545 296 2573 v,
315 2545 366 2576 ¹9
385 2542 439 2567 20.
461 2552 501 2558 --
527 2534 539 2558 3
564 2536 644 2567 Psal.
670 2547 808 2578 mrum,
827 2538 856 2570 5.
1015 2535 1028 2548 '
