1848 3261
383 248 465 287 268
810 259 844 288 s.
880 258 1109 288 Aucusnm
1141 261 1322 289 Enscom

379 340 564 384 quorum
589 340 736 371 sensus
756 325 860 370 alibi
881 335 944 370 est
959 342 1038 386 pro
1060 325 1243 381 meriti8‚
1268 341 1344 370 seu
1363 325 1496 381 bene,
1522 341 1597 370 seu
1614 327 1758 371 male?

379 396 460 439 Cui
483 395 722 455 respondeo
746 411 945 455 magnam
968 396 1145 456 quidem
1167 411 1256 440 esse
1275 398 1556 457 quaestionem
1573 432 1584 452 ,
1610 412 1690 441 nee
1711 397 1758 441 in

378 467 606 527 praesentia
624 466 933 522 disserendam,
950 467 1070 527 quod
1091 467 1144 511 sit
1165 468 1303 527 operis
1318 467 1572 526 prolixioris,
1589 477 1754 523 utrum,

376 536 447 581 vel
484 547 718 597 quatenus,
757 536 825 580 vel
848 537 1069 597 quomodo
1091 554 1139 582 ea
1162 554 1262 598 quae
1284 538 1396 582 eirca
1433 554 1511 582 nos
1537 547 1727 596 aguntur
1743 572 1754 593 ,

376 609 577 653 noverint
599 608 771 667 spiritus
786 618 1075 653 mortuorum.
1097 612 1407 654 Verumtamen
1429 609 1550 669 quod
1571 609 1759 654 breviter

377 678 462 722 dici
481 687 648 737 potest,
680 678 714 721 si
735 677 856 722 nulla
877 678 958 722 illis
981 689 1090 723 esset
1121 696 1224 724 cura
1243 680 1298 723 de
1315 680 1440 723 nobis
1456 715 1466 734 ‚
1486 695 1576 737 non
1596 679 1760 723 diceret

376 749 585 793 Dominus
608 748 758 792 dixisse
785 749 909 793 illum
938 748 1116 793 divitem
1132 786 1143 805 ‚
1169 750 1245 810 qui
1266 759 1481 794 tormenta
1504 749 1620 810 apud
1642 749 1757 794 infe-

374 836 442 864 ros
480 820 751 879 patiebatur3
789 840 805 861 «
838 821 990 865 Habeo
1023 821 1083 864 ibi
1105 821 1299 881 quinque
1321 820 1499 875 fratres,
1525 836 1579 864 ne
1616 829 1659 864 et
1679 821 1759 880 ipsi

377 908 397 930 »
434 890 610 934 veniant
632 890 675 933 in
705 889 849 934 locum
881 892 998 935 hunc
1026 893 1390 935 tormentorum1.
1421 910 1438 931 »
1468 890 1552 935 Sed
1579 906 1760 950 quomo-

375 959 543 1004 dolibet
566 960 828 1019 intelligant,
849 962 925 1021 qui
948 963 1030 1006 hoc
1053 961 1176 1005 aliter
1196 961 1435 1019 intelligere
1457 971 1672 1005 conantur
1690 982 1701 1018 3
1716 971 1759 1005 et

374 1032 475 1091 quia
499 1030 722 1075 fatendum
747 1041 810 1075 est
827 1048 915 1076 non
938 1048 1027 1076 esse
1045 1048 1329 1092 consequens,
1350 1041 1399 1076 ut
1421 1032 1455 1075 si
1477 1033 1619 1076 sciunt
1640 1048 1758 1076 mor—

375 1102 438 1144 tui
466 1117 564 1145 suos
586 1101 729 1145 vivere
749 1137 759 1155 ‚
793 1102 895 1162 quia
923 1117 1002 1145 nec
1029 1103 1075 1146 in
1107 1102 1211 1146 locis
1233 1117 1462 1161 poenarum
1486 1118 1557 1146 eos
1585 1102 1756 1157 vident,

375 1172 451 1215 ubi
470 1171 587 1215 dives
610 1170 680 1215 ille
699 1181 811 1227 erat,
832 1189 912 1216 nec
931 1174 974 1215 in
999 1174 1145 1232 requie
1169 1173 1397 1216 beatorum
1416 1208 1427 1227 ,
1452 1172 1527 1216 ubi
1550 1175 1760 1216 Lazarum

375 1251 418 1285 ct
448 1241 667 1286 Abraham
696 1243 891 1301 quamvis
920 1243 1047 1300 longe
1071 1243 1355 1300 agnoscebat,
1390 1243 1489 1286 ideo
1527 1258 1597 1286 eos
1630 1243 1758 1287 etiam

374 1329 473 1370 quae
498 1313 608 1356 circa
627 1329 778 1357 eor-nm
802 1315 952 1357 charos
975 1324 1163 1372 aguntur
1180 1314 1248 1357 vel
1264 1314 1384 1368 laeta,
1410 1314 1479 1357 vel
1497 1314 1630 1357 tristia
1653 1315 1759 1358 seire

375 1399 548 1427 necesse
569 1383 623 1427 sit
645 1403 652 1428 ς
675 1384 756 1427 hoc
779 1383 876 1428 dico
895 1419 906 1439 ,
941 1400 1100 1443 paucos
1136 1399 1225 1428 esse
1261 1385 1350 1442 ejus
1380 1384 1511 1427 animi
1532 1384 1727 1427 homines
1743 1419 1754 1439 ‚

373 1455 449 1514 qui
470 1463 568 1513 post
590 1464 771 1499 mortem
804 1470 925 1498 suam
948 1455 1055 1515 quid
1075 1456 1160 1498 suis
1183 1455 1287 1498 boni
1314 1453 1471 1498 malive
1501 1455 1726 1513 contingat
1742 1489 1753 1510 ,

372 1524 521 1569 saltem
540 1525 646 1569 dum
667 1527 836 1581 vivunt,
852 1526 1089 1584 negligant,
1109 1536 1238 1586 atque
1256 1526 1434 1570 omnino
1449 1534 1754 1582 contemnant3

375 1594 535 1639 multos
570 1605 714 1639 autem
733 1631 743 1650 ‚
776 1597 896 1655 quod
923 1595 1087 1640 indicat
1108 1597 1236 1639 etiam
1269 1605 1388 1639 tanta
1411 1611 1513 1639 cura
1535 1611 1759 1640 commen-

374 1665 528 1710 dandae
557 1666 721 1709 ultimae
747 1667 981 1710 voluntatis
1004 1676 1047 1710 et
1068 1666 1455 1727 qualiumcumque
1477 1675 1759 1711 testamento-

378 1752 474 1780 rum
491 1772 502 1791 ,
532 1737 631 1780 satis
654 1752 777 1795 agere
800 1746 849 1780 ut
871 1753 969 1781 cum
1002 1737 1199 1781 defuncti
1221 1736 1383 1780 fuerint
1401 1772 1412 1788 ‚
1443 1737 1527 1780 suis
1550 1737 1662 1780 bene
1684 1738 1752 1781 sit.

375 1806 723 1851 Permansionem
749 1822 852 1851 vero
874 1807 1132 1866 posteritatis
1155 1822 1242 1850 suae
1271 1822 1347 1865 per
1371 1806 1657 1850 successiones
1681 1822 1757 1864 ge-

373 1877 649 1920 nerationum
671 1877 750 1921 soli
767 1876 1044 1921 laudabiliter
1058 1884 1269 1936 spernunt
1284 1912 1294 1929 ⁷
1320 1876 1396 1935 qui
1418 1891 1460 1919 se
1482 1877 1595 1932 ipsos
1617 1877 1759 1920 absci-

374 1947 485 1991 dunt
506 1957 681 2007 propter
703 1963 886 2006 regnum
921 1947 1135 1991 coelorum
1151 1982 1161 2002 ‚
1188 1956 1231 1990 et
1253 1945 1362 1989 filios
1385 1961 1483 1990 suos
1512 1947 1595 1990 hoc
1615 1945 1757 1990 facere

374 2020 583 2078 cupiunt,
621 2028 879 2077 exoptantve
913 2019 1120 2076 martyrio
1155 2017 1351 2062 coronari
1377 2052 1388 2071 ‚
1427 2017 1486 2060 ita
1523 2026 1573 2060 ut
1610 2017 1756 2062 nullus

375 2105 525 2134 eorum
548 2090 592 2133 in
613 2099 724 2133 terra
748 2098 965 2133 remaneat
987 2109 995 2133 :
1020 2089 1161 2132 caeteri
1183 2097 1328 2132 autem
1350 2103 1498 2132 omnes
1516 2123 1524 2141 ‚
1550 2097 1625 2130 aut
1645 2103 1757 2146 pene

375 2175 523 2204 omnes
543 2195 554 2214 ,
596 2158 739 2203 felices
766 2159 920 2203 volunt
942 2175 1039 2203 suos
1061 2174 1149 2202 esse
1170 2159 1216 2201 in
1242 2159 1323 2202 hae
1343 2158 1431 2201 vita
1453 2166 1549 2216 post
1570 2167 1754 2202 mortem

375 2246 520 2284 suam,
550 2239 592 2273 et
623 2245 749 2274 suum
779 2245 913 2288 genus
948 2229 1123 2273 interire
1144 2228 1313 2273 nolunt.
1341 2231 1615 2287 Quapropter
1636 2227 1757 2287 quod

377 2301 491 2344 Juda
520 2310 607 2344 tam
636 2299 864 2344 infeliciter
891 2310 1089 2354 mortuo,
1119 2300 1179 2342 ita
1211 2314 1321 2342 uxor
1350 2297 1480 2342 vidua
1505 2307 1548 2341 et
1569 2296 1645 2340 filii
1667 2299 1757 2358 ejus

379 2372 563 2431 orphani
601 2381 919 2422 remanserunt,
960 2381 1009 2414 ut
1045 2370 1305 2414 foeneratore
1333 2377 1551 2412 scrutante
1583 2383 1757 2412 omnem

377 2442 662 2486 substantiam
684 2443 774 2501 ejus
789 2477 799 2494 ‚
821 2451 864 2485 et
885 2440 1186 2501 diripientibus
1203 2439 1349 2482 alienis
1371 2438 1539 2482 labores
1560 2439 1650 2497 ejus
1666 2473 1676 2491 ,
1701 2437 1757 2482 de

380 2513 464 2556 suis
486 2512 827 2556 habitationibus
847 2512 1128 2571 ejicerentur,
1164 2525 1244 2554 nee
1279 2508 1466 2568 aliquem
1491 2507 1645 2567 pupilli
1666 2509 1756 2567 ejus

430 2605 437 2619 ¹
461 2599 535 2628 Luc.
559 2608 628 2637 xvi,
652 2597 692 2627 ¹2⁰,
713 2600 743 2626 et
763 2596 815 2627 28.
