1848 3261
223 225 464 258 ENARRATm
496 230 542 258 nv
573 227 776 259 PsALMUM
806 230 965 268 exv111,
999 229 1137 258 SERMo
1170 232 1266 259 v111.
1379 221 1463 262 413

84 292 201 348 Quid
220 310 323 353 ergo
343 294 471 354 hujus
491 295 633 340 anima
654 295 932 355 concupivit?
953 312 972 337 «
995 295 1243 341 Desiderare
1256 331 1267 352 ,
1288 297 1431 358 inquit
1450 333 1461 354 ,

86 381 107 405 »
136 364 466 424 justificationes
487 374 582 410 tuas
602 367 648 410 in
663 368 782 411 omni
801 374 1012 425 tempore.
1037 383 1057 406 »
1084 365 1248 422 Credo,
1266 368 1464 412 nondum

82 449 151 479 eas
185 434 459 482 desiderabat
477 472 487 492 ,
513 436 691 497 quando
716 436 966 495 concupivit
999 435 1258 480 desiderare.
1298 439 1465 482 Justifi-

80 506 271 550 cationes
294 516 440 551 autem
468 506 582 552 facta
614 517 716 552 sunt
743 509 881 568 justa,
915 507 960 551 id
991 516 1079 562 est,
1113 522 1242 566 opera
1267 508 1461 567 justitiae.

80 577 194 621 Cum
214 576 363 637 itaque
384 577 582 621 nondum
599 578 758 622 habeat
776 586 819 621 et
840 577 915 637 qui
947 578 1039 637 jam
1074 577 1309 632 desiderat,
1334 592 1467 637 quam

79 644 208 703 longe
220 646 275 690 ab
298 647 364 691 his
378 657 469 691 erat
481 648 558 707 qui
580 647 724 692 adhuc
747 663 816 692 eas
839 647 1081 691 desiderare
1103 647 1467 707 concupiscebat?

79 717 136 760 Et
157 731 289 775 quam
305 715 479 776 longius
501 717 557 762 ab
579 718 637 762 eis
659 727 783 775 sunt,
815 718 892 779 qui
918 733 1063 777 neque
1084 718 1168 763 hoc
1191 718 1340 777 *adhuc
1360 733 1467 763 con-

77 785 340 845 cupiscunti’

137 859 213 901 IV.
239 857 402 902 Mirum
433 867 497 902 est
524 868 670 902 autem
698 858 920 919 quomodo
944 860 1276 919 concupiscatur
1296 860 1467 904 deside-

77 926 206 981 rium,
237 942 318 972 nec
340 928 396 972 sit
414 928 459 972 in
481 928 607 972 nobis
629 930 755 989 cujus
765 929 1115 988 concupiscentia
1133 935 1223 986 jam
1245 931 1298 975 sit
1318 931 1364 974 in
1385 944 1467 975 no-

76 995 314 1057 bis.Neque
330 998 445 1041 enirn
461 997 694 1057 pulchrum
710 999 889 1059 aliquod
902 1014 1057 1058 corpus
1073 1009 1151 1055 est,
1167 1001 1277 1045 sicut
1290 1016 1463 1056 aurum,

75 1067 146 1113 vel
163 1084 263 1113 caro
283 1068 426 1130 aliqua
448 1071 655 1130 speciosa,
676 1086 808 1131 quam
830 1079 972 1130 potest
994 1072 1125 1116 homo
1139 1073 1462 1131 concupiscere,

75 1154 156 1183 nec
177 1140 358 1195 habere,
393 1141 495 1201 quia
516 1150 635 1185 extra
667 1141 805 1201 posita
841 1156 930 1185 non
964 1150 1027 1185 est
1060 1142 1106 1184 in
1140 1142 1333 1186 homine.
1361 1142 1466 1194 Quis

75 1210 238 1254 nesciat
259 1211 304 1253 in
327 1210 505 1256 homine
538 1227 627 1255 esse
657 1211 1051 1271 concupiscentiam
1066 1247 1077 1267 ,
1104 1212 1149 1255 in
1171 1212 1349 1255 homine
1375 1226 1466 1255 esse

75 1279 362 1325 desiderium?
384 1283 473 1326 Cur
508 1297 611 1341 ergo
648 1282 969 1342 concupiscitur
991 1291 1041 1326 ut
1069 1282 1310 1336 habeatur,
1343 1281 1466 1341 quasi

74 1349 313 1395 forinsecus
338 1349 577 1395 inferatur?
596 1355 684 1396 Aut
706 1350 928 1410 quomodo
946 1351 1098 1394 haberi
1122 1353 1213 1410 ejus
1235 1352 1465 1410 concupis-

75 1422 217 1466 centia
239 1422 330 1466 sine
352 1422 445 1481 ipso
467 1431 609 1482 potest
624 1457 635 1477 ,
658 1437 759 1466 cum
781 1436 871 1465 non
894 1422 947 1465 sit
977 1429 1019 1464 et
1044 1421 1186 1480 ipsum
1215 1420 1322 1481 quid
1346 1422 1467 1466 aliud

75 1507 209 1552 quam
239 1493 618 1551 concupiscentia?
645 1494 754 1536 Nam
793 1500 836 1535 et
869 1489 1110 1534 desiderare
1137 1491 1291 1549 procul
1328 1490 1465 1535 dubio

76 1563 381 1622 concupiscere
394 1572 471 1607 est.
487 1563 591 1616 Quis
605 1571 669 1607 est
685 1562 763 1606 iste
781 1560 987 1605 mirabilis
1005 1570 1136 1621 atque
1152 1560 1465 1621 inexplicabilis

74 1632 295 1692 languor?
320 1637 376 1678 Et
394 1643 539 1677 tamen
553 1642 631 1677 est.
652 1635 761 1677 Nam
777 1641 820 1675 et
836 1640 1024 1690 aegrotus
1047 1631 1123 1691 qui
1146 1629 1318 1675 fastidio
1340 1631 1466 1675 labo-

75 1712 162 1758 rat,
190 1712 233 1748 et
251 1703 347 1748 vult
369 1704 551 1748 evadere
570 1704 655 1748 hoc
676 1701 857 1756 malum,
882 1701 1151 1761 concupiscit
1172 1702 1324 1761 utique
1346 1700 1463 1744 desi-

75 1775 226 1819 derare
247 1775 392 1819 cibum
411 1810 422 1831 ,
459 1775 566 1819 dum
588 1774 856 1833 concupiscit
883 1789 972 1817 non
1003 1773 1165 1817 habere
1201 1771 1423 1817 fastidium
1450 1791 1460 1817 ε

75 1844 150 1889 sed
160 1846 244 1890 hoc
256 1845 479 1890 fastidium
492 1845 671 1889 morbus
685 1853 748 1888 est
761 1844 967 1903 corporis.
983 1843 1345 1903 Concupiscentia
1359 1858 1462 1888 vero

74 1931 161 1975 qua
181 1916 450 1975 concupiscit
471 1914 714 1959 desiderare
736 1913 884 1957 cibum
897 1949 907 1968 ,
932 1913 1016 1957 hoc
1029 1922 1093 1957 est
1107 1928 1252 1957 carere
1269 1912 1459 1968 fastidio,

74 1985 119 2029 in
141 1985 286 2030 animo
308 1994 393 2041 est,
411 2001 501 2029 non
522 1985 568 2028 in
591 1999 772 2044 corpore
796 2004 805 2029 z
834 1993 877 2028 et
898 1985 1033 2028 habet
1052 1999 1147 2028 eam
1165 2000 1254 2028 non
1275 1984 1461 2042 gutturis

74 2065 117 2099 et
139 2054 331 2100 faucium
362 2055 592 2100 delectatio
609 2091 619 2110 ,
646 2071 744 2115 quae
766 2054 940 2099 fastidio
968 2055 1268 2113 restringitur,
1293 2054 1367 2098 sed
1391 2069 1461 2097 re-

74 2126 335 2186 cuperandae
352 2126 462 2171 ratio
483 2126 675 2170 sanitatis
693 2161 703 2181 ,
729 2142 814 2186 qua
836 2125 1091 2185 pellendum
1109 2141 1216 2170 escae
1238 2124 1461 2169 fastidium

73 2197 343 2257 providetur.
369 2200 426 2241 Et
447 2197 546 2242 ideo
568 2212 658 2241 non
688 2196 843 2240 mirum
871 2205 955 2251 est,
981 2197 1015 2240 si
1044 2197 1207 2256 appetit
1229 2196 1399 2239 animus
1412 2203 1461 2238 ut

74 2276 251 2327 appetat
271 2282 451 2326 corpus,
477 2265 655 2328 quando
687 2266 853 2327 appetit
880 2268 1048 2312 animus
1071 2283 1152 2311 nec
1177 2267 1341 2326 appetit
1361 2280 1460 2309 cor-

73 2353 170 2397 pus.
198 2339 310 2382 Cum
328 2346 473 2381 autem
492 2346 730 2397 utrumque
752 2336 884 2381 animi
906 2347 995 2393 est,
1022 2347 1065 2382 et
1092 2347 1328 2395 utrumque
1350 2350 1459 2391 con-

73 2409 339 2468 cupiscentia
356 2418 434 2465 est,
451 2424 530 2454 cur
550 2409 811 2469 concupisco
825 2407 1086 2453 desiderium
1098 2407 1459 2469 justificationum

72 2480 178 2523 Dei?
199 2479 426 2533 Quomodo
452 2480 498 2524 in
531 2495 622 2524 uno
640 2479 881 2540 eodemque
908 2479 1051 2524 animo
1075 2493 1170 2522 meo
1188 2477 1328 2521 habeo
1350 2492 1458 2521 con-

74 2549 386 2609 cupiscentiam
408 2551 609 2596 desiderii
626 2551 778 2611 hujus,
797 2560 840 2596 et
856 2551 998 2610 ipsum
1018 2565 1107 2595 non
1128 2548 1268 2596 habeo
1290 2547 1458 2593 deside-
