1848 3261
362 252 446 290 222
784 256 819 285 s.
855 254 1086 285 Aucus‘nm
1118 256 1300 283 Emscom

360 341 437 386 per
457 324 710 384 patientiam
732 322 982 368 sustinenda
994 331 1057 366 est
1073 339 1082 365 :
1099 320 1173 364 sed
1191 319 1506 364 festinaverunt
1518 319 1633 362 beati
1648 319 1743 363 fieri

361 394 674 454 temporalibus
706 394 858 447 rebus,
884 409 983 453 quae
1010 392 1109 436 ideo
1138 390 1303 434 nemini
1330 388 1566 434 conferunt
1597 403 1744 433 veram

361 466 639 520 felicitatem,
674 465 777 524 quia
798 479 888 508 non
915 463 1176 521 extinguunt
1205 460 1495 505 insatiabilem
1526 459 1744 519 cupidita-

360 547 465 582 tem.
495 555 514 577 «
540 536 626 590 Qui
645 535 760 579 enim
784 534 965 589 biberit,
984 533 1150 593 inquit,
1184 547 1235 576 ex
1254 533 1337 577 hac
1358 547 1492 592 aqua,
1525 532 1640 576 sitiet
1661 531 1745 575 ite-

304 620 307 623 '
366 626 387 649 ))
422 609 564 651 rum¹.
587 625 607 647 »

421 679 541 721 XIV.
568 675 793 735 Deniquez
826 692 844 714 «
868 676 926 718 Et
946 673 1264 732 concupierunt
1285 671 1680 732 concupiscentiam
1702 671 1748 715 in

365 768 384 791 »
420 747 591 791 deserto
602 781 612 801 ,
629 755 672 789 et
688 753 969 789 tentaverunt
989 748 1126 788 Deum
1144 744 1191 787 in
1210 744 1463 803 inaquoso².
1482 761 1503 784 »
1520 742 1647 796 Quod
1663 750 1745 798 est,

366 839 388 862 α
423 822 476 863 In
487 817 682 875 deserto3
704 835 724 858 n
746 817 830 861 hoc
852 816 1085 875 repetitum
1099 824 1178 868 est,
1197 834 1218 857 «
1239 818 1293 858 In
1306 815 1536 875 inaquoso,
1555 812 1640 857 »id
1661 823 1745 868 est,

364 890 411 934 in
430 889 528 934 loco
550 888 641 933 sine
663 903 800 947 aqua:
826 886 947 947 quod
968 901 1095 940 vero,
1122 904 1141 927 «
1167 885 1498 944 Concupierunt
1515 883 1750 942 concupis-

367 979 387 1002 »
424 960 610 1004 centiam
624 979 635 1015 3
651 958 764 1002 »hoc
776 978 787 1015 3
801 976 821 999 «
836 959 1324 1001 TentaveruntDeum.»
1340 954 1452 998 Talis
1470 969 1572 998 sane
1585 953 1751 998 locutio

365 1041 429 1075 est
447 1051 456 1076 2
480 1050 501 1073 «
525 1029 855 1089 Concupierunt
875 1026 1272 1086 concupiscentiam
1287 1061 1297 1081 ,
1327 1044 1348 1067 υ
1370 1024 1508 1086 qualis
1529 1025 1748 1082 superior:

370 1122 388 1144 «
425 1102 735 1146 Laudaverunt
756 1098 949 1142 laudem.
973 1115 993 1137 »

424 1174 522 1216 XV.
552 1173 650 1215 «Et
671 1168 790 1213 dedit
813 1167 871 1211 eis
894 1166 1149 1226 petitionem
1172 1166 1393 1224 ipsorum:
1417 1182 1437 1206 »
1459 1163 1503 1208 id
1525 1173 1612 1217 est,
1635 1162 1755 1223 quod

366 1242 574 1302 petitione
595 1239 829 1299 petierunt.
860 1258 880 1279 «
900 1240 956 1281 Et
974 1237 1087 1280 misit
1106 1236 1376 1280 saturitatem
1400 1235 1445 1278 in
1468 1234 1657 1278 animam
1681 1249 1756 1278 eo-

371 1333 390 1355 »
427 1314 566 1357 rumss.
585 1330 605 1353 »
624 1314 713 1356 Nec
737 1309 835 1353 ideo
853 1308 1000 1352 beatos
1020 1306 1121 1351 fecit
1139 1323 1148 1348 ε
1166 1306 1269 1367 quia
1286 1321 1376 1350 non
1389 1314 1480 1349 erat
1501 1304 1575 1348 illa
1597 1304 1755 1348 saturi-

369 1395 448 1438 tas,
461 1384 515 1427 de
533 1399 619 1442 qua
633 1381 815 1425 dicitur:
829 1379 982 1422 «Beati
997 1378 1072 1438 qui
1087 1378 1283 1422 esuriunt
1299 1386 1342 1421 et
1359 1377 1511 1420 sitiunt
1523 1376 1752 1436 justitiam,

371 1474 390 1497 »
425 1454 633 1515 quoniam
656 1451 737 1511 ipsi
758 1449 1115 1494 saturabuntur4.
1131 1466 1151 1489 ³)
1172 1451 1326 1508 Itaque
1348 1447 1545 1492 hocloco
1567 1447 1757 1491 animam

367 1542 457 1571 non
479 1523 720 1569 secundum
732 1521 785 1572 id*
798 1519 919 1581 quod
938 1519 1158 1564 rationalis
1172 1529 1250 1574 est,
1271 1519 1395 1573 dixit,
1418 1517 1493 1562 sed
1509 1519 1753 1563 secundum

364 1597 410 1642 id
425 1596 546 1656 quod
558 1595 752 1639 animans
765 1607 923 1651 corpus
936 1589 1101 1634 animal
1113 1589 1232 1634 facit.
1246 1589 1316 1634 Ad
1327 1590 1450 1649 cujus
1464 1589 1657 1633 animalis
1673 1604 1759 1633 sus-

368 1667 653 1713 tentationem
675 1663 864 1723 pertinet
882 1661 1005 1706 cibus
1022 1669 1065 1704 et
1087 1669 1215 1720 potus
1230 1695 1241 1715 ,
1267 1659 1510 1704 secundum
1531 1660 1615 1704 hoc
1637 1659 1757 1720 quod

368 1741 414 1783 in
432 1735 669 1794 Evangelio
691 1734 848 1778 dicitur
866 1751 875 1776 :
907 1750 927 1773 α
944 1734 1099 1776 Nonne
1121 1731 1264 1774 anima
1280 1730 1378 1789 plus
1401 1739 1464 1774 est
1485 1746 1617 1790 quam
1638 1746 1752 1785 esca,

373 1830 392 1852 »
406 1819 449 1854 et
460 1822 616 1867 corpus
626 1807 723 1866 plus
737 1818 868 1864 quam
879 1803 1224 1847 vestimentum5.
1234 1820 1254 1842 »
1264 1804 1490 1862 Tanquam
1503 1800 1557 1845 ad
1570 1802 1759 1845 animam

372 1880 586 1941 pertineat
603 1876 741 1930 vesci,
768 1873 823 1918 ad
844 1888 1001 1933 corpus
1029 1872 1190 1917 vestiri.
1220 1872 1471 1916 Secundum
1492 1872 1577 1916 hoc
1599 1870 1760 1916 dicitur

373 1949 492 2011 apud
508 1951 666 1993 Isaiam
681 1965 690 1991 2
706 1943 854 1998 «Quid
870 1953 933 1987 est
950 1942 1070 2003 quod
1085 1943 1396 2002 jejunavimus,
1421 1952 1465 1986 et
1478 1958 1568 1987 non
1583 1942 1728 1988 vidisti
1745 1963 1757 2000 3

376 2042 396 2064 »
431 2017 785 2065 defraudavimus
807 2015 968 2059 animas
986 2022 1152 2058 nostras
1167 2048 1178 2068 ,
1203 2022 1247 2057 et
1268 2013 1496 2057 nescistiss?
1521 2031 1542 2054 »

432 2094 553 2137 XVI.
584 2109 604 2132 «
629 2092 686 2133 Et
707 2087 985 2131 irritaverunt
1006 2088 1188 2142 Moysen
1207 2084 1252 2127 in
1274 2084 1449 2139 castris,
1472 2086 1619 2128 Aaron
1636 2098 1762 2127 sanc-

379 2184 398 2205 »
434 2172 530 2206 tum
560 2159 733 2205 Domini
749 2159 782 2201 ⁷.
821 2175 841 2199 »
875 2159 1017 2210 Quam
1039 2155 1152 2199 dicat
1179 2154 1489 2209 irritationem,
1519 2153 1588 2198 vel
1605 2190 1617 2209 ,
1651 2154 1762 2198 sicut

376 2233 612 2293 expressius
625 2229 696 2273 alii
710 2227 980 2287 interpretati
990 2235 1107 2280 sunt,
1120 2225 1484 2280 amaricationem,
1496 2240 1761 2285 consequen-

378 2305 435 2348 tia
458 2306 557 2347 satis
579 2299 789 2344 indicant.
975 2314 999 2326 e

433 2376 578 2419 XVII.
614 2392 634 2415 «
659 2374 819 2430 Aperta
853 2377 941 2422 est,
974 2367 1117 2427 inquit
1137 2401 1148 2421 ,
1173 2375 1311 2420 terra,
1347 2374 1390 2408 et
1410 2365 1640 2423 deglutivit
1667 2368 1754 2409 Da-

379 2465 398 2487 »
435 2446 542 2489 than
557 2478 567 2498 ,
588 2451 631 2486 et
652 2439 953 2500 superoperuit
970 2453 1098 2498 super
1112 2435 1491 2494 congregationem
1503 2435 1670 2479 Abiron
1683 2436 1715 2479 ⁸.
1735 2453 1756 2477 »

425 2548 433 2563 ¹
449 2543 604 2579 Joan.1v,
628 2538 678 2569 13.
699 2553 739 2558 —-
760 2542 773 2557 2
796 2535 876 2566 Psal.
897 2545 946 2574 cv,
971 2532 1020 2574 14.
1044 2549 1085 2555 —
1106 2530 1288 2564 ³lbid.15.
1312 2529 1513 2563 —AMatth.
1532 2542 1566 2571 v,
1586 2531 1617 2563 8.
1632 2528 1695 2553 —5
1711 2531 1757 2562 Id.

375 2607 420 2637 vl,
443 2595 497 2627 25.
518 2611 558 2616 —
585 2591 600 2615 ⁶
619 2593 689 2624 lsai.
715 2601 804 2632 mm,
825 2590 855 2622 3.
883 2606 923 2611 —
943 2596 954 2621 7
976 2588 1056 2620 Psal.
1077 2599 1128 2628 cv,
1152 2586 1202 2618 16.
1224 2604 1264 2609 —
1283 2584 1298 2608 ὃ
1319 2586 1401 2618 lbid.
1428 2596 1476 2627 ¹7-
