1848 3261
492 188 747 239 ENARRATIO*
765 211 811 237 m
842 204 1045 237 PSALMUM
1077 211 1161 236 cm.
1428 200 1511 238 293

132 298 154 322 »
188 295 284 324 rum
302 313 312 334 ,
338 265 360 319 »'
383 279 468 323 hoc
488 287 552 322 est
571 312 582 333 ,
608 277 688 321 sub
710 275 893 336 pedibus
906 275 1005 318 tuis.
1031 276 1129 319 Non
1149 275 1269 319 vides
1291 276 1512 321 Christum

128 351 350 396 sedentem
373 348 428 395 ad
448 349 666 393 dexteram
690 347 826 392 Patris
849 365 856 390 :
881 345 952 391 vel
973 345 1057 390 hoc
1073 354 1195 405 potes
1208 345 1356 390 videre
1370 381 1381 401 ,
1399 363 1514 407 quo-

126 421 259 466 modo
276 430 496 481 ponantur
512 420 676 464 inimici
697 419 786 479 ejus
807 416 1045 461 scabellum
1067 415 1230 476 pedum
1260 417 1364 476 ejus.
1400 420 1513 462 Cum

123 492 209 536 hoc
230 491 437 551 impletur
460 491 506 534 in
541 499 688 549 aperto
703 524 713 543 ,
746 486 874 532 erede
896 486 1007 531 illud
1029 502 1117 530 esse
1138 486 1185 530 in
1213 486 1401 531 occulto.
1427 488 1513 539 Qui

124 561 287 605 inimici
308 569 534 621 ponuntur
555 558 792 604 scabellum
828 559 991 617 pedum
1021 558 1146 617 ejus?
1169 556 1336 610 Quibus
1366 556 1512 600 inania

123 631 436 676 meditantibus
458 630 618 675 dicitur
643 649 651 674 ε
685 649 704 671 (ι
727 632 870 682 Quare
887 627 1160 672 fremuerunt
1183 636 1346 686 gentes,
1371 637 1414 671 et
1436 643 1513 687 po-

127 722 147 744 »
181 702 274 761 puli
295 702 494 745 meditati
524 710 624 745 sunt
655 701 799 744 inania
827 721 837 757 3
869 701 1099 744 astiterunt
1135 715 1256 758 reges
1285 708 1432 754 terrae,
1469 707 1513 742 et

127 791 145 813 »
181 772 397 831 principes
420 780 720 815 convenerunt
741 771 783 813 in
802 785 941 814 unum
956 805 967 825 ,
992 769 1195 814 adversus
1215 769 1450 813 Dominum
1469 777 1513 813 et

122 859 145 884 »
181 841 381 885 adversus
407 841 629 885 Christum
652 842 775 900 ejus?
806 843 862 883 Et
904 839 1138 884 dixerunt:
1179 840 1510 899 Disrumpamus

122 930 144 953 n
178 911 352 955 vincula
375 926 542 965 eorum,
559 919 602 954 et
625 910 878 970 abjiciamus
892 925 915 966 ξι
929 909 1055 954 nobis
1065 911 1223 969 jugum
1239 910 1432 969 ipsorum
1447 914 1508 954 ¹.»

119 985 218 1029 Non
239 982 364 1026 nobis
386 981 683 1034 dominentur,
709 996 798 1024 non
821 996 899 1024 nos
920 980 1001 1024 sibi
1019 980 1269 1040 subjugent.
1291 1000 1310 1022 «
1332 980 1417 1034 Qui
1438 981 1512 1024 ha-

123 1072 142 1094 »
177 1053 288 1096 bitat
311 1052 354 1096 in
374 1052 519 1106 coelis,
542 1051 741 1094 irridebit
758 1066 846 1095 eos.
871 1068 892 1091 »
915 1051 1122 1095 Inimicus
1151 1066 1242 1094 eras
1276 1070 1284 1095 :
1318 1051 1400 1094 eris
1428 1051 1511 1095 sub

118 1122 303 1181 pedibus
318 1123 408 1182 ejus
422 1156 432 1176 ,
451 1130 525 1165 aut
546 1119 799 1179 adoptatus,
817 1129 893 1164 aut
908 1121 1063 1164 victus.
1086 1124 1242 1173 Quaere
1259 1136 1362 1180 ergo
1377 1136 1510 1181 quem

116 1191 264 1237 locum
288 1193 447 1236 habeas
473 1190 555 1235 sub
588 1190 776 1249 pedibus
799 1191 972 1234 Domini
995 1191 1071 1235 Dei
1094 1192 1154 1234 tui
1176 1211 1184 1235 ;
1215 1207 1316 1235 nam
1337 1192 1510 1236 necesse

117 1273 181 1307 est
201 1272 251 1307 ut
271 1263 448 1314 habeas,
471 1270 546 1305 aut
560 1262 723 1319 gratiae,
752 1270 827 1304 aut
844 1277 1003 1320 poenae.
1025 1261 1154 1307 Sedet
1167 1278 1268 1320 ergo
1292 1263 1346 1307 ad
1364 1262 1510 1307 dexte-

116 1349 209 1378 ram
227 1334 328 1387 Dei,
362 1332 504 1376 donec
541 1340 762 1391 ponantur
781 1332 944 1376 inimici
968 1334 1058 1392 ejus
1088 1333 1170 1376 sub
1192 1334 1376 1393 pedibus
1398 1336 1505 1395 ejus.

118 1406 214 1448 Hoc
239 1403 311 1458 fit,
335 1403 420 1447 hoc
446 1401 588 1460 agitur
614 1421 622 1446 z
648 1410 692 1445 et
713 1402 746 1445 si
765 1401 976 1460 paulatim
995 1404 1230 1462 peragitur,
1256 1404 1508 1449 indesinen-

115 1483 182 1518 ter
211 1474 365 1532 agitur.
403 1472 679 1517 Fremuerint
711 1472 826 1516 enim
861 1481 1032 1529 gentes,
1071 1483 1114 1518 et
1134 1474 1287 1534 populi
1308 1475 1508 1519 meditati

115 1546 201 1589 sint
221 1545 366 1588 inania
390 1565 400 1602 3
432 1543 647 1589 astiterint
667 1558 786 1601 reges
807 1552 956 1600 terrae,
983 1554 1027 1588 et
1046 1546 1262 1605 principes
1285 1562 1505 1591 convene-

114 1616 201 1659 rint
228 1615 274 1658 in
310 1630 449 1658 unum
488 1613 692 1658 adversus
724 1614 961 1658 Dominum
989 1623 1032 1658 et
1055 1615 1259 1660 adversus
1282 1616 1504 1661 Christum

113 1687 204 1746 ejus
228 1703 237 1728 :
264 1685 482 1746 numquid
505 1684 734 1730 fremendo
750 1720 761 1740 ,
799 1687 1018 1747 numquid
1047 1687 1315 1732 meditando·
1333 1688 1501 1744 inania,

112 1757 329 1817 numquid
355 1758 399 1801 in
421 1772 558 1801 unum
584 1756 788 1800 adversus
811 1757 1033 1801 Christum
1056 1759 1381 1815 conveniendo,
1413 1761 1505 1803 esti-

113 1827 229 1871 cient
253 1837 303 1871 ut
330 1843 420 1871 non
436 1826 670 1886 impleatur
695 1847 703 1872 :
727 1846 748 1870 «
770 1827 893 1871 Dabo
924 1827 1004 1871 tibi
1032 1838 1178 1886 gentes
1200 1829 1503 1874 haereditatem

115 1915 135 1938 >›
171 1906 290 1940 tuam
312 1932 322 1951 ,
348 1907 391 1941 et
411 1898 722 1956 possessionem
748 1907 868 1942 tuam
887 1898 1094 1943 terminos
1116 1901 1269 1943 terrae?
1295 1920 1312 1941 »
1337 1900 1503 1961 Imple-

111 1966 233 2010 bitur
269 1967 447 2011 omnino
463 2002 474 2022 ,
512 1976 555 2010 et
576 1966 659 2011 illis
682 1966 993 2023 frementibus,
1019 1978 1062 2013 et
1092 1968 1174 2013 illis
1193 1970 1339 2014 inania
1360 1970 1502 2016 medi-

111 2037 304 2081 tantibus
331 2056 340 2081 :
370 2056 389 2079 «
412 2037 535 2081 Dabo
558 2038 638 2081 tibi
662 2047 810 2097 gentes
831 2039 1131 2083 haereditatem
1154 2049 1274 2084 tuam
1292 2077 1302 2096 ,
1329 2051 1371 2085 et
1395 2057 1498 2101 pos-

113 2126 134 2149 »
170 2109 401 2152 sessionem
435 2117 556 2152 tuam
608 2109 814 2154 terminos
857 2119 998 2154 terrae.
1040 2131 1058 2153 »
1092 2110 1162 2155 Illi
1196 2112 1311 2156 enim
1355 2113 1500 2159 inania

109 2177 380 2221 meditantur
412 2197 420 2222 :
459 2187 509 2222 ut
546 2187 691 2223 autem
724 2179 956 2240 impleatur
986 2201 994 2226 :
1038 2200 1055 2222 «
1089 2182 1208 2226 Dabo
1237 2183 1316 2227 tibi
1351 2193 1499 2242 gentes

112 2265 133 2289 »
168 2247 466 2291 haereditatem
501 2257 623 2292 tuam
639 2285 649 2304 ,
694 2258 738 2293 et
779 2252 1090 2309 possessionem
1129 2261 1249 2296 tuam
1289 2253 1518 2299 terminos.

112 2335 133 2358 >›
169 2326 318 2374 terrae3
347 2336 366 2357 »
388 2333 477 2362 non
498 2319 642 2363 nescio
670 2320 766 2380 quis
791 2320 1068 2382 inaniloquus
1099 2341 1107 2366 :
1133 2341 1151 2363 «
1181 2321 1265 2366 Sed
1287 2323 1497 2368 Dominus

114 2406 133 2428 »
169 2387 279 2431 dixit
296 2387 350 2431 ad
372 2404 455 2432 me.
481 2407 501 2430 »
531 2390 598 2434 Sic
622 2390 731 2433 etin
751 2391 835 2435 hoc
869 2391 1038 2437 Psalmo
1058 2408 1285 2451 possumus
1314 2393 1457 2439 dicere
1482 2414 1492 2440 z

115 2476 132 2497 «
167 2457 314 2512 Dixit,
342 2475 361 2499 )1
388 2474 477 2503 non
499 2460 766 2520 quicumque
782 2496 792 2515 ,
824 2477 912 2506 non
939 2462 1000 2507 illi
1024 2464 1099 2523 qui
1122 2462 1313 2508 fremunt
1335 2471 1377 2509 et
1399 2480 1494 2508 me-

157 2547 166 2562 *
183 2539 263 2572 Psal.
283 2551 318 2582 ιι,
342 2541 406 2574 1-8.
