1848 3261
429 232 671 262 ENARRA‘no
702 235 748 261 m
779 230 983 261 PsALMUM
1012 234 1097 261 mv.
1367 224 1450 263 187

71 299 241 353 Quibus
276 299 360 343 hoo
412 297 573 343 dicitur
596 334 607 354 ‚
647 299 729 343 nisi
770 297 1056 356 Evangelistis
1093 299 1140 342 in
1185 300 1412 359 prophetia
1436 302 1455 345 Ρ

128 372 215 413 IL«
229 371 410 414 Cantate
424 370 480 425 ei,
506 379 549 414 et
571 369 739 429 psallite
754 369 855 412 ei1.»
877 369 1023 412 Verbo
1045 377 1088 412 et
1106 384 1235 428 opere
1257 370 1448 415 laudate.

70 441 156 484 Ore
179 440 341 499 quippe
363 449 565 484 cantatur
590 460 600 485 2
631 439 832 500 psalterio
853 448 1014 493 autem,
1039 439 1123 483 hoo
1145 448 1224 494 est,
1252 440 1453 485 manibus

70 510 288 569 psallitur.
319 529 339 551 «
374 513 553 555 Narrate
576 511 717 554 omnia
745 508 961 553 mirabilia
994 510 1084 570 ejus
1111 528 1121 554 z
1146 509 1386 553 laudamini
1407 511 1453 555 in

69 597 91 622 »
125 581 301 624 nomine
329 590 477 625 sancto
499 582 634 640 ejus².
662 599 682 622 n
710 584 897 624 Possunt
916 580 963 623 hi
982 579 1071 624 duo
1088 595 1236 625 versus
1259 596 1308 624 ex
1338 580 1452 626 duo-

65 650 148 694 bus
165 650 306 694 verbis
327 651 620 710 superioribus
643 651 748 694 dicti
763 666 852 695 non
865 650 1052 694 absurde
1069 649 1208 695 videri
1234 670 1244 696 ·.
1264 660 1315 695 ut
1331 652 1453 711 quod

65 721 138 775 ait,
165 740 185 763 «
209 722 387 765 Narrate
411 721 555 765 omnia
574 721 782 764 mirabilia
805 721 912 780 ejus,
935 739 953 761 »
970 719 1181 764 referatur
1197 720 1252 765 ad
1270 721 1313 766 id
1332 721 1453 782 quod

64 791 228 836 dictum
253 799 331 845 est,
361 809 381 832 (ι
399 793 582 835 Cantate
605 792 642 834 ei
661 811 669 834 :
689 809 708 832 »
731 790 851 850 quod
871 807 975 835 vero
997 791 1208 851 sequitur,
1234 811 1254 834 «
1279 792 1452 837 Lauda-

66 879 86 902 »
121 861 228 904 mini
264 861 310 904 in
342 861 518 904 nomine
540 870 687 904 saneto
716 862 838 921 ejus,
868 879 887 902 »
915 860 1127 905 referatur
1164 861 1217 905 ad
1248 862 1294 905 id
1331 862 1451 922 quod

63 929 228 974 dictum
260 939 340 985 est,
368 949 388 971 «
413 933 470 974 Et
501 929 671 990 psallite
694 931 732 974 ei
763 951 772 975 ;
802 951 820 972 »
853 930 963 975 illud
985 931 1147 975 seilicet
1180 932 1235 975 ad
1265 933 1451 977 verbum

62 1000 252 1053 bonum⁷
284 1015 372 1060 quo
395 1009 596 1044 cantatur
629 1001 695 1055 ei,
725 1010 767 1044 et
795 1011 1024 1045 narrantur
1059 1002 1203 1046 omnia
1236 1003 1450 1047 mirabilia

61 1071 178 1130 ejus3
203 1070 313 1114 illud
336 1079 481 1113 autem
501 1069 557 1114 ad
573 1086 682 1129 opus
698 1071 880 1126 bonum,
901 1088 989 1132 quo
1008 1071 1206 1131 psallitur
1229 1073 1282 1127 ei,
1304 1088 1358 1116 ne
1376 1089 1450 1117 ve—

58 1140 110 1184 lit
124 1141 308 1200 quisque
325 1140 380 1184 de
397 1155 526 1199 opere
548 1141 666 1185 bono
690 1150 897 1201 tanquam
912 1142 957 1185 in
974 1158 1050 1186 sua
1072 1158 1099 1186 v
1117 1151 1235 1185 rtute
1258 1141 1443 1186 laudari.

61 1210 166 1255 Ideo
183 1226 282 1254 cum
300 1211 488 1266 dixisset,
511 1230 528 1251 «
556 1211 831 1267 Laudamffli,
850 1230 870 1253 )›
896 1212 1017 1272 quod
1040 1213 1194 1272 utique
1211 1212 1324 1256 bene
1342 1228 1448 1272 ope-

59 1291 201 1325 rantes
223 1282 378 1324 merito
395 1290 598 1339 possunt3
624 1281 814 1335 addidit,
841 1300 859 1321 «
879 1285 929 1323 In
946 1283 1123 1324 nomine
1145 1292 1294 1326 sancto
1317 1284 1409 1342 ejus
1435 1303 1444 1328 z

62 1368 82 1391 »
118 1352 176 1394 Ut
192 1350 268 1409 qui
291 1349 499 1406 gloriatur
517 1385 528 1404 ‚
553 1350 598 1392 in
615 1350 802 1394 Domino
821 1349 1068 1407 glorieturss.
1094 1369 1114 1391 »
1142 1351 1223 1402 Qui
1241 1365 1341 1408 ergo
1359 1367 1449 1396 non

58 1420 156 1474 sibi,
178 1419 252 1463 sed
274 1419 312 1463 ei
329 1419 485 1463 volunt
506 1419 703 1479 psallere,
730 1430 911 1464 caveant
932 1419 1074 1464 facere
1093 1420 1307 1479 justitiam
1326 1436 1447 1465 suam

58 1505 204 1535 coram
244 1489 510 1545 hominibus,
537 1499 586 1533 ut
607 1490 836 1534 videantur
870 1491 925 1534 ab
950 1492 1038 1548 eis3
1063 1491 1256 1551 alioquin
1278 1506 1447 1536 merce-

58 1559 158 1604 dem
180 1575 270 1604 non
291 1560 520 1603 habebunt
542 1559 660 1619 apud
688 1563 876 1615 Patrem,
897 1560 975 1620 qui
1000 1560 1046 1604 in
1073 1560 1195 1605 coelis
1218 1562 1310 1605 est4
1336 1581 1346 1606 ι
1371 1562 1447 1606 sed

56 1629 232 1674 luceant
255 1645 385 1689 opera
408 1645 555 1673 eorum
587 1645 733 1674 coram
755 1631 1029 1685 hominibus,
1071 1646 1161 1675 non
1187 1647 1238 1675 eo
1269 1632 1357 1675 fine
1397 1641 1448 1676 ut

55 1699 134 1759 ipsi
156 1699 386 1744 videantur
408 1699 463 1742 ab
486 1699 568 1754 eis,
600 1699 674 1744 sed
699 1709 748 1743 ut
774 1701 950 1744 videant
977 1700 1092 1744 bona
1115 1716 1244 1760 opera
1274 1716 1441 1757 eorum,

57 1779 100 1814 et
123 1769 364 1828 glorificent
393 1773 564 1813 Patrem
605 1785 779 1825 eorum,
813 1772 889 1832 qui
914 1772 958 1815 in
983 1771 1101 1816 coelis
1133 1773 1239 1814 est5.
1267 1774 1360 1815 Hoc
1381 1780 1447 1816 est

55 1838 225 1883 laudari
241 1839 287 1883 in
310 1840 487 1883 nomine
505 1849 654 1884 saneto
679 1842 784 1900 ejus.
812 1840 936 1885 Unde
958 1851 1002 1885 et
1022 1841 1068 1884 in
1086 1841 1170 1885 alio
1193 1840 1363 1885 Psalmo
1377 1840 1444 1885 le-

56 1909 187 1968 gitur,
211 1928 232 1951 «
259 1912 311 1952 In
328 1909 514 1954 Domino
535 1909 786 1955 laudabitur
803 1912 945 1956 anima
959 1928 1070 1967 mea,
1097 1912 1278 1956 audiant
1298 1913 1440 1967 mites,

59 1999 79 2021 »
115 1989 158 2023 et
173 1979 475 2039 jucundentur
487 1981 549 2023 ⁶.»
572 1981 701 2033 Quod
718 1990 760 2025 et
777 1982 847 2026 hic
866 1982 1057 2042 quodam
1075 1983 1207 2027 modo
1225 1983 1440 2043 sequitur,

61 2068 82 2092 «
115 2053 308 2094 Laetetur
330 2065 404 2093 cor
424 2051 714 2110 quaerentium
737 2053 973 2097 Dominum
987 2055 1018 2097 ⁷.
1045 2071 1066 2094 »
1094 2054 1161 2098 Sic
1183 2053 1299 2097 enim
1316 2054 1443 2097 mites

50 2119 366 2176 jucundantur,
390 2121 465 2180 qui
487 2136 577 2165 non
595 2136 742 2166 amaro
764 2121 856 2167 zelo
878 2137 949 2168 eos
967 2124 1057 2183 jam
1079 2123 1192 2168 bene
1213 2132 1443 2184 operantes

56 2190 335 2234 aemulantur.

112 2263 192 2304 III.
234 2280 254 2303 «
289 2260 479 2313 Quaerite
518 2261 754 2305 Dominum
771 2297 781 2317 ,
823 2273 866 2307 et
899 2263 1204 2308 confortamini
1218 2265 1249 2307 8.
1291 2282 1311 2305 »
1348 2266 1443 2308 Hoc

55 2330 171 2373 enim
193 2330 248 2374 de
265 2345 405 2388 graeco
423 2331 660 2389 expressius
681 2332 1013 2392 interpretatum
1037 2343 1115 2389 est,
1136 2335 1332 2395 quamvis
1347 2349 1441 2378 ver-

54 2400 162 2444 bum
181 2401 324 2445 minus
345 2401 531 2446 latinum
546 2403 762 2448 videatur.
780 2405 904 2449 Unde
917 2415 960 2450 et
974 2405 1045 2450 alii
1063 2405 1232 2451 codices
1245 2405 1410 2450 habent
1427 2424 1436 2450 :

102 2502 112 2519 ¹
133 2496 294 2537 Psal.c1v,
309 2505 339 2529 2.
367 2514 410 2521 —
428 2505 440 2520 ²
460 2498 541 2530 Ibid.
560 2498 591 2531 3.
612 2516 655 2521 -
678 2497 692 2522 3
714 2511 724 2531 1
747 2502 819 2533 Cor.
840 2511 863 2543 Ξ,
882 2500 934 2533 31.
958 2518 1000 2524 —
1018 2500 1035 2532 4
1053 2503 1167 2535 Matth.
1188 2514 1233 2544 vt,
1256 2514 1284 2535 1.
1305 2500 1375 2525 —5
1390 2502 1438 2535 1d.

55 2563 90 2593 v,
122 2552 174 2585 16.
189 2570 231 2576 -
245 2550 261 2575 6
283 2552 363 2586 Psal.
382 2565 494 2597 xxxm,
514 2554 545 2587 3.
561 2572 602 2579 -
617 2563 631 2589 7
650 2556 697 2590 Id.
721 2557 836 2599 cufi-23.
859 2575 900 2581 —
919 2555 1032 2591 81bid.
1054 2557 1086 2600 4.
