1848 3261
256 212 495 243 ENARnAno
526 215 573 243 IN
603 213 807 244 PsALMUM
838 215 1000 253 cxvm,
1035 214 1172 244 SERMO
1204 217 1312 244 xvn.
1377 205 1458 245 461

90 279 306 324 charitatis
323 315 333 335 ,
355 296 443 324 non
460 281 660 335 aedificat,
685 279 760 324 sed
779 278 904 323 inflat
919 281 950 323 ¹.
975 280 1085 323 Cum
1105 295 1207 338 ergo
1228 289 1348 326 tanta
1366 282 1465 326 fue-

90 349 145 393 rit
166 350 348 394 charitas
369 350 416 393 in
439 350 633 394 bonitate
653 349 788 403 suavi,
813 357 864 392 ut
880 346 1234 392 tribulationibus
1252 366 1341 394 non
1363 367 1466 410 pos-

89 420 144 463 sit
185 420 380 479 extingui
401 455 412 476 ,
444 436 550 480 quas
587 420 763 465 adhibet
800 417 1022 478 disciplina
1045 438 1055 475 3
1095 427 1200 462 tunc
1236 421 1352 464 utilis
1386 422 1466 466 erit

88 489 282 545 scientia,
306 506 391 551 qua
413 491 643 535 innotescit
659 490 788 534 etiam
809 490 890 533 sibi
907 489 1039 533 homo
1063 488 1170 549 quid
1190 489 1281 549 ipse
1303 506 1467 535 merue-

89 559 170 614 rit,
197 568 240 604 et
263 576 362 620 quae
389 576 413 604 a
436 563 525 604 Deo
552 560 712 604 donata
743 559 829 603 sint
849 558 887 602 ei
908 593 918 614 ,
940 574 1016 618 per
1032 574 1132 619 quae
1154 575 1277 618 posse
1298 575 1341 603 se
1363 561 1469 605 sciat

89 646 188 690 quae
209 646 252 675 se
274 646 397 691 posse
418 631 636 676 nesciebat
654 665 666 687 ,
691 640 734 676 et
755 646 832 690 per
853 645 896 674 se
918 630 1060 690 ipsum
1082 631 1260 675 omnino
1281 646 1371 676 non
1388 647 1469 691 po-

89 709 214 760 terat.

149 773 229 815 111.
250 770 380 824 Quod
401 780 648 815 autemnon
665 771 749 816 ait:
769 774 831 816 Da
853 770 984 829 mihi,
1007 770 1082 815 sed
1097 806 1108 826 ,
1137 790 1157 813 «
1181 774 1297 817 Doce
1317 787 1387 816 me
1412 791 1422 818 ε
1447 792 1467 815 »

89 841 312 902 quomodo
335 842 520 886 suavitas
538 841 735 897 docetur,
752 843 787 886 si
802 858 890 887 non
913 841 1069 887 detur?
1087 843 1272 896 Quando
1292 843 1470 903 quidem

89 912 217 956 multi
253 912 375 973 quod
410 928 482 957 eos
514 928 603 957 non
635 912 822 957 delectat
849 912 1016 967 sciunt,
1042 921 1085 957 et
1117 929 1303 973 quarum
1323 929 1471 959 rerum

88 983 253 1028 habent
286 984 579 1043 cognitionem
595 1018 607 1039 ,
643 999 733 1028 non
772 983 937 1028 habent
968 984 1239 1027 suavitatem.
1277 985 1472 1029 Suavitas

90 1054 206 1099 enim
220 1053 326 1098 disci
347 1071 437 1100 non
453 1064 622 1114 potest,
648 1055 729 1099 nisi
749 1054 949 1099 delectet.
977 1058 1087 1098 Item
1109 1054 1351 1113 disciplina,
1372 1071 1472 1115 quae

90 1125 302 1184 significat
328 1125 667 1169 emendatoriam
697 1123 1048 1179 tribulationem,
1074 1125 1326 1184 accipiendo
1345 1125 1474 1171 disci-

90 1204 163 1240 tur
195 1215 203 1240 :
228 1195 274 1238 id
300 1205 393 1250 est,
419 1211 509 1240 non
531 1195 771 1249 audiendo,
795 1194 863 1238 vel
886 1194 1093 1252 legendo,
1124 1195 1195 1239 vel
1214 1196 1470 1253 cogitando,

90 1264 166 1309 sed
188 1264 464 1324 experiendo.
490 1268 547 1309 At
570 1280 673 1309 vero
693 1264 870 1309 scientia
889 1299 899 1318 ,
920 1279 1052 1324 quam
1075 1265 1242 1308 tertiam
1262 1267 1407 1325 posuit
1428 1267 1475 1311 in

90 1335 157 1380 his
179 1351 277 1395 quae
305 1335 363 1379 ait
383 1353 392 1379 t
424 1354 440 1374 «
461 1338 576 1379 Doce
598 1350 667 1378 me
683 1370 694 1390 ,
720 1355 737 1376 »
764 1334 962 1379 docendo
984 1334 1127 1378 datur.
1152 1337 1261 1380 Nam
1283 1337 1390 1397 quid
1412 1346 1476 1382 est

93 1405 211 1450 aliud
234 1404 411 1460 docere,
441 1420 572 1465 quam
600 1405 822 1449 scientiam
845 1405 978 1448 dare?
999 1407 1056 1448 Et
1077 1405 1170 1449 haec
1193 1405 1281 1450 duo
1312 1407 1370 1450 ita
1395 1407 1476 1452 sibi

94 1491 287 1521 connexa
309 1485 411 1519 sunt
428 1510 439 1530 ,
464 1484 514 1518 ut
532 1474 716 1518 alterum
739 1474 829 1518 sine
850 1474 984 1518 altero
1003 1490 1090 1519 esse
1112 1490 1202 1519 non
1223 1476 1370 1535 possit.
1387 1480 1476 1522 Ne-

94 1563 166 1592 mo
189 1547 302 1591 enim
320 1546 501 1590 docetur
524 1546 604 1589 nisi
626 1545 775 1600 discat,
792 1554 835 1589 et
852 1560 978 1590 nemo
1001 1545 1128 1590 discit
1147 1546 1228 1590 nisi
1250 1546 1473 1592 doceatur.

94 1622 152 1664 Et
174 1618 272 1662 ideo
300 1618 333 1661 si
354 1616 590 1676 discipulus
612 1632 745 1675 capax
767 1631 855 1660 non
877 1617 931 1660 sit
950 1631 1099 1660 eorum
1131 1633 1230 1677 quae
1255 1634 1277 1662 a
1300 1619 1478 1663 doctore

96 1688 302 1733 dicuntur
317 1722 328 1742 ,
355 1702 443 1731 non
466 1695 607 1746 potest
627 1687 779 1730 doctor
799 1685 963 1730 dicere:
989 1689 1083 1744 Ego
1105 1702 1204 1730 eum
1227 1688 1381 1743 docui,
1402 1688 1478 1733 sed

96 1761 186 1819 ipse
210 1774 295 1802 non
317 1756 468 1802 didicit
493 1777 502 1802 :
531 1756 673 1801 dicere
703 1765 850 1800 autem
877 1765 1046 1815 potest:
1072 1759 1166 1815 Ego
1188 1757 1227 1801 ei
1249 1757 1335 1801 dixi
1358 1759 1479 1818 quod

98 1829 333 1874 dicendum
363 1828 447 1872 fuit
462 1863 473 1883 ,
509 1826 585 1871 sed
607 1826 679 1870 ille
700 1842 789 1870 non
812 1826 963 1870 didicit
983 1847 994 1883 3
1019 1827 1121 1886 quia
1143 1843 1232 1871 non
1254 1831 1474 1889 percepit,

98 1916 188 1945 non
215 1896 568 1958 comprehendit,
598 1912 687 1941 non
721 1895 946 1940 intellexit.
972 1899 1082 1941 Nam
1114 1896 1310 1956 profecto
1343 1909 1386 1943 et
1407 1899 1479 1944 ille

100 1970 332 2025 didicisset,
354 1969 387 2013 si
408 1969 486 2012 iste
508 1967 737 2012 docuisset.
764 1970 820 2011 Et
836 1967 935 2011 ideo
957 1970 1070 2011 Deus
1091 1968 1269 2028 quando
1293 1970 1387 2014 vult
1405 1970 1481 2016 do-

100 2056 197 2086 cere
213 2075 224 2095 ,
248 2040 365 2099 prius
384 2039 457 2083 dat
474 2038 742 2082 intellectum
757 2072 767 2092 ,
792 2037 882 2081 sine
911 2054 999 2097 quo
1019 2054 1066 2082 ea
1089 2055 1187 2099 quae
1210 2040 1265 2083 ad
1287 2040 1479 2086 divinam

101 2110 344 2155 doctrinam
365 2108 583 2168 pertinent
604 2142 616 2163 ,
647 2108 778 2151 homo
801 2123 890 2151 non
915 2117 1057 2167 potest
1077 2107 1240 2154 discere
1265 2130 1273 2154 ;
1299 2110 1415 2154 unde
1437 2121 1480 2157 et

101 2181 181 2226 iste
216 2178 348 2240 paulo
381 2187 479 2238 post
508 2177 612 2221 dicit
637 2196 646 2222 ε
677 2197 693 2217 «
723 2180 784 2221 Da
807 2177 914 2220 mihi
935 2177 1205 2223 intellectum
1240 2189 1291 2223 ut
1318 2181 1481 2226 discam

108 2272 127 2294 »
144 2249 349 2295 mandata
367 2252 476 2293 tua‘2.
488 2269 504 2290 »
519 2251 665 2293 Potest
681 2248 827 2308 itaque
843 2247 989 2302 homo,
1002 2264 1100 2293 cum
1119 2248 1274 2294 docere
1292 2250 1481 2312 aliquem

105 2323 227 2382 cupit
242 2357 252 2376 ,
279 2321 422 2365 dicere
438 2319 512 2363 illa
534 2335 632 2380 quae
654 2318 763 2363 dixit
785 2319 992 2364 Dominus
1011 2320 1235 2380 Discipulis
1257 2337 1358 2376 suis,
1380 2339 1482 2382 pos-

105 2403 309 2454 teaquam
332 2391 560 2436 resurrexit
586 2406 609 2434 a
631 2390 812 2434 mortuis
834 2409 842 2434 ε
864 2389 939 2434 sed
959 2390 1100 2435 facere
1121 2391 1242 2452 quod
1261 2392 1331 2436 ille
1349 2392 1478 2450 fecit,

108 2481 197 2511 non
218 2462 459 2524 potest.Ait
480 2462 594 2506 enim
611 2462 919 2521 Evangelium:
940 2465 1094 2509 «Tunc
1116 2465 1283 2524 aperuit
1304 2465 1363 2510 eis
1385 2481 1483 2511 sen-

158 2556 166 2573 ¹
187 2561 199 2584 1
222 2551 294 2583 Cor.
314 2560 383 2589 viu,
401 2560 429 2583 1.
450 2565 491 2573 —
510 2555 524 2572 ²
542 2547 622 2582 Psal.
641 2559 748 2590 cxviii,
768 2548 820 2589 73.
