1848 3261
421 182 661 212 ENARRATIO
692 185 736 210 m
770 180 969 210 PsALMUM
1002 182 1120 209 evin.
1371 171 1454 209 269

76 247 349 292 miserantem
367 249 628 303 invenirent,
646 257 689 293 et
709 247 752 290 in
768 262 855 291 una
874 246 1147 305 generatione
1169 247 1259 290 sine
1277 247 1456 306 posteris

77 318 329 377 interirent,
363 320 398 363 si
431 320 523 364 haec
556 320 746 364 sentiunt
781 318 942 361 mortui
961 352 972 372 ,
1008 316 1209 361 cumulus
1241 317 1458 361 malorum

79 397 168 446 est,
188 390 222 433 si
242 390 336 433 haee
357 405 446 434 non
468 390 676 444 sentiunt,
693 387 882 433 formido
897 388 1110 431 vivorum.
1140 387 1182 431 Si
1200 395 1346 430 autem
1368 403 1462 431 mo·-

78 467 152 503 vet
172 460 394 519 quomodo
418 461 608 520 potuerit
628 459 788 504 habere
813 458 1120 512 substantiam,
1157 472 1287 517 quam
1321 456 1462 501 foene-

80 539 196 574 rator
217 540 506 586 scrutaretur,
531 531 746 590 aIienique
771 529 1035 588 diriperent,
1061 527 1237 589 quando
1248 527 1340 588 jam
1361 543 1462 572 cum

79 600 170 644 aliis
192 601 396 646 undecim
421 601 658 645 Dominum
688 600 980 659 sequebatur3
1016 597 1164 643 credat
1196 614 1297 642 eum
1319 599 1465 642 omnia

80 687 179 731 quae
201 671 392 715 habebat
409 671 464 714 ita
487 671 694 714 dimisisse
715 669 813 713 filiis
835 679 879 714 et
900 669 1049 723 uxori,
1075 679 1227 713 utnon
1251 668 1354 713 inde
1374 669 1465 713 sin-

81 741 234 785 ceriter
257 741 326 785 vel
349 751 672 800 perseveranter
693 740 918 785 vinculum
943 739 1189 798 cupiditatis
1211 739 1434 798 abruperit
1455 758 1464 783 z

82 811 157 871 qui
187 811 352 855 etiamsi
375 827 423 855 ea
449 811 570 855 velut
591 810 780 855 vendere
798 809 1018 854 videretur
1042 809 1340 854 distribuenda
1363 825 1470 868 pau-

82 881 256 940 peribus
276 916 286 936 ,
328 880 524 940 profecto
571 880 733 924 faceret
781 879 902 940 quod
940 881 1129 924 Ananias
1164 889 1260 939 post
1297 879 1470 924 Domini

83 952 422 996 ascensionem¹.
448 955 599 1012 Neque
632 951 748 994 enim
781 960 1020 1005 metueret,
1059 967 1114 994 ne
1146 952 1229 995 hoc
1262 951 1472 994 Dominus

84 1022 310 1067 divinitate
340 1032 648 1080 cognosceret,
689 1037 820 1081 quem
858 1021 948 1065 falli
983 1022 1186 1081 putabat,
1211 1021 1388 1081 quando
1422 1036 1472 1064 ea

85 1110 184 1153 quae
211 1094 520 1148 mittebantur,
546 1094 599 1137 de
621 1093 773 1137 loculis
796 1091 1061 1137 auferebat2.

143 1167 308 1207 XVIII.
333 1163 414 1208 Sed
431 1165 522 1223 jam
545 1163 768 1207 videamus
787 1198 797 1218 ,
819 1163 852 1206 si
871 1178 1096 1222 possumus
1115 1198 1125 1217 ,
1152 1172 1365 1223 quantum
1388 1165 1475 1206 Do-

85 1234 228 1278 minus
258 1233 461 1293 adjuvat,
488 1234 709 1293 quomodo
736 1234 814 1290 ista
837 1234 1069 1278 convenire
1091 1234 1256 1292 possint
1281 1234 1412 1276 etiam
1430 1233 1475 1276 in

87 1303 301 1363 populum
332 1303 586 1347 Judaeorum
606 1339 616 1358 ,
648 1305 770 1362 cujus
800 1304 1036 1347 inimicitiae
1058 1313 1206 1347 contra
1241 1303 1476 1347 Dominum

87 1374 297 1433 pertinaci
325 1373 425 1418 odio
460 1382 791 1432 permanserunt
818 1393 826 1417 2
855 1375 978 1433 cujus
1004 1373 1158 1432 populi
1185 1372 1373 1416 diximus
1395 1375 1477 1415 Ju-

89 1444 189 1488 dam
230 1444 274 1487 in
309 1444 447 1502 figura
481 1443 656 1501 gessisse
691 1458 944 1502 personam,
975 1443 1085 1487 sicut
1118 1441 1323 1487 Ecclesiae
1352 1441 1479 1501 gessit

90 1513 310 1574 apostolus
340 1517 507 1557 Petrus.
546 1533 563 1553 «
591 1514 817 1558 Constitue
839 1529 968 1573 super
991 1529 1089 1557 eum
1114 1523 1384 1572 peccatorem
1400 1548 1410 1567 ,
1437 1521 1480 1555 et

96 1605 114 1626 »
150 1583 350 1628 diabolus
368 1594 451 1628 stet
468 1600 491 1627 a.
513 1584 672 1627 dextris
694 1585 797 1643 ejus.
831 1604 848 1624 »
875 1583 1249 1636 Quemadmodum
1275 1584 1320 1626 in
1341 1583 1476 1638 Juda,

93 1655 151 1699 sic
186 1655 230 1698 in
263 1656 344 1699 isto
378 1654 542 1714 populo
574 1653 909 1712 intelligendum
938 1663 1002 1698 est
1028 1673 1036 1698 ;
1058 1654 1160 1714 qui,
1186 1654 1358 1712 repulso
1383 1669 1406 1696 a
1437 1668 1480 1696 se

93 1727 281 1781 Christo,
300 1725 440 1770 factus
462 1735 526 1770 est
547 1725 748 1769 subditus
771 1725 963 1780 diabolo,
980 1726 1102 1785 cujus
1124 1726 1419 1784 persuasiones
1437 1725 1483 1767 in

95 1796 299 1841 omnibus
322 1795 462 1856 pravis
490 1805 533 1839 et
560 1795 739 1839 terrenis
762 1794 1075 1854 cupiditatibus
1097 1795 1333 1854 praeposuit
1357 1803 1483 1838 eeter-

95 1883 163 1910 nae
178 1866 328 1910 saluti.
360 1886 375 1905 «
409 1868 521 1910 Cum
539 1864 785 1925 judicatur,
815 1875 939 1909 exeat
971 1864 1301 1909 condemnatus.
1328 1885 1344 1905 »
1371 1864 1483 1917 Quia

96 1938 141 1981 in
172 1937 366 1996 nequitia
403 1945 445 1980 et
473 1936 519 1979 in
553 1935 809 1979 infidelitate
846 1936 1076 1995 persistens
1110 1936 1369 1980 thesaurizat
1401 1935 1483 1979 sibi

97 2008 204 2051 iram
227 2008 272 2050 in
294 2005 363 2050 die
384 2007 459 2050 irae
476 2015 520 2050 et
535 2004 806 2050 revelationis
819 2007 924 2065 justi
941 2006 1093 2065 judieii
1111 2007 1210 2061 Dei,
1236 2025 1256 2047 «
1275 2007 1359 2058 Qui
1383 2004 1483 2049 red-

101 2099 120 2121 »
157 2078 230 2123 det
249 2078 484 2138 unicuique
505 2076 745 2121 secundum
768 2093 897 2136 opera
920 2079 1051 2137 ejusss.
1069 2081 1124 2121 Et
1144 2078 1280 2121 oratio
1301 2081 1336 2136 ej
1346 2093 1391 2120 us
1415 2078 1486 2120 Iiat

101 2168 122 2191 »
157 2150 203 2193 in
220 2158 446 2209 peccatum
467 2168 475 2193 ε
499 2167 519 2189 n
540 2148 643 2209 quia
665 2164 754 2192 non
776 2149 825 2191 fit
846 2164 922 2207 per
945 2148 1226 2193 mediatorem
1249 2149 1324 2192 Dei
1347 2157 1390 2191 et
1410 2148 1488 2191 ho-

100 2221 292 2274 minum,
325 2219 549 2263 hominem
584 2221 731 2262 Jesum
761 2219 982 2263 Christum
1001 2219 1041 2274 4,
1068 2229 1110 2263 et
1141 2218 1405 2263 sacerdotem
1441 2218 1488 2260 in

101 2300 314 2335 aeternum
349 2289 590 2334 secundum
614 2289 811 2333 ordinem
833 2288 1152 2335 Melchisedech
1168 2292 1198 2333 ⁵.
1220 2290 1383 2333 «Fiant
1399 2287 1490 2331 dies

105 2379 126 2402 »
162 2362 252 2420 ejus
268 2360 446 2420 pauci.»
471 2359 726 2404 Secundum
747 2375 930 2418 regnum
949 2359 1251 2420 accipiendum
1274 2368 1361 2414 est,
1387 2358 1489 2419 quia

152 2465 160 2481 ¹
187 2460 259 2490 Act.
275 2469 311 2499 v,
329 2469 359 2499 1,
378 2466 410 2490 2.
431 2470 473 2484 -ε
502 2464 515 2480 ²
535 2459 625 2489 Joan.
645 2468 688 2490 ιιι
704 2482 714 2499 ,
733 2457 766 2489 6.
787 2473 825 2479 --
849 2454 967 2489 3Rom.
991 2467 1028 2496 n,
1048 2455 1080 2496 5,
1098 2456 1131 2489 6.
1155 2473 1196 2478 —-
1214 2454 1230 2481 4
1250 2467 1262 2488 1
1291 2455 1371 2488 Tim.
1391 2465 1434 2496 11,
1454 2453 1487 2487 5.

108 2531 149 2537 ——
174 2511 189 2537 5
205 2513 285 2546 Psal.
305 2523 371 2554 cix,
391 2511 422 2555 4.
