1848 3261
269 235 511 269 ENARRATIO
542 241 589 270 nv
618 237 821 270 PsALMUM
851 240 1012 279 cxvm,
1046 238 1184 270 SERMO
1215 243 1275 271 v1.
1369 228 1456 272 403

79 304 234 350 raciter
255 304 371 349 dicat
391 323 401 350 :
422 323 442 348 «
463 308 515 349 In
531 304 654 350 labiis
670 306 774 350 meis
787 304 1010 350 enuntiavi
1032 306 1176 350 omnia
1189 305 1352 366 judicia
1373 308 1460 353 oris

80 393 104 425 Δ»
140 375 232 431 tui,
249 393 269 417 »
293 374 338 419 id
355 386 419 419 est
437 410 448 431 ‚
469 375 577 420 nihil
592 376 856 437 judiciorum
874 384 1051 420 tuorum
1071 377 1208 431 tacui,
1233 394 1331 436 quae
1352 379 1461 423 mihi

82 461 159 505 per
180 445 352 506 eloquia
375 455 450 491 tua
464 447 731 492 innotescere
751 446 947 502 voluisti,
970 446 1045 491 sed
1063 446 1206 491 omnia
1228 462 1401 506 prorsus
1416 449 1464 494 in

82 516 208 560 labiis
230 517 334 561 meis
358 518 595 562 enuntiavi.
625 520 718 562 Hoc
753 518 868 561 enim
895 517 1003 561 mihi
1025 516 1196 562 videtur
1227 517 1466 575 significare

83 587 269 633 voluisse
284 622 296 643 ‚
323 587 442 648 quod
462 603 551 633 non
573 589 655 643 ait,
681 588 824 633 omnia
835 587 998 648 judicia
1019 598 1116 645 tua3
1141 587 1240 644 sed,
1267 607 1287 630 «
1311 589 1469 633 Omnia

88 676 109 700 »
140 659 305 718 judicia
331 658 415 704 oris
439 659 527 714 tui,
557 677 577 700 »
604 657 651 703 id
671 668 760 714 est,
794 676 893 719 quae
916 659 1023 703 mihi
1044 658 1187 704 dixisti
1210 678 1219 703 ε
1244 668 1296 703 ut
1320 675 1398 719 per
1425 675 1472 704 os

87 729 178 788 ejus
196 728 419 788 eloquium
438 730 529 789 ejus
550 728 841 787 intelligamus
855 763 868 785 ‚
894 729 1015 790 quod
1036 727 1140 773 fecit
1158 728 1214 774 ad
1230 745 1309 774 nos
1335 731 1381 774 in
1403 745 1473 774 re·-

88 797 377 845 velationibus
398 808 647 844 sanctorum
669 799 869 859 pluribus
885 834 897 856 ,
917 808 961 844 et
979 800 1259 844 Testamentis
1277 798 1473 859 duobus3

93 883 192 928 quae
211 868 355 912 omnia
374 867 536 928 judicia
559 885 873 931 usquequaque
906 870 951 915 in
976 869 1103 915 labiis
1134 870 1222 915 suis
1249 872 1477 916 enuntiare

92 954 183 985 non
204 947 340 984 cessat
361 938 566 983 Ecclesia.

154 1012 233 1054 III.
259 1008 424 1053 Deinde
441 1009 681 1069 subjungit,
702 1019 745 1055 et
761 1010 867 1055 dicit
892 1029 901 1056 :
923 1029 944 1053 «
968 1013 1021 1055 In
1041 1011 1111 1055 via
1132 1010 1481 1056 testimoniorum

97 1098 118 1123 »
152 1089 330 1125 tuorum
348 1079 613 1140 jucundatus
631 1097 727 1125 sum
743 1116 754 1137 ‚
789 1082 911 1141 quasi
932 1082 979 1125 in
999 1082 1203 1125 omnibus
1225 1081 1383 1126 divitiis
1401 1083 1431 1124 1.
1458 1100 1478 1123 »

94 1151 220 1195 Viam
243 1151 590 1195 testimoniorum
613 1152 690 1196 Dei
710 1151 820 1195 nihil
852 1152 977 1196 citius
993 1187 1004 1207 ‚
1029 1151 1139 1196 nihil
1165 1152 1323 1196 certius
1338 1187 1349 1207 ‚
1374 1151 1485 1195 nihil

94 1221 266 1265 brevius
287 1257 298 1276 ,
323 1221 522 1281 nihilque
546 1221 749 1279 grandius
772 1221 1054 1280 intelligimus
1074 1238 1162 1266 esse
1185 1237 1317 1282 quam
1335 1222 1485 1266 Chris-

94 1301 212 1346 tum,
237 1292 282 1335 in
306 1308 395 1352 quo
428 1301 530 1336 suut
551 1307 700 1336 omnes
738 1293 929 1336 thesauri
962 1292 1184 1352 sapientiae
1219 1301 1262 1336 et
1295 1292 1485 1337 scientiae

96 1363 378 1407 absconditi2.
399 1363 508 1407 Inde
526 1372 569 1406 et
589 1363 668 1407 iste
691 1364 749 1407 ait
765 1379 807 1406 se
818 1363 1112 1423 jucundatum
1130 1363 1200 1409 vel
1221 1363 1487 1409 delectatum

96 1433 142 1477 in
174 1434 255 1477 hac
287 1433 355 1476 via
373 1467 384 1486 ‚
421 1451 440 1474 «
477 1433 605 1486 Quasi
644 1433 690 1476 in
722 1434 926 1477 omnibus
961 1433 1135 1478 divitiis.
1170 1452 1189 1476 »
1225 1435 1488 1479 Testimonia

96 1504 260 1563 quippe
283 1503 360 1547 Dei
376 1511 503 1557 sunt,
528 1503 686 1562 quibus
704 1512 919 1563 quantum
939 1519 1017 1547 nos
1034 1503 1185 1561 diligat
1199 1539 1210 1559 ⁷
1236 1504 1361 1548 nobis
1383 1520 1488 1563 pro-

97 1574 201 1617 bare
221 1572 440 1631 dignatur.
468 1574 758 1617 Commendat
781 1582 925 1617 autem
951 1589 1071 1617 suam
1096 1574 1351 1618 charitatem
1375 1577 1490 1620 Deus

98 1645 146 1689 in
178 1644 332 1698 nohis,
367 1663 388 1686 «
424 1644 638 1696 Quoniam
669 1660 771 1688 cum
804 1644 948 1689 adhuc
986 1654 1233 1704 peccatores
1270 1661 1486 1703 essemus,

102 1735 122 1759 »
158 1715 354 1761 Christus
376 1731 455 1774 pro
486 1715 610 1759 nobis
633 1725 830 1760 mortuus
854 1725 918 1760 est
933 1717 964 1760 3.
993 1735 1013 1757 »
1047 1719 1160 1761 Cum
1183 1732 1283 1774 ergo
1315 1718 1404 1777 ipse
1426 1717 1490 1762 di-

100 1796 169 1833 cat
192 1806 201 1831 ε
230 1806 250 1829 «
275 1789 367 1844 Ego
394 1802 490 1830 sum
506 1786 604 1831 via4
627 1805 636 1830 2
665 1805 685 1828 »
704 1796 746 1830 et
767 1786 989 1831 humilitas
1012 1788 1101 1847 ejus
1123 1788 1304 1831 carnalis
1328 1789 1486 1833 nativi-

100 1858 200 1902 tatis
222 1866 352 1917 atque
371 1856 596 1915 passionis,
613 1855 828 1900 evidentia
845 1856 929 1900 sint
947 1857 1191 1901 testimonia
1208 1857 1367 1902 divinae
1389 1874 1489 1917 erga

101 1944 180 1972 nos
196 1925 437 1970 dilectionis
452 1946 462 1982 3
482 1925 636 1984 procul
656 1926 791 1970 dubio
809 1926 876 1971 via
890 1927 1237 1972 testimoniorum
1252 1928 1328 1972 Dei
1346 1929 1491 1974 Chris-

102 2007 172 2043 tus
195 2005 272 2041 θεῖ.
307 1999 387 2040 Per
409 1996 501 2039 haec
523 1996 685 2055 quippe
710 1996 952 2041 testimonia
975 2013 1075 2058 quae
1104 1997 1150 2042 in
1181 1997 1257 2042 illo
1289 1999 1487 2044 videmus

102 2068 303 2128 impleta,
326 2067 455 2110 etiam
476 2065 623 2110 futura
646 2082 745 2125 erga
766 2083 860 2122 nos,
880 2083 980 2128 quae
1002 2069 1262 2129 sempiterna
1282 2071 1490 2129 promissa

104 2150 226 2195 sunt‚
252 2147 525 2198 expectamus
548 2147 591 2181 et
607 2154 826 2197 speramus
843 2138 1079 2199 implenda.
1105 2159 1126 2183 «
1150 2141 1231 2194 Qui
1253 2141 1369 2185 enim
1391 2157 1491 2201 pro—

107 2230 128 2254 »
163 2210 257 2269 prio
280 2208 390 2253 Filio
408 2223 496 2252 non
519 2209 727 2267 pepercit,
748 2209 822 2253 sed
845 2225 923 2268 pro
944 2210 1068 2255 nobis
1090 2212 1292 2257 omnibus
1308 2211 1489 2256 tradidit

109 2299 129 2323 »
165 2295 281 2334 eum,
302 2279 524 2339 quomodo
546 2294 636 2322 non
657 2288 702 2322 et
723 2295 822 2323 cum
840 2279 915 2323 illo
932 2282 1074 2326 omnia
1094 2282 1219 2326 nobis
1241 2281 1486 2327 donavit⁵.»

167 2353 242 2395 IV.
267 2349 491 2409 Sequitur,
522 2368 541 2390 «
568 2353 619 2393 In
641 2351 853 2394 mandatis
880 2351 963 2395 tuis
992 2353 1172 2410 garriam
1188 2388 1199 2410 ,
1225 2362 1269 2398 et
1289 2354 1491 2405 conside-

111 2440 132 2464 »
167 2421 274 2465 rabo
298 2420 387 2465 vias
409 2428 503 2464 tuas
520 2422 551 2464 ⁶⁵.
580 2438 599 2461 ³>
626 2421 755 2473 Quod
781 2436 944 2480 graecus
957 2422 1090 2468 habet
1110 2430 1314 2474 ἀδο>,εσχ,τ’.σω
1332 2459 1343 2480 ,
1368 2424 1491 2471 latini

157 2526 167 2542 ¹
185 2518 265 2550 Psal.
281 2528 390 2557 nxvm,
414 2516 463 2558 14.
484 2534 525 2539 ·—
547 2524 557 2538 2
573 2517 691 2549 Coloss.
712 2529 746 2559 ιι,
767 2518 796 2550 3.
818 2535 860 2541 -·
877 2517 889 2541 3
909 2521 998 2553 Rom.
1017 2531 1049 2562 v,
1069 2521 1101 2553 8.
1123 2538 1163 2544 —
1180 2519 1197 2551 4
1214 2523 1305 2554 Joan.
1327 2532 1389 2564 xiv,
1411 2522 1492 2555 6.—

107 2572 122 2598 5
143 2578 234 2608 Rom.
252 2573 390 2616 V¹¹1>32-
410 2590 451 2595 —
473 2570 487 2595 6
506 2573 586 2605 Psal.
609 2584 718 2614 cxvm,
742 2573 792 2605 15.

1267 2631 1329 2671 26.
