1848 3261
391 198 478 242 414
825 206 860 237 S.
895 205 1128 238 Aucus-nm
1158 207 1342 238 Enscom

390 274 529 320 rium?
541 274 630 318 Aut
648 273 870 334 quomodo
885 274 964 319 ista
986 275 1075 319 duo
1092 282 1214 329 sunt,
1235 283 1279 318 et
1299 289 1389 319 non
1405 274 1576 319 unum?
1594 274 1651 318 Ut
1665 272 1775 334 quid

390 345 506 390 enim
528 345 788 405 concupisco
817 344 1060 391 desiderare
1086 344 1440 404 justificationes,
1481 360 1531 389 ac
1556 360 1646 389 non
1663 345 1775 403 ipsas

385 416 713 477 justificationes
731 416 874 475 potius
888 431 1022 475 quam
1041 431 1190 460 earum
1207 414 1470 459 desiderium
1482 415 1776 474 concupisco?

389 491 480 533 Aut
499 503 588 548 quo
609 497 736 547 pacto
758 502 934 546 possum
949 488 1312 547 justificationum
1335 486 1598 531 desiderium
1613 501 1779 532 concu-

389 558 553 618 piscere
569 593 585 613 ,
619 567 663 601 θῖ
690 557 802 616 ipsas
827 557 1156 617 justificationes
1187 574 1277 602 non
1311 557 1645 617 concupiscere3
1676 571 1776 600 cum

389 628 487 673 ideo
510 642 657 672 earum
684 626 948 671 desiderium
980 629 1284 687 concupiscam
1301 664 1312 684 ‚
1344 629 1447 689 quia
1476 628 1587 687 ipsas
1619 627 1780 672 habere

390 698 550 757 cupio?
570 697 699 751 Quod
718 697 752 742 si
772 698 832 742 ita
853 707 918 742 est
931 733 942 753 ‚
960 699 1050 757 jam
1074 699 1185 758 ipsas
1201 700 1353 759 utique
1368 699 1644 758 concupisco.
1662 692 1783 754 Quid

390 769 520 827 igitur
533 785 641 828 opus
659 777 722 812 est
735 779 784 813 ut
801 784 951 826 earum
964 769 1226 814 desiderium
1244 770 1565 829 concupiscam,
1576 784 1676 814 cum
1690 769 1784 829 jam

390 839 437 883 id
457 840 643 884 habeam
658 874 670 894 ,
695 848 738 883 et
754 840 915 883 habere
937 854 1008 883 me
1023 841 1205 883 sentiam
1218 843 1235 882 ‘Z
1247 844 1344 886 Non
1357 841 1472 885 enim
1493 855 1663 900 possem
1683 854 1784 884 con-

391 910 611 968 cupiscere
624 908 884 954 desiderium
893 909 1088 969 justitiae,
1101 909 1183 953 nisi
1196 909 1780 969 concupiscendojustitiam..

391 982 460 1024 An
483 980 566 1024 hoc
588 989 651 1024 est
671 978 787 1040 quod
813 979 1011 1039 superius
1033 978 1121 1023 dixi
1137 1014 1148 1034 ‚
1173 979 1294 1040 quod
1330 979 1551 1038 diligenda
1573 979 1626 1023 sit
1653 978 1785 1022 etiam

391 1050 481 1109 ipsa
502 1050 679 1095 dilectio
697 1086 708 1104 ,
730 1067 816 1110 qua
833 1050 1028 1108 diligitur
1046 1049 1167 1110 quod
1190 1050 1311 1108 diligi
1329 1059 1503 1109 oportet
1525 1071 1536 1107 3
1561 1051 1672 1093 sicut
1684 1048 1785 1094 odio

391 1122 595 1166 habenda
615 1131 679 1165 est
699 1121 891 1176 dilectio,
913 1137 999 1181 qua
1023 1120 1220 1179 diligitur
1247 1120 1368 1181 quod
1395 1120 1515 1178 diligi
1543 1136 1632 1164 non
1655 1135 1786 1179 opor-

392 1194 480 1235 tet?
502 1191 615 1245 Qdio
636 1193 799 1251 quippe
822 1193 1035 1236 habemus
1053 1192 1451 1252 concupiscentiam
1474 1202 1683 1246 nostram,
1701 1206 1787 1250 qua

393 1277 491 1306 caro
513 1262 784 1321 concupiscit
799 1263 1003 1306 adversus
1025 1263 1223 1322 spiritum
1241 1266 1270 1306 ¹.
1290 1266 1346 1306 Et
1367 1262 1475 1322 quid
1495 1272 1558 1306 est
1575 1262 1654 1306 ista
1678 1277 1787 1305 con-

394 1333 683 1392 cupiscentia‚
704 1333 784 1376 nisi
808 1333 920 1376 mala
938 1334 1142 1376 dilectio?
1157 1336 1213 1375 Et
1224 1332 1445 1390 diligimus
1470 1332 1788 1391 concupiscen-

394 1405 498 1448 tiam
516 1412 708 1447 nostram
725 1438 735 1457 ,
762 1419 849 1463 qua
870 1402 1044 1462 spiritus
1069 1403 1340 1462 concupiscit
1369 1403 1576 1448 adversus
1593 1418 1784 1448 carnem.

394 1478 451 1518 Et
473 1474 580 1534 quid
604 1483 668 1518 θεῖ
689 1474 770 1518 ista
798 1473 1170 1532 concupiscentia,
1204 1473 1287 1517 nisi
1314 1474 1430 1517 bona
1452 1473 1652 1519 dilectio?
1674 1476 1788 1519 Cum

395 1554 540 1588 auten]
555 1544 731 1597 dicitur,
748 1543 968 1602 diligenda
985 1553 1064 1598 est,
1082 1543 1190 1604 quid
1203 1543 1325 1588 aliud
1338 1544 1498 1589 dicitur
1511 1561 1659 1605 quam,
1679 1560 1788 1589 con-

394 1616 655 1675 cupiscenda
675 1617 767 1659 est?
803 1615 1014 1668 Quocirca
1046 1617 1253 1674 quoniam
1277 1626 1391 1661 recte
1418 1617 1789 1676 concupiscuntur

389 1686 718 1745 justificationes
734 1686 807 1730 Dei
825 1721 835 1741 ,
863 1695 978 1730 recte
1001 1687 1323 1745 concupiscitur
1341 1688 1689 1746 concupiscentia
1701 1689 1789 1747 jus-

396 1758 684 1801 tificationum
707 1757 798 1800 Dei.
826 1760 920 1800 Hoc
942 1757 1059 1800 enim
1081 1757 1165 1801 alio
1189 1758 1320 1802 modo
1340 1759 1399 1802 sic
1427 1768 1567 1817 potest
1590 1759 1677 1802 dici
1707 1777 1716 1803 t
1745 1757 1789 1804 Si

395 1837 510 1872 recte
534 1827 776 1886 diliguntur
789 1827 1118 1887 justificationes
1134 1828 1208 1871 Dei
1227 1861 1238 1883 ,
1258 1838 1373 1872 recte
1395 1828 1589 1887 diligitur
1611 1829 1788 1874 dilectio

391 1899 751 1957 justificationum
774 1898 865 1942 Dei.
891 1902 961 1942 An
983 1897 1102 1942 aliud
1125 1907 1189 1942 θεῖ
1210 1900 1516 1958 concupiscere
1530 1935 1541 1956 ,
1570 1899 1689 1944 aliud
1707 1899 1787 1943 de—

397 1967 617 2012 siderare?
638 1971 736 2014 Non
765 1968 886 2028 quod
908 1984 997 2012 ncn
1026 1968 1080 2012 sit
1108 1970 1461 2028 concupiscentia
1491 1968 1755 2014 desiderium
1772 2003 1784 2025 ‚

397 2038 471 2083 sed
489 2040 590 2099 quia
604 2055 694 2083 non
712 2039 850 2083 omnis
865 2039 1218 2097 concupiscentia
1235 2039 1498 2084 desiderium
1519 2049 1595 2084 est.
1613 2042 1790 2085 Concu-

397 2110 624 2169 piscuntur
637 2111 753 2154 enirn
763 2126 804 2154 et
818 2126 917 2170 quae
929 2110 1211 2165 habentur,et
1224 2126 1322 2170 quae
1334 2127 1422 2155 non
1433 2111 1672 2155 habentur:
1686 2126 1785 2156 nam

399 2181 748 2241 concupiscendo
767 2216 777 2236 ‚
811 2181 972 2225 fruitur
993 2181 1125 2224 homo
1148 2180 1278 2225 rebus
1308 2198 1414 2241 quas
1433 2182 1591 2239 habet3
1614 2181 1788 2226 deside-

400 2252 536 2296 rando
560 2262 704 2296 autern
722 2287 732 2307 ‚
749 2252 942 2296 absentia
964 2251 1246 2311 concupiscit.
1266 2252 1535 2297 Desiderium
1557 2268 1659 2312 ergo
1680 2252 1788 2313 quid

399 2332 464 2367 est
479 2358 490 2377 ‚
516 2323 597 2367 nisi
616 2338 761 2367 rerum
783 2322 1027 2367 absentium
1052 2322 1433 2381 concupiscentia?
1458 2323 1542 2369 Sed
1568 2323 1645 2369 Dei
1657 2324 1788 2384 justi-

398 2394 621 2438 ficationes
653 2394 849 2438 absentes
884 2408 973 2437 esse
1008 2392 1230 2454 quomodo
1260 2404 1466 2453 possunt,
1492 2395 1574 2439 nisi
1608 2393 1786 2455 quando

400 2465 681 2510 nesciuntur?
703 2468 771 2511 An
788 2474 831 2510 et
844 2463 1020 2525 quando
1042 2464 1238 2510 sciuntur
1254 2473 1298 2510 et
1318 2481 1408 2511 non
1425 2466 1539 2512 fiunt
1551 2501 1563 2522 ‚
1587 2466 1786 2512 absentes

451 2556 461 2573 ¹
488 2549 558 2583 Gal.
573 2560 605 2592 v,
629 2560 679 2591 ¹7·
