1848 3261
379 174 464 215 478
813 180 847 211 s.
883 179 1114 212 Auonsrxm
1148 182 1330 212 Emscom

380 262 456 297 aut
485 250 584 295 ideo
616 251 666 294 fit
687 258 737 294 ut
759 249 928 295 dulcior
945 251 1092 295 veniat
1115 249 1246 294 dilata
1270 248 1522 310 jucunditas
1542 284 1554 306 ,
1590 258 1665 295 aut
1688 250 1768 295 iste

381 337 530 366 sensus
551 330 615 365 est
650 319 1016 377 desiderantium,
1042 336 1142 365 cum
1165 320 1352 380 spatium
1382 320 1611 380 temporis,
1636 320 1770 365 etiam

381 390 503 453 quod
522 390 797 435 subvenienti
825 392 958 435 breve
977 400 1063 446 est,
1088 389 1271 449 longum
1308 399 1372 434 est
1397 391 1571 434 amanti.
1598 410 1618 432 «
1642 391 1772 436 Novit

384 480 405 505 »
441 470 587 506 autem
609 461 814 505 Dominus
837 460 942 520 quid
966 461 1147 520 quando
1163 459 1314 515 faciat,
1340 461 1416 522 qui
1436 461 1483 505 in
1504 476 1707 506 mensura
1728 470 1773 505 et

385 550 406 574 »
441 547 625 576 numero
647 539 690 574 et
712 530 905 590 pondere
927 540 1086 575 cuncta
1108 530 1345 590 disponit1.
1377 551 1394 572 »

443 604 522 646 III.
558 599 825 644 Ardentibus
860 608 1008 643 autem
1030 600 1294 660 spiritalibus
1316 599 1561 655 desideriis,
1586 599 1775 645 carnalia

384 670 591 716 desideria
613 669 702 713 sine
729 669 1005 714 dubitatione
1028 668 1267 729 frigescunt
1294 690 1303 716 :
1332 681 1508 731 propter
1529 671 1613 715 hoc
1631 670 1777 731 sequi-

385 751 458 787 tur
483 757 492 782 z
523 760 539 781 «
567 740 785 794 Quoniam
803 739 944 785 factus
965 756 1062 785 sum
1084 750 1296 802 tanquam
1318 752 1416 786 uter
1434 743 1480 786 in
1495 742 1778 803 pruina3jus-

388 831 409 855 »
446 811 700 857 tificationes
722 820 818 856 tuas
842 827 929 856 non
947 828 1043 856 sum
1061 812 1268 858 oblitus2.
1298 832 1318 855 »
1335 814 1551 859 Nimirum
1570 813 1684 858 enim
1701 828 1779 873 per

386 893 528 929 utrem
560 898 734 927 carnem
773 884 923 927 mortis
954 884 1104 944 hujus,
1140 900 1215 943 per
1249 885 1452 944 pruinam
1479 901 1582 929 vero
1604 883 1779 928 coeleste

387 954 650 999 beneficium
681 952 777 997 vult
798 953 1006 1013 intelligi,
1032 970 1121 1014 quo
1150 955 1289 999 carnis
1318 955 1681 1014 concupiscentiae
1702 969 1781 998 ve-

388 1025 453 1070 lut
477 1026 636 1083 frigore
661 1024 896 1068 cohibente
927 1034 1204 1084 torpescunt,
1229 1035 1271 1070 et
1298 1026 1348 1070 fit
1373 1026 1476 1070 hinc
1500 1036 1550 1070 ut
1568 1026 1782 1086 justifica-

389 1097 528 1141 tiones
547 1096 623 1140 Dei
646 1094 700 1138 de
722 1095 930 1139 memoria
953 1112 1042 1140 non
1066 1096 1293 1151 labantur,
1325 1097 1431 1140 dum
1454 1112 1543 1140 non
1565 1096 1781 1153 cogitatur

395 1166 600 1223 aliunde,
633 1165 837 1226 quoniam
858 1166 907 1209 fit
930 1165 1050 1225 quod
1073 1166 1132 1209 ait
1152 1165 1386 1225 Apostolus
1415 1185 1424 1211 ε
1460 1184 1479 1207 «
1501 1166 1652 1211 Carnis
1680 1181 1784 1225 pro-

395 1256 415 1278 »
450 1236 688 1280 videntiam
710 1251 765 1280 ne
795 1235 984 1280 feceritis
1005 1236 1050 1279 in
1073 1236 1481 1296 concupiscentiis3.
1511 1254 1531 1277 »
1560 1236 1666 1279 Ideo
1684 1251 1786 1279 cum

393 1307 568 1351 dixisset
585 1325 593 1350 ε
613 1306 864 1360 «Quoniam
886 1305 1028 1350 factus
1051 1323 1145 1350 sum
1164 1316 1373 1367 tanquam
1387 1315 1484 1350 uter
1500 1307 1546 1349 in
1569 1307 1743 1366 pruina,
1761 1324 1782 1347 »

394 1377 600 1437 subjecit,
634 1395 654 1418 «
683 1376 1023 1420 Justificationes
1046 1386 1140 1420 tuas
1163 1393 1253 1421 non
1281 1392 1377 1421 sum
1400 1375 1560 1420 oblitus
1593 1395 1601 1420 :
1632 1395 1652 1418 »
1693 1378 1787 1420 Hoc

395 1457 480 1503 est,
523 1446 623 1492 ideo
664 1462 754 1491 non
790 1462 887 1490 sum
910 1445 1073 1491 oblitus
1092 1482 1102 1502 ,
1127 1447 1336 1507 quoniam
1367 1446 1462 1490 talis
1497 1444 1636 1490 factus
1671 1461 1784 1491 sum.

397 1521 561 1562 Fervor
583 1517 700 1561 enim
725 1517 975 1576 cupiditatis
997 1517 1226 1577 obtorpuit
1241 1553 1252 1573 ,
1276 1526 1328 1562 ut
1361 1515 1546 1561 ferveret
1581 1516 1789 1561 memoria

396 1589 600 1633 caritatis.

457 1661 533 1703 IV.
565 1677 585 1699 «
608 1660 728 1711 Quot
747 1666 850 1702 sunt
867 1657 958 1701 dies
975 1658 1086 1702 servi
1103 1659 1193 1714 tui,
1218 1658 1398 1719 quando
1420 1658 1551 1703 facies
1573 1659 1627 1703 de
1648 1672 1790 1718 perse-

403 1756 422 1778 »
457 1735 695 1796 quentibus
716 1750 787 1778 me
809 1733 1025 1794 judicium
1039 1736 1087 1779 4?
1119 1751 1139 1776 »
1166 1738 1217 1779 In
1240 1735 1501 1794 Apocalypsi
1523 1744 1587 1779 est
1606 1735 1686 1779 ista
1707 1749 1793 1779 vox

399 1811 643 1865 Martyrum
656 1840 667 1859 ,
685 1814 727 1848 et
742 1805 800 1848 eis
814 1805 1053 1864 imperatur
1064 1804 1272 1864 patientia
1287 1804 1427 1848 donec
1441 1803 1624 1849 fratrum
1640 1819 1792 1849 eorum

401 1875 895 1936 numerusimpleaturf’.
917 1894 937 1916 »
957 1879 1019 1920 De
1037 1875 1192 1919 diebus
1213 1890 1314 1934 ergo
1331 1877 1418 1919 suis
1440 1877 1678 1934 interrogat
1693 1890 1793 1919 cor-

401 1966 484 2011 pus
500 1947 686 2001 Christi,
710 1947 785 2007 qui
801 1946 938 1990 futuri
950 1956 1053 1990 sunt
1069 1946 1113 1990 in
1126 1947 1210 1991 hoe
1228 1945 1403 1991 saeculo.
1417 1949 1472 1990 Et
1486 1961 1541 1990 ne
1560 1945 1794 2007 quisquam

403 2028 578 2081 putaret
601 2027 700 2063 ante
722 2018 793 2061 hic
814 2015 1051 2061 Ecclesiam
1075 2032 1163 2060 non
1187 2014 1382 2060 futuram
1397 2051 1407 2071 ,
1428 2031 1561 2077 quam
1594 2015 1691 2060 finis
1710 2031 1793 2059 sae-

405 2090 494 2136 culi
515 2090 703 2143 venerit,
731 2097 774 2132 et
796 2087 962 2148 aliquid
984 2087 1190 2147 temporis
1214 2085 1413 2131 futurum
1435 2087 1481 2131 in
1503 2087 1587 2131 hoc
1609 2086 1791 2143 saeculo,

406 2177 495 2223 quo
530 2160 721 2206 Ecclesia
747 2160 837 2218 jam
860 2174 950 2203 non
980 2159 1033 2202 sit
1055 2159 1100 2201 in
1124 2158 1273 2215 terris,
1298 2167 1525 2217 propterea
1547 2172 1646 2201 cum
1670 2173 1794 2218 quae-

407 2233 529 2276 sisset
551 2231 606 2275 de
630 2229 782 2274 diebus
802 2229 886 2273 suis
901 2264 912 2284 ,
943 2227 1140 2289 adjunxit
1159 2228 1288 2272 etiam
1314 2227 1369 2272 de
1384 2228 1572 2288 judicio,
1597 2226 1794 2288 profecto

409 2303 709 2348 demonstrans
722 2314 859 2360 usque
875 2299 929 2344 ad
947 2300 1179 2360 judicium,
1199 2299 1245 2343 in
1268 2316 1356 2360 quo
1375 2300 1429 2344 de
1443 2299 1795 2359 persecutoribus

410 2375 500 2435 ejus
521 2383 584 2418 est
605 2373 753 2417 futura
767 2370 960 2415 vindicta
977 2405 989 2426 ,
1005 2371 1142 2431 ipsam
1164 2386 1341 2431 quoque
1362 2371 1409 2415 in
1431 2371 1553 2415 terris
1575 2370 1793 2426 futuram,

459 2479 469 2494 ¹
492 2474 565 2513 Sap.
587 2480 632 2511 xi,
648 2478 749 2501 21.-
767 2474 780 2490 ²
800 2467 880 2500 Psal.
899 2478 1013 2509 exvm,
1028 2467 1130 2500 83.—
1149 2465 1162 2490 3
1182 2468 1271 2500 Rom.
1294 2478 1363 2509 xm,
1386 2465 1606 2510 14.—4Psal.
1621 2464 1792 2508 cxvm,24.

414 2543 456 2550 —-
474 2524 489 2550 5
507 2529 607 2568 Apoe.
627 2535 740 2565 v1‚10.
