1848 3261
351 200 436 241 344
784 211 817 241 s.
853 211 1081 241 Avensa-lm
1113 214 1294 243 Emscorx

349 276 528 321 tendere
543 311 554 332 ‚
575 292 704 337 quam
726 286 776 321 ut
797 278 841 321 in
865 294 915 322 eo
935 279 1054 338 quod
1076 278 1164 321 istis
1190 278 1324 323 oculis
1348 293 1371 322 a
1391 278 1513 322 vobis
1530 273 1726 322 ostendi-

346 356 433 402 tur,
456 348 586 392 vestri
608 346 749 391 cordis
771 349 939 392 caecitas
958 348 1225 392 ostendatur.
1258 348 1375 401 Quid
1396 348 1511 392 enim
1533 345 1727 391 ostendi-

347 417 421 472 tis,
447 417 527 460 nisi
549 433 705 461 aurum
725 426 767 460 et
789 420 1051 475 argentum?
1077 418 1251 461 Habent
1272 417 1447 478 quidem
1475 427 1518 461 et
1545 432 1655 460 aerea
1685 424 1729 459 et

345 486 510 545 lignea,
530 495 573 530 et
594 486 741 530 fictilia
759 486 986 531 simulacra
1001 522 1012 542 ,
1038 496 1080 530 et
1096 487 1397 548 hujuscemodi
1419 486 1593 530 alterius
1616 485 1727 529 alte-

344 558 520 617 riusque
557 555 749 599 materiae
783 574 792 600 ε
825 555 901 599 sed
923 558 1159 615 pretiosum
1190 573 1342 603 eorum
1363 556 1516 601 maluit
1536 571 1729 600 comme-

344 641 513 671 morare
553 624 736 684 Spiritus
758 633 958 682 sanctus,
985 626 1088 685 quia
1110 643 1211 671 eum
1242 628 1288 670 in
1311 642 1361 671 eo
1397 627 1580 687 quisque
1610 624 1731 685 quod

344 695 408 739 illi
427 695 596 739 charius
618 703 681 738 est
703 695 951 749 erubuerit,
976 695 1118 740 multo
1135 696 1304 740 facilius
1323 697 1530 740 avertitur
1552 711 1577 739 a
1595 709 1730 740 vene-

344 766 510 810 ratione
531 764 749 809 viliorum.
776 768 883 811 Nam
909 766 1076 810 dictum
1097 776 1162 811 est
1183 766 1266 811 alio
1288 767 1385 812 loco
1410 767 1733 826 Scripturarum

344 837 400 881 de
442 836 771 880 simulacrorum
808 835 1053 881 cultoribus
1093 855 1101 881 :
1144 856 1164 880 «
1185 838 1384 882 Dicentes
1416 838 1536 896 ligno
1568 855 1577 881 ε
1604 840 1732 880 Pater

347 925 369 948 »
404 922 526 950 meus
551 921 594 950 es
622 915 697 964 tu,
724 915 768 951 et
787 906 922 966 lapidi
948 925 957 952 ε
985 910 1051 951 Tu
1072 923 1143 952 me
1167 908 1398 967 genuisti1.
1425 925 1445 948 »
1470 907 1553 951 Sed
1575 922 1630 950 ne
1651 907 1733 951 sibi

344 977 602 1037 prudentior
622 976 822 1022 videatur
846 978 920 1037 qui
943 978 1027 1022 hoe
1059 995 1148 1022 non
1173 978 1291 1037 ligno
1314 987 1357 1022 et
1389 976 1523 1036 lapidi
1546 976 1728 1032 dixerit,

344 1048 419 1092 sed
449 1063 555 1092 auro
584 1057 627 1091 et
659 1057 862 1106 argento,
880 1049 969 1092 huc
992 1049 1169 1107 aspiciat
1188 1083 1199 1103 ,
1223 1049 1311 1092 huc
1333 1062 1481 1092 aurem
1501 1046 1641 1091 cordis
1662 1047 1733 1090 in·-

342 1117 497 1162 tendat
517 1138 525 1162 :
557 1136 576 1160 «
591 1117 829 1162 Simulacra
848 1118 1055 1161 Gentium
1075 1128 1304 1177 argentum
1324 1127 1367 1162 et
1389 1133 1560 1162 aurum.
1588 1134 1608 1158 »
1635 1119 1733 1162 Non

345 1188 567 1247 abjectum
599 1187 763 1247 aliquid
790 1197 833 1232 et
862 1187 1133 1246 aspernabile
1165 1188 1439 1232 nominatum
1478 1195 1542 1231 est
1574 1205 1584 1230 ι
1624 1195 1666 1230 et
1695 1187 1733 1231 ei

343 1255 523 1317 quidem
548 1256 691 1300 animo
717 1257 794 1316 qui
815 1266 929 1301 terra
955 1273 1045 1301 non
1074 1266 1162 1311 est,
1188 1266 1301 1301 terra
1334 1267 1398 1301 est
1429 1266 1472 1300 et
1508 1271 1661 1300 aurum
1690 1266 1734 1301 et

345 1335 577 1385 argentum
597 1348 608 1384 3
628 1326 705 1370 sed
722 1326 953 1384 speciosior
977 1335 1108 1386 atque
1130 1325 1382 1385 fulgentior,
1407 1325 1582 1370 solidior
1603 1335 1733 1385 atque

343 1398 521 1441 firmior.
543 1397 642 1443 Noli
664 1413 766 1456 ergo
788 1397 947 1441 addere
964 1413 1116 1441 manus
1138 1398 1369 1441 hominum
1386 1433 1397 1452 ,
1422 1406 1472 1440 ut
1494 1412 1544 1440 ex
1566 1413 1616 1441 eo
1637 1412 1732 1441 me-

343 1467 448 1512 tallo
484 1467 603 1528 quod
641 1467 744 1514 feeit
773 1483 900 1511 verus
925 1471 1062 1523 Deus,
1097 1466 1203 1512 velis
1225 1467 1367 1512 facere
1392 1467 1550 1512 falsum
1571 1467 1730 1526 deum,

343 1538 432 1582 imo
467 1537 626 1582 falsum
657 1538 905 1592 hominem,
951 1553 1083 1597 quem
1116 1554 1195 1597 pro
1228 1553 1330 1583 vero
1367 1538 1580 1582 venereris
1617 1540 1730 1596 Deo3

342 1622 476 1668 quem
508 1607 705 1667 quisquis
732 1623 812 1666 pro
835 1623 938 1651 vero
961 1607 1140 1652 homine
1165 1609 1210 1653 in
1236 1608 1471 1653 amicitiam
1492 1608 1735 1667 reciperet,

341 1677 565 1722 insaniret.
591 1677 723 1721 Ducit
740 1678 855 1720 enim
872 1712 883 1732 ‚
903 1686 947 1721 et
970 1677 1132 1723 affectu
1148 1678 1341 1738 quodam
1363 1679 1517 1722 infimo
1536 1679 1647 1737 rapit
1665 1679 1740 1722 in·-

345 1749 470 1792 firma
487 1748 619 1793 corda
639 1748 891 1792 mortalium
912 1747 1066 1792 formae
1087 1749 1329 1793 similitudo
1345 1784 1356 1804 ,
1377 1758 1420 1793 et
1438 1749 1737 1794 membrorum

343 1818 509 1862 imitata
530 1833 757 1877 compago.
787 1818 872 1862 Sed
888 1818 1000 1862 sicut
1017 1818 1228 1863 fabricata
1255 1819 1424 1876 singula
1447 1819 1651 1875 ostendis,
1677 1819 1737 1864 sic

345 1887 529 1933 ostende
551 1889 693 1932 officia
715 1887 1001 1947 singulorum,
1027 1904 1216 1949 quorum
1230 1898 1274 1933 te
1295 1890 1473 1947 effigies,
1499 1905 1525 1935 o
1545 1891 1737 1934 humana

344 1958 527 2012 vanitas,
545 1957 695 2001 trahit.

403 2031 462 2073 ΙΙ.
501 2029 589 2072 «Os
611 2028 728 2072 enim
758 2028 943 2083 habent,
978 2037 1021 2073 et
1056 2044 1147 2074 non
1181 2027 1443 2089 loquentur,
1474 2029 1626 2074 oeulos
1653 2030 1737 2075 ha-

348 2117 369 2141 »
404 2100 511 2143 bent
525 2134 536 2154 ,
562 2108 605 2143 et
626 2114 716 2143 non
733 2098 948 2143 videbunt
970 2119 978 2144 :
1000 2115 1123 2144 aures
1144 2100 1330 2155 habent,
1357 2109 1401 2144 et
1423 2116 1513 2144 non
1526 2099 1702 2145 audient
1722 2120 1731 2145 :

348 2188 369 2212 »
405 2185 529 2214 nares
549 2169 714 2213 habent
731 2205 742 2224 ,
785 2178 828 2213 et
855 2186 945 2215 non
977 2170 1224 2215 odorabunt
1252 2190 1261 2216 :
1286 2187 1441 2215 manus
1468 2171 1661 2226 habent,
1693 2180 1737 2216 et

349 2258 370 2282 »
404 2256 495 2285 non
529 2239 895 2298 contrectabunt,
937 2240 1071 2300 pedes
1104 2240 1298 2297 habent,
1334 2250 1378 2285 et
1409 2256 1499 2286 non
1532 2240 1735 2285 ambula-

349 2335 370 2359 »
405 2318 520 2362 bunt
545 2336 555 2362 :
582 2332 673 2361 non
695 2316 949 2362 clamabunt
975 2318 1020 2361 in
1050 2316 1248 2362 faucibus
1280 2318 1398 2361 suis2
1423 2335 1468 2362 z»
1513 2319 1609 2361 Jam
1631 2332 1734 2375 ergo

346 2387 501 2432 artifex
540 2387 693 2432 melior
736 2396 800 2431 est
848 2387 934 2442 eis,
988 2389 1091 2447 quia
1134 2404 1184 2433 ea
1240 2388 1384 2447 potuit
1434 2387 1733 2431 membrorum

345 2467 470 2503 motu
511 2467 642 2518 atque
681 2458 826 2503 officio
860 2456 1070 2503 fabricare
1113 2478 1122 2504 :
1168 2474 1301 2519 quem
1338 2468 1486 2503 tamen
1522 2457 1732 2502 artificem

397 2560 407 2578 ¹
423 2556 544 2588 Jerem.
559 2555 595 2599 n,
614 2563 668 2598 27.
685 2570 726 2579 ·-
746 2561 759 2580 ²
773 2554 854 2588 Psal.
871 2565 962 2598 cxm,
981 2554 1050 2596 5-7.
