1848 3261
416 212 497 252 138
851 221 885 250 s.
921 221 1152 251 AUGUSTINI
1185 225 1366 252 Emscom

414 304 527 343 rem,
553 296 595 332 et
608 287 874 332 columbam.
901 289 1070 332 Divisus
1092 297 1154 331 cst
1177 289 1298 344 aries,
1320 299 1367 337 „et
1390 289 1593 334 adversus
1613 288 1798 333 invicem

413 367 555 418 partes
577 358 823 402 constitutae
845 377 853 402 ε
875 358 1009 401 divisa
1033 373 1160 416 capra
1172 347 1197 412 ,³
1210 358 1493 403 nihilominus
1521 360 1724 404 adversus
1755 372 1799 401 se

412 437 556 489 partes
577 428 823 473 constitutae
845 447 854 472 2
879 427 1012 471 divisa
1032 443 1183 482 vacca,
1209 423 1267 472 s‘i'c
1290 430 1419 473 etiam
1443 429 1498 473 de
1520 430 1652 489 ipsius
1671 443 1800 473 carne

413 498 580 544 sactum
601 508 665 542 est
690 515 698 539 ε
726 507 768 541 et
790 497 975 556 subjecit
995 497 1215 557 Scriptura
1231 534 1242 553 ,
1272 518 1292 541 «
1317 502 1427 542 Aves
1450 508 1595 543 autem
1624 514 1715 543 non
1730 497 1800 541 di-

418 589 437 612 »
470 569 584 613 visit.
613 587 633 609 »
652 568 818 612 Deinde
836 567 995 611 dicitur
1018 567 1170 611 trimus
1191 569 1298 612 aries
1312 603 1323 622 ,
1351 568 1478 612 trima
1494 584 1625 613 vacca
1642 603 1653 623 ,
1673 568 1799 612 trima

414 656 542 699 capra
573 659 581 684 :
608 639 662 682 de
705 639 850 685 avium
884 647 1010 681 aetate
1033 647 1216 683 tacetur.
1250 639 1397 695 Unde,
1442 655 1546 698 rogo
1579 655 1656 683 vos
1678 674 1689 694 ,
1719 638 1801 682 nisi

414 710 516 770 quia
544 708 842 767 significantur
883 708 928 752 in
957 708 1108 752 avibus
1136 708 1314 769 quidam
1346 709 1580 769 spiritales,
1613 724 1801 770 quorum

414 790 516 824 aetas
537 778 786 838 temporalis
807 788 1034 838 propterea
1054 788 1220 823 tacetur
1236 815 1247 834 ,
1274 781 1375 840 quia
1397 790 1558 824 aeterna
1580 779 1801 824 meditan-

414 860 507 906 tur,
534 859 577 894 et
594 848 973 908 transgrediuntur
995 849 1207 894 desiderio
1225 860 1268 894 et
1283 850 1511 895 intellectu
1527 851 1672 895 omnia
1692 860 1803 894 tem-

413 920 608 982 poralia?
633 920 852 980 Spiritales
870 921 949 965 viri
967 922 1041 980 qui
1063 920 1118 965 de
1144 921 1346 966 omnibus
1362 921 1586 982 judicant,
1613 930 1656 965 et
1677 937 1701 964 a
1722 936 1803 964 ne-

415 991 532 1035 mine
563 990 838 1050 judicantur¹
880 1011 888 1034 :
929 990 1075 1051 itaque
1112 991 1193 1050 ipsi
1231 990 1309 1035 soli
1347 1007 1436 1036 non
1469 990 1729 1036 dividuntur
1756 990 1804 1033 in

414 1062 599 1106 haereses
630 1070 672 1104 et
693 1060 937 1104 schismata.
965 1063 1015 1103 In
1051 1061 1182 1104 ariete
1212 1060 1519 1120 intelliguntur
1549 1060 1802 1120 praepositi·⁷

416 1131 587 1175 ducunt
600 1130 714 1173 enim
731 1144 892 1187 greges.
911 1132 961 1172 In
973 1145 1099 1173 vacca
1113 1129 1234 1189 plebs
1250 1130 1508 1189 intelligitur
1523 1133 1544 1174 J
1550 1129 1778 1174 udaeorum
1791 1149 1802 1187 3

414 1201 573 1244 habuit
605 1200 720 1243 enim
751 1200 908 1259 jugum
944 1199 1090 1257 Legis,
1116 1199 1197 1243 sub
1226 1216 1313 1259 quo
1336 1199 1577 1244 laborabat.
1603 1202 1654 1243 In
1677 1215 1806 1259 capra

416 1270 675 1329 intelligitur
693 1268 884 1313 Ecclesia
901 1268 955 1313 de
974 1269 1213 1327 Gentibus3
1240 1269 1506 1328 quibusdam
1529 1270 1644 1313 enim
1659 1270 1806 1313 liberis

418 1340 597 1385 saltibus
621 1339 860 1383 insultabat
875 1375 885 1394 ,
906 1348 949 1383 et
981 1354 1126 1384 amaro
1148 1340 1405 1399 pascebatur
1434 1339 1632 1385 oleastro.
1664 1341 1807 1384 Trima

418 1420 520 1455 sunt
542 1409 655 1454 dicta
677 1410 771 1453 haec
785 1408 985 1453 animalia
1002 1444 1013 1464 ,
1033 1410 1136 1469 quia
1158 1410 1285 1454 tertio
1308 1419 1503 1470 tempore
1528 1410 1663 1468 gratia
1684 1425 1807 1455 reve-

416 1482 504 1526 lata
541 1491 619 1525 est.
654 1483 763 1526 Nam
792 1480 983 1540 primum
1010 1479 1095 1524 fuit
1118 1489 1218 1524 ante
1245 1484 1431 1539 Legem3
1471 1479 1730 1532 secundum,
1756 1496 1807 1525 ex

417 1568 506 1613 quo
528 1555 616 1596 Lex
637 1550 737 1596 data
757 1560 819 1595 est
836 1572 847 1608 3
862 1551 1057 1606 tertium,
1075 1550 1196 1611 quod
1213 1567 1330 1595 nunc
1349 1562 1436 1607 est,
1455 1568 1505 1595 ex
1518 1567 1606 1611 quo
1622 1567 1806 1610 regnum

418 1622 630 1668 coelorum
649 1621 924 1682 praedicatur.
946 1620 1060 1674 Quid
1089 1636 1190 1679 ergo
1213 1622 1420 1677 dicimus,
1446 1621 1567 1682 quod
1590 1622 1696 1665 aries
1717 1637 1808 1666 non

418 1692 669 1737 dividatur?
690 1695 844 1737 Nonne
872 1691 1062 1751 episcopi
1084 1691 1265 1737 fuerunt
1298 1701 1495 1735 auctores
1525 1692 1806 1735 schismatum

418 1773 461 1808 et
482 1764 721 1807 haeresum?
740 1766 872 1806 Porro
895 1771 1040 1806 autem
1054 1757 1088 1806 si
1101 1761 1251 1821 plebes
1266 1761 1369 1821 ipsae
1385 1778 1473 1806 non
1488 1761 1804 1815 dividerentur,

417 1833 463 1877 id
481 1843 564 1889 est,
587 1834 621 1878 si
643 1848 770 1877 vacca
793 1848 881 1876 non
905 1832 1185 1887 divideretur,
1207 1832 1241 1876 si
1263 1847 1391 1891 capra
1405 1848 1494 1876 non
1508 1831 1805 1890 divideretur,

419 1904 690 1948 erubuissent
706 1904 885 1947 fortasse
902 1901 965 1945 illi
986 1902 1031 1945 in
1054 1902 1334 1946 divisionibus
1355 1901 1462 1957 suis,
1483 1911 1527 1946 et
1549 1900 1603 1946 ad
1625 1916 1782 1961 compa
1797 1928 1806 1934 ·

419 1989 516 2033 gem
544 1982 816 2017 remeassent.
856 1971 1120 2017 Dividuntur
1155 1972 1308 2027 duces,
1348 1971 1607 2016 dividuntur
1644 1981 1687 2015 et
1714 1971 1808 2031 ple-

420 2046 518 2100 bes,
542 2053 593 2088 ut
622 2059 760 2088 caecus
789 2058 954 2087 caecum
982 2052 1204 2102 sequatur,
1237 2052 1280 2086 et
1311 2041 1440 2086 simul
1468 2042 1514 2086 in
1537 2042 1710 2086 foveam
1733 2057 1807 2085 ca-

420 2115 590 2160 dant2:
625 2123 849 2174 ponuntur
880 2114 1083 2158 adversus
1118 2113 1319 2157 invicem.
1348 2133 1368 2154 ‹<
1397 2117 1507 2158 Aves
1539 2122 1684 2157 autem
1718 2128 1808 2156 non

425 2207 443 2228 »
478 2186 638 2230 divisit.
669 2205 688 2226 υ
713 2184 931 2245 Spiritales
952 2200 1042 2228 non
1064 2184 1228 2228 habent
1258 2183 1537 2239 divisionem,
1576 2198 1668 2227 non
1689 2182 1808 2241 cogi-

420 2267 514 2301 tant
536 2258 763 2302 schismata
791 2275 798 2300 :
823 2272 905 2315 pax
929 2265 992 2299 est
1013 2255 1058 2298 iu
1089 2255 1170 2309 eis,
1196 2253 1445 2298 custodiunt
1463 2269 1557 2297 eam
1579 2254 1623 2297 in
1640 2253 1807 2297 caeteris

419 2337 636 2388 quantum
655 2335 857 2386 possunt:
884 2325 961 2368 ubi
982 2326 1027 2368 in
1045 2323 1134 2369 aliis
1153 2324 1361 2368 deficiunt
1374 2360 1383 2377 ,
1403 2324 1447 2366 in
1462 2339 1504 2367 se
1530 2331 1698 2367 tenent.
1712 2342 1743 2365 7«ι
1763 2323 1806 2367 Si

426 2418 443 2439 »
480 2397 560 2441 erit
581 2397 643 2441 ibi
658 2432 669 2452 ,
695 2396 862 2457 iuquit,
888 2394 1001 2438 filius
1028 2394 1168 2454 pacis,
1187 2394 1428 2454 requiescet
1449 2408 1578 2453 super
1600 2408 1701 2436 eum
1722 2408 1806 2453 pax

422 2487 443 2510 »
478 2478 618 2513 vestra
643 2487 654 2515 ι
684 2468 718 2512 si
745 2483 834 2527 quo
870 2466 1037 2522 minu3,
1063 2465 1118 2510 ad
1145 2481 1220 2510 vos
1248 2466 1537 2509 reverteturss.
1565 2482 1587 2506 »
1611 2466 1710 2510 Non
1741 2473 1806 2508 est

470 2560 480 2575 ¹
499 2554 570 2585 Cor.
596 2565 636 2593 11,
658 2552 709 2584 15.
732 2568 773 2575 -—-
794 2558 806 2575 ¹
821 2551 933 2583 Matth.
952 2561 1008 2592 xv,
1030 2549 1080 2592 14.
1098 2567 1139 2572 —
1159 2548 1172 2573 3
1195 2551 1271 2582 Luc.
1293 2560 1328 2589 x,
1349 2549 1382 2581 6.
