1848 3261
367 205 451 247 304
797 219 831 245 s.
866 217 1096 246 AUGUSTINI
1127 219 1308 246 EPIScon

367 290 430 325 est
464 289 564 325 ante
593 280 761 334 sidera;
795 292 839 327 et
867 283 988 343 quod
1018 292 1081 327 est
1108 291 1208 327 ante
1236 282 1404 338 sidera,
1437 283 1520 328 hoc
1551 293 1616 327 est
1647 293 1748 328 ante

366 359 561 409 tempora
579 369 588 395 :
607 351 643 394 si
659 366 759 409 ergo
782 361 882 396 ante
902 363 1121 412 tempora,
1137 352 1193 396 ab
1214 353 1456 396 aeternitate
1481 372 1490 397 :
1516 352 1610 396 noli
1630 368 1750 413 quae-

366 435 459 464 rere
480 420 684 480 quando3
706 422 922 467 aeternitas
938 439 1029 467 non
1050 423 1184 466 habet
1197 422 1390 482 quando.
1403 422 1587 475 Quando
1606 432 1648 466 et
1671 422 1752 467 ali-

366 490 543 551 quando
562 491 696 535 verba
717 501 820 535 sunt
839 501 1099 551 temporum.
1126 496 1187 536 De
1209 496 1337 536 Patre
1357 508 1448 536 non
1469 502 1533 536 est
1556 501 1684 536 natus
1705 493 1753 536 in

367 571 583 621 tempore,
610 576 686 619 per
707 577 837 620 quem
861 560 975 606 facta
997 572 1099 607 sunt
1121 572 1333 622 tempora.
1355 563 1529 607 Dictum
1546 571 1610 606 est
1629 578 1749 621 ergo,

367 641 419 676 ut
437 631 524 675 dici
550 630 765 689 oportuit,
797 632 1006 690 figurate,
1041 634 1294 692 prophetice
1310 668 1321 688 ,
1353 642 1401 677 ut
1426 642 1470 677 et
1501 642 1652 677 uterus
1673 648 1754 692 pro

368 711 531 746 secreta
561 701 800 745 substantia
816 736 826 756 ,
853 712 896 746 et
917 701 1074 746 lucifer
1094 718 1173 762 pro
1195 703 1466 762 temporibus
1498 712 1750 762 poneretur.

368 775 439 816 Au
477 770 608 816 vultis
639 780 683 815 et
719 772 861 830 ipsum
898 772 1037 816 David
1071 773 1377 831 respiciamus,
1408 773 1484 832 qui
1518 773 1757 817 Dominum

369 857 498 886 suum
519 841 627 885 dixit
648 840 787 884 filium
810 843 968 885 suum?
998 844 1055 884 Ut
1076 843 1192 883 enim
1214 843 1297 885 hoc
1324 843 1510 897 diceret,
1539 842 1706 886 audivit
1733 858 1758 887 a

369 912 552 957 Domino
577 927 680 968 suo3
706 912 761 955 ab
783 911 858 955 illo
881 911 1070 966 audivit,
1107 927 1131 955 a
1152 927 1240 971 quo
1271 910 1365 955 falli
1393 927 1483 956 non
1508 914 1649 971 potuit
1681 932 1689 956 :
1714 922 1758 957 et

371 983 481 1027 dixit
497 984 589 1043 jam
612 982 845 1027 Dominum
875 997 1025 1036 suuni,
1051 981 1149 1041 quia
1169 1017 1180 1037 ‚
1209 1001 1229 1024 «
1249 982 1365 1026 Dixit
1380 1017 1390 1037 ‚
1410 982 1553 1042 inquit
1569 1017 1580 1037 ‚
1605 982 1758 1026 Domi-

375 1072 395 1095 >›
430 1069 512 1096 nus
535 1053 718 1097 Domino
741 1067 860 1096 meo:
882 1052 992 1096 Sede
1012 1068 1036 1096 a
1054 1052 1213 1097 dextris
1232 1053 1352 1096 meis.
1381 1071 1402 1093 >›
1427 1055 1485 1096 Et
1501 1053 1592 1111 ipse
1613 1052 1759 1113 loqui-

373 1134 445 1168 tur
462 1159 473 1178 ,
508 1124 640 1182 ipsius
662 1123 785 1182 quasi
806 1138 946 1167 sermo
969 1132 1195 1167 contextus
1212 1132 1289 1167 est.
1318 1124 1359 1168 Si
1382 1138 1483 1181 ergo
1505 1123 1595 1182 ipse
1610 1122 1759 1183 loqui-

373 1202 446 1237 tur
461 1227 472 1247 ‚
496 1192 610 1236 forte
637 1193 727 1251 ipse
748 1192 893 1251 potuit
914 1191 1056 1236 dicere
1083 1213 1091 1236 :
1122 1212 1142 1234 «
1171 1196 1236 1237 Ex
1258 1203 1383 1236 utero
1407 1202 1507 1237 ante
1527 1192 1761 1237 luciferum

377 1281 397 1303 »
434 1263 565 1320 genui
586 1271 643 1306 te.
675 1280 695 1303 n
722 1265 787 1306 Ex
812 1272 936 1306 utero
963 1262 1193 1318 virginali,
1230 1282 1249 1302 «
1271 1266 1334 1304 Ex
1371 1272 1495 1306 utero
1520 1272 1619 1307 ante
1647 1262 1760 1308 luci-

377 1351 396 1374 »
432 1331 574 1376 ferum
604 1330 734 1389 genui
755 1339 811 1373 te.
829 1349 845 1370 »
861 1330 903 1374 Si
921 1330 1036 1373 enim
1060 1329 1133 1373 ilia
1154 1330 1273 1387 virgo
1292 1331 1455 1374 ducens
1477 1333 1763 1390 propaginem

375 1403 430 1447 de
451 1417 579 1447 carne
603 1400 739 1445 David
756 1436 766 1456 ,
788 1417 839 1444 ex
859 1401 934 1445 ilio
954 1410 1077 1445 utero
1099 1410 1226 1445 natus
1239 1402 1456 1457 Christus,
1477 1411 1689 1463 tanquam
1709 1419 1763 1449 ex

374 1483 500 1517 utero
531 1472 700 1531 genitus
723 1487 746 1514 a
768 1470 918 1516 David.
957 1490 977 1513 «
1002 1475 1067 1516 Ex
1089 1481 1212 1516 utero
1228 1507 1239 1527 ,
1268 1491 1288 1514 >›
1314 1489 1402 1533 quo
1425 1473 1642 1518 masculus
1671 1490 1763 1519 non

376 1544 553 1588 accessit
573 1562 581 1586 :
611 1562 632 1585 «
656 1545 723 1586 Ex
740 1551 865 1587 utero
880 1561 900 1583 υ
915 1558 1089 1602 prorsus
1109 1579 1119 1598 ‚
1145 1544 1318 1603 proprie
1338 1563 1356 1588 «
1378 1548 1444 1588 Ex
1466 1555 1606 1601 utero,
1625 1547 1763 1606 »quia

377 1614 492 1660 solus
514 1629 565 1657 ex
592 1612 684 1657 solo
705 1621 846 1656 utero.
872 1616 988 1671 Ergo
1009 1648 1019 1668 ,
1045 1633 1065 1655 «
1090 1616 1153 1657 Ex
1177 1623 1323 1669 utero,
1352 1633 1371 1656 »
1397 1615 1541 1675 inquit
1561 1615 1635 1659 ilie
1653 1651 1664 1671 ,
1686 1618 1764 1676 qui

377 1700 477 1729 eum
495 1684 732 1728 Dominum
756 1698 885 1727 suum
907 1682 1098 1728 dixerat:
1125 1703 1142 1724 «
1170 1688 1234 1728 Ex
1262 1694 1386 1729 utero
1410 1695 1510 1730 ante
1530 1685 1766 1730 luciferum

381 1775 400 1797 »
437 1754 568 1814 genui
605 1763 658 1797 te.
696 1772 716 1794 »
749 1756 806 1797 Et
833 1754 916 1797 hoc
944 1754 1087 1812 ipsum
1113 1773 1133 1796 «
1165 1758 1278 1798 Ante
1300 1754 1573 1800 luciferum»
1600 1757 1765 1814 signate

378 1825 543 1869 dictum
563 1860 573 1879 ,
599 1833 640 1868 et
660 1823 831 1883 proprie
854 1824 1018 1867 dictum
1032 1859 1042 1878 ‚
1068 1832 1111 1867 ct
1133 1824 1192 1867 sic
1214 1824 1457 1883 impletum.
1484 1828 1628 1870 Noctu
1649 1827 1765 1870 euim

379 1903 506 1938 natus
529 1903 591 1938 est
610 1894 817 1938 Dominus
840 1893 894 1937 de
917 1903 1040 1938 utero
1057 1893 1233 1952 virginis
1249 1895 1396 1939 Mariae
1413 1896 1425 1920 1
1445 1914 1453 1939 z
1474 1895 1668 1940 indicant
1684 1906 1766 1940 tes-

380 1966 561 2010 timonia
583 1974 803 2025 pastorum
821 2000 831 2020 ‚
866 1965 943 2024 qui
976 1964 1140 2022 vigilias
1163 1966 1421 2009 exercebant
1442 1981 1571 2024 super
1593 1982 1767 2025 gregem

380 2052 522 2080 suum.
554 2055 571 2076 ‹<
599 2038 664 2079 Ex
696 2043 819 2079 utero
843 2044 942 2078 ante
973 2034 1204 2078 luciferum
1234 2036 1363 2093 genui
1386 2044 1444 2079 te.
1474 2054 1494 2076 »
1520 2038 1556 2079 Ο
1579 2046 1654 2091 tu,
1681 2040 1768 2080 Do-

380 2106 496 2149 mine
517 2121 638 2149 meus
653 2140 663 2160 ‚
690 2105 843 2149 sedens
868 2104 923 2148 ad
945 2103 1165 2149 dexteram
1185 2105 1358 2149 Domini
1379 2106 1486 2160 mei,
1512 2105 1630 2149 unde
1653 2105 1768 2150 fliius

382 2191 502 2220 meus
518 2211 528 2230 ‚
555 2176 636 2219 nisi
658 2176 759 2235 quia
783 2195 802 2217 «
827 2178 890 2219 Ex
913 2184 1036 2220 utero
1059 2185 1158 2220 ante
1175 2173 1407 2219 luciferum
1430 2176 1560 2234 genui
1584 2178 1656 2219 te?
1680 2195 1700 2218 n

440 2250 583 2291 XVH.
609 2250 666 2290 Et
683 2246 738 2290 ad
760 2245 868 2306 quid
889 2255 1015 2290 natus
1039 2262 1081 2290 es
1097 2248 1114 2287 ’ἲ
1132 2247 1331 2291 «Juravit
1354 2247 1561 2290 Dominus
1578 2282 1589 2302 ‚
1610 2257 1653 2291 et
1679 2263 1770 2292 non

386 2335 407 2359 »
445 2317 674 2377 poenitebit
699 2332 821 2371 cum,
854 2320 918 2360 Ἔα
941 2333 983 2361 es
1006 2317 1203 2361 sacerdos
1224 2317 1269 2359 in
1290 2326 1503 2360 oeternum
1529 2317 1771 2361 secundum

388 2407 408 2429 »
444 2387 638 2431 ordinem
656 2387 976 2432 Melchisedech
991 2389 1022 2430 2.
1052 2406 1071 2428 ³>
1093 2387 1161 2431 Ad
1183 2387 1266 2430 hoc
1291 2387 1406 2430 enim
1426 2396 1551 2430 natus
1573 2402 1624 2430 ex
1647 2397 1770 2432 utero

386 2467 485 2502 ante
506 2456 759 2512 hiciferum,
786 2467 835 2500 ut
857 2474 965 2501 csse-s
998 2457 1193 2502 sacerdos
1216 2459 1259 2502 in
1283 2467 1495 2500 {eternum
1528 2457 1770 2500 secundum

435 2549 441 2564 ¹
465 2544 541 2573 Luc.
568 2540 601 2583 ii,
623 2552 654 2583 7,
675 2541 707 2573 8.
730 2558 769 2563 -—
791 2542 805 2563 ‘2
825 2542 903 2573 isal.
924 2554 984 2583 cxx,
1006 2540 1035 2582 4.
