1848 3261
381 216 464 257 184
803 227 837 257 s.
873 227 1104 258 Ausus'nm
1126 229 1317 257 *Emscom

376 308 472 337 mus
503 292 686 352 psallere
718 296 808 339 Deo
840 293 886 337 in
919 292 991 337 illa
1021 293 1219 348 civitate,
1254 302 1458 353 putemus
1485 310 1564 340 nos
1592 295 1757 356 aliquid

377 362 494 407 aliud
520 372 690 408 acturos
716 383 724 408 :
753 374 844 408 tota
872 364 959 407 vita
986 372 1131 407 nostra
1163 363 1244 407 erit
1272 363 1454 423 psallere
1476 369 1580 410 Deo.
1611 367 1652 410 Si
1679 382 1755 411 ve-

375 434 466 480 niet
492 433 537 477 in
565 434 786 478 fastidium
816 433 935 494 quod
957 433 1202 488 laudamus,
1227 442 1368 493 potest
1391 435 1536 479 venire
1567 435 1611 480 in
1634 435 1754 480 fasti-

374 505 496 549 dium
518 515 561 550 et
583 515 727 550 nostra
755 505 962 549 laudatio.
998 506 1040 550 Si
1069 520 1237 564 semper
1269 504 1341 548 ille
1376 515 1561 561 amatur,
1590 522 1759 567 semper

373 591 397 620 a
419 575 761 620 nobislaudatur
787 593 796 620 ε
826 594 845 616 «
871 574 1054 619 Psallam
1078 578 1167 619 Deo
1189 590 1301 629 meo,
1323 575 1517 635 quandiu
1535 592 1646 620 sum.
1674 595 1694 618 »

433 649 599 690 XVIII.
621 665 639 686 «
656 645 803 690 Suavis
817 645 872 689 sit
889 647 925 688 ei
941 645 1175 705 disputatio
1192 661 1287 689 mea
1307 664 1316 690 ε
1337 662 1416 704 ego
1432 656 1575 691 autem
1593 649 1758 707 jucun-

374 733 396 757 »
431 716 569 759 dabor
588 716 634 758 in
651 715 852 759 Domino.
883 716 1032 760 Suavis
1055 717 1108 760 sit
1132 716 1170 759 ei
1187 716 1423 775 disputatio
1440 732 1536 761 mea
1552 720 1564 743 1
1587 736 1595 763 ε
1619 736 1639 758 1)
1660 734 1759 778 quae

373 795 436 830 est
458 786 693 845 disputatio
716 786 903 830 hominis
926 785 982 830 ad
1011 789 1171 841 Deum,
1202 786 1283 830 nisi
1311 786 1522 831 confessio
1553 798 1758 847 peccato-

372 858 497 900 rum‘?
518 858 737 901 Confitere
762 860 851 901 Deo
881 857 1001 917 quod
1025 872 1083 911 es,
1109 865 1152 900 et
1173 856 1400 915 disputasti
1422 873 1521 901 cum
1543 858 1634 902 illo.
1661 860 1758 903 Dis-

370 936 477 987 puta
499 942 599 971 cum
622 926 722 982 illo,
753 926 819 972 sac
850 928 963 972 bona
986 943 1115 987 opera
1136 963 1146 982 ,
1182 937 1225 971 et
1247 928 1435 987 disputa.
1474 948 1493 970 «
1515 930 1755 983 Lavamini,

373 1017 394 1040 >›
430 997 582 1042 mundi
608 1007 758 1053 estote,
785 1001 915 1043 Isa‘ias
938 998 1057 1053 dicit,
1083 996 1249 1042 auferte
1272 998 1485 1058 nequitias
1515 998 1570 1042 ab
1609 999 1760 1044 animis

373 1087 394 1110 »
429 1070 580 1113 vestris
603 1085 626 1113 a
648 1078 884 1128 conspectu
903 1067 1131 1113 oculorum
1154 1083 1368 1123 meorum,
1389 1077 1549 1113 cessate
1565 1085 1588 1113 a
1606 1070 1758 1129 nequi-

372 1157 393 1181 »
429 1139 498 1183 tiis
518 1138 682 1193 vestris,
708 1138 858 1183 discite
882 1138 1153 1193 benefacere,
1179 1138 1372 1198 judicate
1395 1138 1579 1198 pupillo,
1611 1149 1654 1183 et
1666 1140 1760 1199 jus-

374 1228 394 1251 »
429 1210 589 1253 tificate
611 1209 805 1263 viduam,
831 1219 874 1253 et
891 1209 1034 1253 venite
1052 1208 1339 1267 disputemus,
1362 1208 1466 1253 dicit
1483 1210 1755 1253 D01ninus‘2.»

371 1279 483 1331 Quid
503 1288 565 1322 est
581 1279 802 1337 disputare
824 1295 924 1321 cum
947 1281 1063 1322 Deo?
1091 1282 1148 1321 Te
1176 1278 1239 1320 illi
1260 1278 1404 1322 indica
1427 1279 1594 1333 scienti,
1618 1288 1668 1323 ut
1694 1279 1761 1322 in-

369 1348 486 1392 dicet
509 1365 552 1392 se
581 1349 658 1391 tibi
683 1347 907 1391 nescienti.
940 1367 959 1388 «
988 1348 1136 1392 Suavis
1170 1347 1223 1390 sit
1257 1347 1294 1390 ei
1332 1347 1568 1406 disputatio
1595 1363 1706 1392 mea.
1736 1367 1756 1391 »

368 1422 482 1463 Ecce
503 1418 588 1462 1100
617 1427 681 1461 est
715 1418 900 1461 Domino
923 1433 1068 1471 suave,
1107 1417 1344 1476 disputatio
1366 1427 1465 1474 tua,
1500 1418 1759 1462 sacrificium

368 1487 627 1532 humilitatis
647 1498 734 1531 tuae
747 1523 757 1542 ,
783 1487 1094 1531 contribulatio
1112 1487 1253 1530 cordis
1279 1488 1357 1541 tui,
1378 1487 1684 1533 holocaustum
1700 1490 1761 1533 vi-

367 1567 425 1602 tae
454 1567 558 1612 tuae,
586 1558 669 1601 1100
691 1566 755 1600 est
775 1572 905 1600 suave
928 1560 1032 1600 Deo.
1072 1556 1168 1600 Tibi
1203 1566 1347 1601 autem
1371 1557 1479 1618 quid
1509 1567 1572 1602 est
1604 1561 1760 1603 suave?

374 1648 394 1670 «
428 1631 522 1686 Ego
545 1636 688 1670 autem
720 1626 1001 1686 jucundabor
1022 1627 1067 1670 in
1100 1627 1301 1671 Domino.
1332 1646 1352 1669 »
1386 1632 1484 1688 Ipsa
1509 1638 1574 1673 est
1606 1639 1760 1673 mutua

370 1697 631 1757 disputatio,
657 1713 789 1757 quam
813 1696 900 1740 dixi
932 1716 940 1741 ;
970 1695 1119 1740 Indica
1141 1706 1184 1740 te
1209 1698 1248 1740 ei
1269 1698 1436 1753 scienti,
1465 1708 1508 1742 et
1529 1698 1694 1743 indicat
1716 1715 1760 1743 se

368 1768 447 1813 tibi
470 1768 695 1812 nescienti.
736 1768 884 1813 Suavis
913 1776 977 1811 est
997 1767 1036 1810 ei
1057 1767 1270 1812 confessio
1293 1778 1384 1824 tua,
1418 1770 1559 1813 suavis
1588 1779 1651 1814 est
1679 1770 1760 1814 tibi

369 1839 506 1898 gratia
526 1839 675 1898 ipsius.
702 1839 817 1882 Dixit
848 1853 892 1882 se
922 1838 1018 1881 tibi.
1053 1837 1176 1882 Unde
1209 1855 1252 1883 se
1284 1840 1366 1883 tibi
1389 1839 1522 1883 dixit?
1544 1844 1626 1884 Per
1647 1843 1759 1885 Ver-

368 1910 491 1954 bum.
514 1909 643 1962 Quod
668 1909 893 1953 Verbum?
913 1908 1151 1953 Christum.
1179 1912 1235 1953 Et
1257 1909 1336 1953 tibi
1355 1909 1476 1964 dixit,
1504 1919 1547 1955 et
1567 1926 1611 1954 se
1632 1910 1754 1956 dixit.

368 1979 481 2033 Quia
504 1979 618 2022 misit
636 1979 871 2033 Christum,
902 1994 945 2022 se
962 1978 1105 2038 ipsum
1129 1977 1251 2023 dixit.
1277 1982 1341 2023 Ita
1358 1979 1503 2038 plane,
1531 1980 1758 2026 audiamus

367 2050 509 2108 ipsum
532 2049 727 2092 Verbum
756 2068 763 2092 ;
805 2066 825 2090 «
851 2048 931 2101 Qui
956 2063 1025 2092 me
1056 2048 1188 2104 vidit,
1213 2047 1322 2093 vidit
1349 2058 1392 2093 et
1424 2052 1596 2093 Patrem
1609 2051 1641 2083 3-
1664 2054 1758 2111 Ego

371 2138 391 2161 »
427 2118 866 2179 autemjucundabor
883 2119 925 2161 in
950 2119 1150 2162 Domino.
1178 2136 1197 2159 »

426 2191 546 2233 XIX.
566 2208 585 2230 «
609 2189 815 2233 Deficiant
838 2198 1084 2247 peccatores
1106 2205 1129 2232 a
1151 2197 1264 2232 terra
1278 2190 1309 2232 ⁴.
1340 2207 1360 2229 »
1387 2188 1544 2233 Saevire
1564 2189 1754 2246 videtur,

368 2261 405 2304 Ο
434 2268 581 2303 5311013
610 2259 774 2313 anima,
811 2275 908 2319 quae
938 2259 1006 2302 1110
1034 2267 1179 2302 0311131
1209 2267 1251 2302 01
1274 2259 1425 2316 gemit!
1454 2259 1631 2303 Utinam
1655 2276 1756 2304 cum

366 2331 457 2389 ipsa
471 2330 613 2374 anima
629 2330 683 2374 sit
705 2331 847 2374 anima
871 2339 1032 2383 nostra,
1048 2330 1217 2373 utinam
1235 2329 1467 2388 copuletur
1484 2330 1538 2383 ei,
1561 2339 1603 2373 01
1624 2332 1758 2374 socie⁴

369 2410 455 2455 tur,
493 2410 535 2443 et
576 2402 866 2460 conjungatur
888 2401 947 2444 ei!
975 2400 1139 2445 videbit
1166 2401 1294 2444 etiam
1316 2401 1651 2444 misericordiam
1677 2417 1757 2444 510-

367 2471 537 2514 vientis.
565 2471 671 2524 Quis
684 2472 798 2515 enim
821 2472 935 2530 capit
954 2472 1052 2526 hoc',
1073 2471 1152 2515 nisi
1175 2471 1250 2531 qui
1273 2469 1476 2530 impletus
1501 2471 1632 2515 fuerit
1650 2472 1754 2516 cha-

418 2560 426 2576 ¹
450 2554 529 2586 Psal.
550 2565 618 2596 0111,
641 2554 692 2597 34.
721 2572 756 2579 --
778 2563 789 2578 ²
811 2555 1054 2597 1531,1,16-18.
1076 2572 1116 2579 --
1138 2553 1260 2587 310311.
1282 2566 1392 2597 111139.
1415 2572 1456 2580 -ν
1475 2555 1490 2585 4
1509 2555 1589 2587 psal.
1610 2566 1672 2596 cin,
1696 2555 1747 2587 35.
