1848 3261
413 218 498 260 334
845 232 880 258 s.
914 227 1145 258 AUGUSTINI
1178 228 1360 256 Enscon

412 316 433 339 »
468 296 603 356 fugit,
625 295 823 340 Jordanis
846 311 1074 341 conversus
1092 304 1155 339 est
1176 295 1435 339 retrorsum1
1463 312 1472 339 2
1490 311 1510 335 »
1531 308 1586 338 ne
1608 293 1791 338 arbitre-

409 368 516 412 mini
547 367 672 412 nobis
698 368 861 412 narrari
882 367 1121 427 praeterita,
1146 365 1221 410 sed
1238 367 1381 426 potius
1403 365 1551 410 futura
1572 365 1751 425 praedici
1777 383 1786 410 :

409 439 512 500 quia
548 438 621 483 illa
653 455 830 499 quoque
861 437 1069 483 miracula
1096 453 1196 483 cum
1233 437 1279 480 in
1310 436 1385 480 illo
1417 436 1580 496 populo
1605 437 1787 491 fierent,

409 510 636 571 praesentia
657 509 856 569 quidem,
882 509 958 554 sed
980 525 1068 554 non
1090 510 1181 553 sine
1205 506 1453 552 futurorum
1476 506 1791 565 significatione

410 581 687 640 gerebantur.
727 578 919 638 Ideoque
955 588 1005 623 ut
1036 577 1309 632 ostenderet,
1345 577 1421 636 qui
1455 575 1680 636 psallendo
1711 576 1792 620 ista

408 651 695 711 praedicebat,
725 649 876 694 eadem
905 665 948 694 se
970 650 1111 694 verbis
1133 664 1279 708 agere,
1307 663 1406 708 quae
1438 646 1525 691 illic
1547 647 1668 690 factis
1690 661 1791 704 age-

409 723 587 776 bantur,
621 736 710 765 uno
739 720 980 780 eodemque
1015 719 1176 778 Spiritu
1206 727 1412 777 operante
1439 726 1482 761 et
1503 716 1576 760 illa
1599 715 1711 761 facta
1750 725 1792 761 et

408 792 503 836 haec
523 791 658 845 dicta,
685 800 735 835 ut
759 789 804 834 id
827 789 948 850 quod
970 790 1015 832 in
1032 790 1119 832 fine
1141 788 1402 832 saeculorum
1426 786 1793 832 manifestandum

409 862 724 916 reservabatur,
758 861 908 920 figuris
939 875 1084 904 rerum
1115 868 1246 919 atque
1267 859 1501 903 verborum
1523 873 1794 917 praecurren-

410 934 527 978 tibus
548 933 839 990 nuntiaretur,
857 948 947 976 non
968 931 1147 976 omnino
1164 946 1214 974 ea
1231 929 1516 990 dixitquaeibi
1534 938 1652 987 gesta
1673 937 1792 984 sunt,

411 1003 485 1049 sed
518 1004 642 1048 aliter
669 1001 870 1064 quaedam
897 1016 1030 1061 quam
1056 999 1144 1044 illic
1175 999 1287 1044 lecta
1319 999 1550 1044 didicimus
1576 1018 1585 1043 ε
1619 1014 1674 1042 ne
1694 1013 1794 1044 vere

409 1084 636 1135 putaretur
653 1082 867 1118 transacta
890 1072 1095 1126 recolere,
1115 1071 1259 1130 potius
1275 1086 1409 1131 quam
1430 1080 1615 1115 ventura
1633 1069 1793 1129 praedi-

411 1161 521 1190 cere.
543 1145 688 1189 Primo
711 1143 826 1187 enim
844 1142 1079 1187 Jordanem
1101 1142 1243 1200 ipsum
1269 1156 1359 1185 non
1376 1155 1597 1185 reversum
1619 1155 1707 1183 esse
1728 1155 1795 1183 re-

411 1225 622 1268 trorsum,
648 1214 721 1258 sed
744 1213 908 1258 stetisse
929 1213 1114 1271 legimus
1136 1212 1190 1254 ab
1213 1227 1261 1255 ea
1281 1220 1402 1270 parte
1420 1245 1430 1265 ‚
1456 1227 1542 1270 qua
1571 1226 1696 1271 aquae
1718 1210 1796 1254 de-

411 1302 541 1346 super
579 1283 847 1338 influebant,
891 1298 992 1326 cum
1033 1281 1223 1341 populus
1256 1280 1328 1325 ille
1368 1282 1579 1325 transiret.
1631 1279 1796 1325 Deinde

413 1357 640 1416 gestientes
668 1363 836 1399 montes
867 1353 1086 1412 collesque
1118 1367 1208 1395 non
1234 1350 1442 1410 legimus,
1467 1367 1567 1411 quae
1589 1351 1648 1395 sic
1672 1349 1797 1395 addi-

413 1428 504 1483 dit,
536 1437 587 1471 ut
615 1427 745 1470 etiam
777 1425 921 1470 omnia
956 1424 1035 1467 ista
1068 1431 1295 1482 repeteret.
1321 1425 1430 1467 Nam
1464 1438 1563 1467 cum
1586 1422 1791 1466 dixisset:

417 1518 435 1540 «
468 1502 588 1544 Mare
608 1497 718 1543 vidit
732 1505 775 1540 et
796 1494 924 1554 fugit,
946 1497 969 1538 J
974 1493 1146 1538 ordanis
1159 1508 1392 1538 conversus
1409 1502 1472 1537 est
1488 1502 1724 1537 retrorsum
1744 1512 1753 1538 :
1771 1511 1792 1535 »

413 1567 635 1614 contexuit
648 1604 658 1623 ,
689 1570 892 1612 «Montes
915 1565 1152 1623 gestierunt
1172 1563 1292 1608 velut
1313 1564 1486 1619 arietes,
1511 1573 1555 1608 et
1576 1563 1706 1609 colles
1721 1578 1798 1609 ve-

416 1659 436 1683 »
472 1641 540 1684 lut
561 1640 660 1699 agni
678 1639 840 1683 ovium.
864 1655 884 1678 »
909 1636 1161 1696 Eademque
1183 1651 1330 1680 rursus
1352 1636 1590 1695 interrogat
1615 1655 1623 1680 :
1648 1634 1798 1689 «Quid

417 1730 438 1754 »
473 1711 628 1756 esttibi
655 1724 773 1754 mare
793 1708 913 1769 quod
936 1707 1087 1766 fugisti
1107 1742 1119 1763 ‚
1143 1716 1186 1750 et
1208 1715 1255 1750 tu
1277 1706 1478 1751 ,Iordanis
1495 1707 1598 1767 quia
1615 1721 1798 1751 conver-

417 1802 437 1825 »
473 1798 542 1828 sus
565 1798 608 1826 es
631 1780 892 1825 retrorsum?
908 1782 1100 1830 Montes,
1129 1778 1231 1838 quia
1255 1778 1451 1837 gestiistis
1472 1776 1592 1823 velut
1611 1778 1764 1822 arietes
1781 1812 1792 1833 ,

417 1872 439 1896 »
474 1863 517 1898 et
538 1852 669 1897 colles
687 1850 806 1896 velut
826 1849 924 1909 agni
946 1849 1118 1893 ovium²
1134 1850 1152 1892 Ξ)
1170 1867 1189 1889 »

474 1928 534 1969 ΙΙ.
571 1922 859 1968 Attendamus
887 1935 990 1979 ergo
1013 1918 1121 1979 quid
1153 1917 1465 1962 admoneamur
1487 1934 1496 1960 z
1522 1918 1624 1979 quia
1653 1928 1696 1963 et
1722 1918 1797 1962 illa

415 1996 529 2041 facta
547 1996 697 2053 figurae
719 2002 877 2037 nostrae
899 1990 1078 2034 fuerunt
1093 2025 1104 2045 ,
1126 1998 1169 2033 et
1189 1989 1282 2034 haec
1300 1988 1414 2033 dicta
1437 1998 1487 2033 ut
1503 2005 1580 2033 nos
1602 1989 1716 2048 ipsos
1734 2004 1798 2033 re-

416 2078 725 2126 cognoscamus
742 2065 989 2108 hortantur.
1011 2061 1053 2106 Si
1071 2060 1185 2104 enim
1206 2060 1387 2118 gratiam
1404 2060 1481 2104 Dei
1500 2076 1598 2120 quae
1618 2059 1718 2103 data
1735 2068 1798 2103 est

416 2138 542 2183 nobis
571 2137 697 2180 firmo
729 2133 859 2178 corde
887 2132 1145 2185 retinemus,
1181 2145 1258 2174 nos
1291 2145 1440 2173 sumus
1480 2128 1612 2173 Israel
1653 2144 1799 2173 semen

416 2209 604 2255 Abrahae
628 2226 637 2252 :
662 2206 788 2250 nobis
811 2204 915 2248 dicit
948 2201 1181 2262 Apostolus
1211 2216 1220 2241 ε
1254 2219 1274 2242 ‹<
1303 2203 1419 2259 Ergo
1441 2216 1586 2244 semen
1610 2200 1797 2244 Abrahae

421 2300 440 2323 »
475 2280 572 2324 estis
595 2280 627 2321 3.
649 2296 669 2318 »
693 2276 800 2329 Quia
818 2275 928 2318 sicut
945 2273 1027 2317 alio
1048 2272 1145 2316 loco
1171 2270 1275 2315 dicit
1303 2290 1311 2316 :
1349 2289 1370 2313 «
1389 2274 1486 2315 Non
1507 2271 1552 2313 in
1572 2270 1800 2315 circumci-

418 2369 439 2393 »
475 2350 618 2404 sione,
643 2347 718 2392 sed
749 2347 794 2390 in
830 2344 1044 2405 praeputio
1064 2342 1271 2402 deputata
1294 2351 1357 2384 est
1388 2341 1575 2385 Abrahae
1606 2341 1712 2385 fides
1742 2340 1798 2385 ad

419 2440 440 2464 »
468 2420 680 2482 justitiam
693 2454 703 2473 ,
724 2426 767 2461 et
782 2417 951 2474 signum
968 2414 1131 2474 accepit
1146 2411 1482 2457 circumcisionis
1494 2446 1504 2466 ,
1524 2411 1797 2470 signaculum

420 2510 441 2533 »
473 2491 651 2553 justitiae
669 2488 791 2542 fidei,
817 2502 915 2547 quae
933 2495 997 2529 est
1017 2485 1063 2528 in
1078 2483 1292 2544 praeputio
1304 2518 1314 2537 ,
1335 2491 1385 2526 ut
1401 2483 1634 2542 deputetur
1651 2491 1694 2526 et
1714 2480 1796 2525 illis

467 2583 475 2599 ¹
496 2574 580 2608 Psal.
599 2585 686 2616 exui,
705 2572 781 2606 2-3.
798 2588 838 2594 -
859 2577 871 2593 ²
897 2570 977 2602 lbid.
1000 2569 1068 2601 3-0.
1091 2584 1130 2590 —
1148 2565 1160 2590 3
1182 2567 1252 2600 Gai.
1268 2577 1316 2608 111,
1331 2575 1384 2608 29.
