1848 3261
361 215 385 254 3
391 217 446 255 02
801 222 836 252 s.
871 222 1102 254 Aucus'nm
1134 227 1320 255 EPISCOPI

354 301 449 336 tum
465 289 599 335 fuerit
623 299 673 335 ut
701 290 925 335 videamus
943 327 958 347 ,
989 302 1092 337 tunc
1117 293 1370 352 apparebit,
1402 311 1422 335 «
1449 295 1608 338 Tecum
1626 296 1743 354 prin-

354 380 376 404 »
413 361 575 420 cipium
604 361 648 406 in
676 361 746 405 die
767 362 939 406 virtutis
954 371 1056 406 tuae.
1085 363 1267 407 Virtutis
1291 373 1402 408 tuae:
1424 380 1554 408 »non
1571 366 1744 410 virtutis

354 432 616 476 infirmitatis
637 441 748 487 tuae,
769 432 870 492 quia
889 433 951 476 ibi
973 434 1126 478 virtus.
1151 452 1172 476 «
1192 434 1374 478 Virtutis
1392 443 1479 478 tuae
1497 455 1506 480 ε
1529 454 1549 476 »
1579 436 1745 480 habent

353 519 472 548 nunc
485 503 684 548 homines
711 503 758 546 in
775 502 884 558 fide,
906 503 952 547 in
972 519 1046 563 spe
1061 539 1071 559 ,
1096 504 1142 548 in
1160 505 1370 548 charitate
1390 539 1402 560 ,
1418 505 1465 548 in
1493 505 1619 549 bonis
1639 521 1746 565 ope-

351 573 471 617 ribus
496 574 676 618 virtutes
701 587 797 616 suas
821 592 832 630 3
860 571 936 616 sed
954 573 1083 618 ibunt
1108 590 1132 618 a
1156 574 1390 619 virtutibus
1411 575 1458 618 in
1484 574 1692 619 virtutem
1710 577 1740 618 1.

355 663 376 686 «
411 647 573 688 Tecum
598 658 699 701 ergo
720 643 979 703 principium
996 663 1005 689 2
1025 663 1044 685 »
1070 645 1287 689 videberis
1312 661 1414 690 cum
1438 648 1565 689 Patre
1580 681 1591 701 ,
1607 645 1654 689 in
1668 649 1746 690 Pa-

350 723 416 758 tre
432 749 443 769 ,
467 723 519 758 ut
542 717 669 758 Pater
697 733 718 756 «
746 717 909 758 Tecum
933 715 1199 774 principium
1218 717 1265 759 in
1283 715 1353 759 die
1385 714 1557 760 virtutis
1582 725 1670 760 tuae
1687 750 1698 771 ,
1718 734 1740 758 »

350 783 465 828 illius
480 784 652 829 virtutis
671 793 760 828 tuae
775 820 785 839 ,
813 800 944 844 quam
972 785 1132 845 impius
1156 801 1246 830 non
1263 785 1446 830 videbit.
1472 788 1581 831 Nam
1599 795 1642 830 et
1659 786 1746 830 hoc

349 854 573 898 infirmum
590 863 718 898 tuum
735 889 745 909 ,
767 854 921 898 fortius
942 863 1006 898 est
1024 855 1316 899 hominibus2.
1330 856 1509 899 Etenim
1524 891 1536 912 ,
1562 876 1584 899 «
1602 860 1655 901 In
1672 855 1745 900 die

353 943 375 966 »
408 925 580 970 virtutis
594 935 680 970 tuae
694 935 840 970 tecum
853 925 1135 985 principium.
1157 943 1178 966 η

408 998 506 1040 XV.
531 999 595 1040 De
619 1012 706 1056 qua
727 995 888 1040 virtute
905 995 1012 1039 dicis
1030 1031 1041 1051 ,
1067 1010 1248 1055 expone.
1275 995 1381 1048 Quia
1400 1005 1443 1039 et
1464 996 1535 1040 hic
1551 1031 1562 1051 ,
1582 1005 1632 1041 ut
1657 996 1747 1041 dic-

350 1076 446 1110 tum
467 1076 557 1123 est,
587 1068 811 1112 nominata
843 1076 907 1111 est
932 1066 1070 1111 virtus
1099 1068 1213 1126 ejus,
1248 1082 1351 1111 cum
1386 1067 1600 1111 emittitur
1625 1068 1744 1126 virga

349 1137 521 1181 virtutis
547 1139 638 1197 ejus
669 1153 722 1181 ex
739 1138 841 1182 Sion
857 1172 867 1192 ,
894 1146 944 1181 ut
963 1137 1213 1181 dominetur
1229 1137 1273 1180 in
1297 1137 1443 1182 medio
1466 1137 1743 1182 inimicorum

350 1223 544 1252 suorum.
568 1211 630 1252 De
653 1224 739 1268 qua
759 1209 922 1252 virtute
946 1207 1083 1252 dicis?
1103 1227 1123 1250 «
1150 1211 1201 1251 In
1219 1207 1450 1267 splendore
1475 1217 1740 1252 sanctorum.

353 1296 373 1318 »
410 1281 463 1321 In
478 1277 709 1337 splendore
725 1313 740 1331 ,
764 1278 933 1335 inquit,
958 1286 1223 1319 sanctorum.
1253 1294 1272 1316 »
1296 1281 1359 1320 De
1380 1278 1468 1335 ipsa
1491 1279 1654 1321 virtute
1677 1277 1746 1321 di-

350 1347 408 1391 cit
420 1382 430 1402 ,
447 1346 626 1407 quando
649 1354 778 1389 erunt
800 1346 846 1388 in
863 1344 1094 1404 splendore
1110 1345 1270 1389 sancti:
1290 1361 1379 1389 non
1396 1346 1577 1405 quando
1600 1346 1745 1392 adhuc

349 1427 564 1462 terrenam
583 1432 756 1461 carnem
778 1425 990 1476 gestantes
1007 1425 1050 1460 et
1064 1416 1109 1460 in
1124 1431 1302 1473 corpore
1317 1416 1488 1461 mortali
1503 1427 1635 1478 atque
1652 1433 1747 1462 cor-

350 1487 549 1547 ruptibili
572 1496 814 1547 gementes,
841 1487 962 1547 quod
993 1496 1198 1546 aggravat
1225 1488 1415 1531 animam
1438 1523 1449 1543 ,
1472 1497 1515 1532 et
1540 1488 1745 1548 deprimit

349 1568 521 1603 terrena
539 1558 800 1602 inhabitatio
819 1573 995 1602 sensum
1008 1558 1146 1602 multa
1169 1558 1433 1617 cogitantem
1449 1560 1464 1584 ³
1485 1578 1494 1603 z
1517 1575 1618 1603 cum
1639 1561 1744 1619 ipsae

350 1630 633 1689 cogitationes
668 1629 855 1673 invicem
889 1645 979 1674 non
1011 1629 1244 1684 videntur,
1286 1645 1376 1674 non
1400 1630 1483 1674 hoc
1514 1640 1605 1686 est,
1642 1649 1662 1673 α
1691 1633 1745 1674 In

352 1719 373 1742 »
409 1699 641 1759 splendore
677 1709 941 1745 sanctorum.
979 1719 999 1742 »
1043 1700 1127 1745 Sed
1158 1700 1264 1760 quid
1300 1710 1363 1744 est
1391 1735 1402 1755 ,
1444 1719 1464 1743 «
1498 1704 1550 1745 In
1595 1701 1743 1761 splen-

352 1788 373 1811 »
409 1769 514 1814 dore
546 1778 796 1815 sanctorum
820 1772 839 1814 Ξ)
869 1773 1017 1815 Donec
1048 1771 1196 1814 veniat
1226 1771 1438 1814 Dominus
1459 1806 1469 1824 ,
1504 1780 1548 1815 et
1574 1771 1744 1815 illumi-

352 1859 373 1883 »
408 1849 484 1884 net
510 1839 761 1885 abscondita
797 1841 1076 1885 tenebrarum
1092 1875 1103 1895 ,
1130 1849 1173 1884 et
1189 1840 1486 1884 manifestabit
1513 1842 1743 1900 cogitatio—

353 1930 374 1953 »
409 1927 484 1956 nes
516 1911 684 1969 cordis,
719 1920 762 1955 et
793 1920 898 1956 tunc
919 1910 1012 1955 laus
1035 1911 1116 1955 erit
1141 1912 1376 1971 unicuique
1400 1927 1424 1954 a
1450 1915 1541 1956 Deo
1554 1912 1586 1955 4.
1610 1916 1744 1957 »Hoc

350 1981 453 2037 erit,
483 2000 503 2023 «
529 1985 580 2025 In
602 1980 832 2041 splendore
853 1991 1103 2026 sanctorum
1125 1999 1171 2038 3»
1197 1982 1297 2041 quia
1312 2016 1323 2036 ,
1346 2000 1363 2021 «
1387 1984 1509 2025 Tunc
1524 1982 1630 2041 justi
1651 1981 1743 2026 ful-

353 2069 374 2093 »
412 2051 579 2111 gebunt
591 2052 637 2095 in
654 2067 788 2111 regno
811 2052 947 2096 Patris
967 2052 1048 2107 sui,
1069 2053 1180 2096 sicut
1196 2051 1273 2096 sol.
1291 2051 1487 2096 »Audite
1506 2052 1622 2095 enim
1635 2052 1744 2112 quid

351 2122 405 2167 sit
423 2124 526 2178 hoc,
557 2141 577 2164 «
602 2126 655 2166 In
678 2123 908 2182 splendore
933 2132 1198 2176 sanctorum.
1224 2122 1405 2177 Veniet,
1428 2123 1571 2182 inquit
1586 2157 1597 2178 ,
1628 2138 1744 2166 mes-

354 2211 375 2234 »
410 2193 489 2248 sis,
526 2193 673 2238 veniet
700 2194 796 2237 finis
826 2194 972 2237 saeculi
1008 2213 1017 2239 :
1048 2194 1194 2238 mittet
1219 2193 1526 2252 paterfamilias
1553 2193 1742 2250 Angelos

354 2281 375 2305 >›
411 2279 509 2307 suos
524 2299 535 2318 ,
556 2272 599 2307 et
612 2262 816 2321 colligent
833 2264 888 2308 de
908 2280 1042 2324 regno
1058 2265 1149 2324 ejus
1167 2264 1314 2308 omnia
1331 2263 1551 2318 scandala,
1573 2272 1617 2307 et
1634 2264 1740 2307 mit-

355 2351 377 2375 »
412 2342 506 2378 tent
526 2333 572 2376 in
595 2334 813 2378 caminum
832 2334 940 2392 ignis
976 2334 1164 2379 ardentis
1191 2353 1200 2379 ε
1232 2344 1338 2378 tunc
1368 2334 1474 2394 justi
1506 2333 1741 2391 fulgebunt

356 2422 377 2446 ³)
413 2405 526 2449 sicut
547 2402 613 2448 sol
640 2405 686 2448 in
712 2420 847 2464 regno
870 2406 1006 2450 Patris
1027 2406 1135 2450 sui⁵.
1166 2423 1186 2446 »
1210 2407 1262 2449 In
1283 2420 1372 2464 quo
1400 2405 1562 2463 regno?
1582 2403 1740 2448 Videte

403 2508 411 2524 ¹
434 2500 513 2534 Psal.
533 2511 671 2542 uum,
691 2500 723 2532 8·
743 2517 784 2525 —
801 2508 814 2525 ²
836 2514 848 2534 1
873 2504 946 2536 Cor.
965 2514 988 2545 1,
1007 2502 1063 2536 25.
1079 2519 1120 2525 —
1140 2500 1153 2526 3
1172 2503 1246 2544 Sap.
1262 2512 1318 2544 ix,
1341 2500 1392 2533 15.
1414 2517 1455 2524 —
1473 2499 1491 2529 4
1512 2512 1525 2533 ι
1545 2500 1621 2534 Cor.
1641 2510 1685 2542 iv,
1703 2498 1736 2532 5.

355 2572 398 2581 --
416 2554 430 2581 5
451 2557 566 2591 matth.
584 2568 653 2599 xm,
675 2555 792 2599 39-43.
