1848 3261
274 208 514 239 ENAnnAno
546 211 579 238 11
610 210 655 238 m
687 206 890 238 PSALMUM
920 211 985 248 c1,
1022 210 1160 238 semro
1192 211 1241 237 11.
1383 197 1440 237 49

63 277 140 320 etsi
162 285 211 320 tu
231 291 321 321 non
344 277 413 321 sis.
430 279 552 321 Hanc
568 291 721 322 vocem
743 275 1098 330 abominabilem,
1124 274 1438 331 detestabilem,

38 347 409 406 ‘praesumptionis
431 356 473 391 et
496 346 689 391 falsitatis
711 346 884 406 plenam
904 381 914 401 ,
946 345 1067 390 nulla
1089 346 1268 390 veritate
1284 346 1442 389 sufful-

63 425 178 472 tam,
210 416 331 461 nulla
362 417 569 476 sapientia
591 417 877 461 illuminatam
895 452 905 472 ,
930 416 1054 460 nullo
1087 415 1174 460 sale
1196 415 1439 471 conditam,

61 503 238 542 vanam,
266 488 535 532 temerariam
552 523 562 543 ,
584 488 849 547 praeeipitem
867 523 877 543 ,
906 487 1190 546 perniciosam
1207 522 1218 542 ,
1244 487 1444 546 praevidit

64 558 246 616 Spiritus
269 558 347 602 Dei
367 593 377 613 ,
408 567 452 602 et
485 566 690 618 tanquam
723 566 871 602 contra
906 557 1002 602 illos
1032 573 1134 602 cum
1166 557 1444 601 annuntiaret

62 628 296 672 unitatem:
313 647 331 669 «
345 631 396 671 In
413 627 712 672 conveniendo
728 627 914 687 populos
929 628 975 671 in
996 644 1150 683 unum,
1170 637 1213 672 et
1234 642 1381 686 regna,
1394 636 1445 670 ut

64 716 85 740 »
119 699 306 742 serviant
328 699 530 742 Domino.
567 701 811 759 »Cumque
843 698 1127 753 subdidisset,
1160 717 1178 740 «
1204 697 1446 757 Respondit

65 785 86 809 »
121 768 185 823 ei,
213 786 233 809 »
259 768 411 827 utique
432 767 526 812 laus
555 769 644 828 ejus
661 803 671 823 ,
702 768 852 828 utique
881 767 1118 813 Jerusalem
1141 777 1278 812 mater
1299 777 1446 812 nostra

61 838 117 881 de.
151 838 496 897 peregrinatione
521 837 789 892 revocanda,
818 837 972 882 foetosa
1005 854 1105 882 cum
1135 838 1282 882 multis
1319 838 1443 892 filiis,

62 908 194 966 magis
212 923 344 968 quam
359 924 407 952 ea
425 924 523 968 quae
544 908 734 952 habebat
752 908 913 962 virum,
931 908 1138 968 quoniam
1161 908 1341 968 quidam
1359 907 1445 951 dic-

62 977 150 1021 turi
174 987 296 1022 erant
319 987 469 1022 contra
491 997 500 1022 ε
532 978 656 1030 Fuit,
683 987 726 1022 et
746 994 837 1022 non
859 987 923 1022 est
943 998 952 1022 :
983 998 1002 1020 «
1027 979 1319 1037 Exiguitatem
1337 1013 1347 1032 ,
1375 978 1446 1022 in-

65 1065 86 1089 »
122 1049 231 1108 quit,
255 1048 425 1092 dierum
443 1064 640 1093 meorum
658 1049 869 1093 annuntia
891 1049 997 1092 mihi
1012 1051 1042 1092 1.
1058 1068 1077 1090 ³>
1092 1048 1209 1102 Quid
1230 1058 1310 1102 est,
1325 1049 1447 1108 quod

62 1119 206 1163 nescio
228 1119 304 1179 qui
326 1119 573 1163 recedentes
594 1135 617 1163 a
634 1135 720 1174 me,
736 1129 1013 1163 murmurant
1034 1129 1184 1163 contra
1207 1121 1307 1162 me?
1328 1117 1448 1172 Quid

62 1198 140 1244 est,
168 1189 288 1248 quod
309 1188 464 1248 perditi
484 1205 553 1233 me
575 1190 733 1249 perisse
755 1189 1061 1234 contendunt?
1082 1192 1209 1234 Certe
1231 1189 1345 1233 enim
1363 1189 1446 1232 hoc

62 1259 238 1314 dicunt,
259 1259 361 1318 quia
378 1258 442 1302 fui
461 1294 471 1313 ,
497 1269 540 1303 et
561 1275 650 1303 non
669 1275 762 1303 sum
789 1279 797 1304 :
827 1260 1082 1304 «Annuntia
1103 1259 1209 1303 mihi
1233 1258 1447 1317 exiguita-

65 1346 85 1370 »
121 1338 253 1373 tatem
282 1329 451 1373 dierum
482 1345 696 1374 meorum.
729 1347 749 1371 »
775 1332 874 1375 Non
906 1346 929 1374 a
964 1339 1007 1373 te
1040 1345 1188 1389 quaero
1225 1329 1323 1373 illos
1358 1329 1447 1372 dies

62 1408 244 1444 aeternos
267 1419 276 1444 :
300 1400 363 1443 illi
385 1399 476 1444 sine
504 1400 590 1443 fine
617 1409 739 1454 sunt,
765 1400 843 1443 ubi
877 1415 950 1444 ero
974 1420 984 1455 3
1011 1415 1100 1443 non
1123 1399 1234 1458 ipsos
1258 1415 1407 1459 quaero
1433 1418 1442 1443 :

60 1469 319 1528 temporales
341 1485 513 1530 quaero,
538 1469 797 1528 temporales
819 1469 909 1513 dies
926 1469 1033 1512 mihi
1056 1469 1264 1513 annuntia
1288 1489 1295 1512 :
1317 1489 1336 1510 «
1352 1469 1450 1512 Exi-

64 1556 84 1579 »
120 1539 328 1597 guitatem
352 1538 523 1583 dierum
544 1555 769 1594 meorum,
797 1557 817 1580 »
848 1555 937 1584 non
966 1540 1254 1584 aeternitatem
1275 1538 1447 1583 dierum

60 1623 276 1664 meorum,
296 1628 316 1650 «
334 1609 560 1653 Annuntia
581 1610 736 1653 mihi.»
764 1610 970 1662 Quandiu
995 1625 1068 1655 ero
1092 1610 1137 1653 in
1157 1610 1239 1654 isto
1256 1609 1415 1653 saeculo
1432 1645 1442 1664 ,

61 1680 270 1723 annuntia
292 1679 415 1734 mihi,
431 1688 608 1738 propter
628 1678 724 1724 illos
741 1680 817 1740 qui
838 1679 992 1724 dicunt
1010 1700 1018 1725 :
1039 1680 1142 1724 Fuit
1156 1715 1166 1735 ,
1193 1689 1235 1724 et
1250 1681 1446 1740 jamnon

60 1758 124 1794 est
155 1768 164 1794 :
189 1758 367 1809 propter
388 1749 484 1794 illos
514 1749 591 1809 qui
613 1748 768 1794 dicunt
796 1769 804 1794 :
832 1750 1028 1809 Impletae
1055 1759 1158 1794 sunt
1186 1751 1441 1809 Scripturae,

60 1819 338 1864 crediderunt
354 1835 501 1864 omnes
525 1829 688 1878 gentes,
714 1820 789 1864 sed
811 1821 1066 1879 apostatavit
1086 1830 1129 1864 et
1150 1821 1277 1880 periit
1298 1821 1446 1865 Eccle-

60 1891 119 1934 sia
133 1889 187 1933 de
204 1890 407 1935 omnibus
431 1890 647 1948 gentibus.
669 1890 785 1942 Quid
806 1900 869 1935 est
890 1892 990 1946 hoc,
1011 1891 1334 1949 «Exiguitatem
1359 1891 1446 1935 die-

62 1978 82 2001 »
118 1976 215 2004 rum
247 1975 444 2004 meorum
474 1960 684 2004 annuntia
721 1961 828 2003 mihi
849 1963 866 2002 ‘3
891 1979 911 2002 »
935 1964 992 2004 Et
1024 1962 1324 2017 annuntiavit,
1363 1978 1444 2006 nec

60 2031 227 2074 vacavit
243 2030 320 2074 ista
337 2046 435 2074 VOX.
449 2030 554 2082 Quis
576 2030 851 2074 annuntiavit
867 2031 988 2086 mihi,
1006 2031 1086 2075 nisi
1103 2031 1193 2091 ipsa
1215 2032 1311 2075 via?
1327 2035 1444 2085 Quo-

60 2099 192 2145 modo
219 2099 520 2144 annuntiavit?
548 2118 568 2141 «
593 2102 705 2144 Ecce
736 2115 817 2159 ego
853 2101 1079 2145 vobiscum
1103 2117 1199 2145 sum
1229 2118 1365 2162 usque
1397 2103 1444 2147 111

62 2189 82 2212 n
118 2170 535 2216 consummationem
558 2169 750 2214 saeculi&
780 2189 799 2211 »

120 2243 198 2285 IX.
228 2240 311 2286 Sed
333 2241 403 2285 hic
427 2241 614 2284 existunt
634 2275 644 2295 ,
670 2249 713 2284 et
734 2238 888 2285 dicunt
905 2260 913 2285 :
931 2260 950 2283 «
972 2241 1208 2286 Vobiscum
1229 2257 1346 2298 sum,
1371 2243 1442 2287 in-

63 2329 84 2352 »
119 2311 216 2370 quit
239 2346 250 2366 ,
285 2326 424 2370 usque
452 2311 499 2353 in
522 2310 937 2354 consummationem
972 2311 1117 2355 sacculi
1141 2332 1152 2370 3
1179 2330 1200 2353 >›
1231 2312 1332 2372 quia
1363 2329 1442 2358 nos

61 2381 348 2440 praevidebat,
375 2382 475 2441 quia
491 2396 588 2440 pars
610 2380 767 2424 Donati
790 2381 869 2424 erit
891 2381 936 2424 in
954 2390 1080 2425 terra.
1106 2382 1329 2442 Numquid
1350 2383 1443 2442 ipsa

62 2461 150 2507 est,
175 2467 275 2512 quae
296 2451 405 2495 dixit
430 2470 439 2496 :
468 2470 488 2493 «
508 2451 798 2509 Exiguitatem
820 2449 989 2495 dierum
1010 2467 1205 2497 meorum
1232 2454 1441 2498 annuntia

109 2543 118 2560 ¹
144 2537 223 2570 Psal.
243 2548 283 2578 el,
301 2535 354 2578 24.
376 2553 417 2559 —
434 2544 445 2559 2
460 2537 573 2569 Matth.
595 2547 647 2578 tv,
663 2545 716 2568 20.

298 2601 452 2632 cxvm.
1230 2591 1253 2630 5,
