1848 3261
194 251 433 280 ENARRATIO
466 253 498 278 11
531 254 574 279 m
609 250 810 279 rsALMUM
841 252 942 288 cm,
977 249 1114 277 SERMO
1147 253 1193 276 ιι.
1322 240 1402 278 125

27 318 150 373 turis,
174 317 232 360 ita
248 316 513 377 praevidente
537 316 700 375 Spiritu
716 331 814 375 quae
830 323 1012 358 ventura
1035 324 1151 369 sunt,
1175 315 1296 374 quasi
1315 317 1406 375 jam

27 388 140 433 sacta
171 388 281 442 sint,
321 387 507 431 solemus
534 386 690 445 legere.
729 386 837 430 Inde
867 395 931 429 est
959 386 1079 446 quod
1110 384 1220 428 illud
1249 385 1295 428 in
1324 385 1407 429 alio

28 457 200 502 Psalmo
217 457 416 502 novimus
432 472 596 513 omnes,
622 457 698 500 ubi
716 464 924 516 tanquam
945 454 1231 513 Evangelium
1252 455 1407 498 recita-

27 537 126 573 tur:
151 547 171 570 «
197 528 421 572 Foderunt
453 543 606 571 manus
637 542 750 570 meas
772 535 816 570 et
838 526 997 585 pedes,
1022 525 1409 569 dinumeraverunt

31 617 52 641 »
88 599 233 643 omnia
262 615 354 643 ossa
378 614 497 655 mea,
529 613 657 657 super
689 597 993 641 vestimentum
1027 611 1172 640 meum
1202 596 1412 639 miserunt

32 687 53 710 »
88 671 287 713 sortem¹.
317 686 336 709 »
369 668 522 711 Omnia
558 667 679 728 quasi
706 668 797 726 jam
842 665 955 710 facta
989 675 1408 720 commemorantur,

30 757 129 800 quae
161 740 313 799 utique
348 739 491 783 adhuc
519 748 704 783 ventura
736 738 1041 782 cernebantur.
1077 737 1161 783 Sed
1196 747 1411 798 quantum

30 819 172 870 potest
191 819 335 854 nostra
359 809 607 868 diligentia?
629 818 844 869 quantum
873 818 1018 859 autem
1040 818 1181 868 potest
1205 817 1322 852 tanta
1341 824 1415 853 oc-

31 881 231 940 cupatio?
254 889 329 924 aut
349 879 526 940 quando
549 880 607 923 sic
630 888 768 934 vacat,
794 888 842 923 ut
865 880 1076 938 possimus
1100 894 1177 938 pro
1201 888 1319 923 certo
1343 878 1412 922 di-

31 966 145 1006 cere,
170 953 235 994 Ita
256 952 349 994 est?
371 948 768 994 Animadvertimus
790 965 903 1009 saepe
928 950 1162 1008 Prophetas
1195 949 1415 1008 praeterito

31 1031 230 1080 tempore
251 1021 486 1064 verborum
507 1019 650 1064 dicere
668 1036 766 1080 quae
784 1020 932 1064 futura
956 1029 1059 1063 sunt
1080 1039 1087 1063 :
1113 1019 1250 1077 figura
1269 1029 1416 1063 autem

32 1091 171 1136 futuri
193 1092 335 1135 dicere
358 1090 596 1150 praeterita,
634 1106 724 1134 non
756 1089 879 1134 facile
908 1090 1097 1134 occurrit
1119 1089 1293 1147 legenti.
1319 1094 1417 1136 Non

34 1161 175 1206 audeo
192 1161 350 1216 dicere,
367 1165 464 1206 Non
487 1170 550 1204 est
577 1180 586 1204 ε
611 1160 686 1204 sed
708 1170 824 1204 certe
846 1160 1047 1205 studiosis
1066 1176 1213 1204 earum
1238 1162 1418 1206 Littera-

33 1249 132 1277 rum
166 1232 394 1275 indixerim
421 1231 528 1291 quid
558 1240 771 1292 quaerant.
811 1233 853 1276 Si
881 1233 1140 1287 invenerint,
1179 1242 1221 1277 et
1248 1233 1303 1277 ad
1338 1249 1416 1278 nos

36 1302 275 1357 attulerint,
305 1300 622 1360 gratulabimur
644 1301 984 1346 adolescentium
1006 1303 1158 1347 studiis
1181 1305 1416 1349 otiosorum

35 1374 234 1434 occupati
251 1389 388 1428 senes,
415 1382 458 1417 et
475 1388 527 1416 ex
545 1388 695 1417 eorum
718 1373 956 1418 ministerio
981 1383 1022 1418 et
1044 1390 1122 1418 nos
1140 1376 1305 1435 aliquid
1327 1377 1416 1420 dis-

36 1461 197 1490 cemus.
228 1447 326 1489 Non
347 1445 462 1487 enim
485 1443 798 1502 dedignamur,
825 1443 1002 1503 quando
1026 1445 1221 1490 Christus
1248 1446 1302 1490 de
1325 1463 1420 1491 om-

37 1517 166 1561 nibus
194 1515 336 1560 docet.
371 1518 465 1559 Hoc
498 1530 598 1573 ergo
633 1514 738 1559 dicit
776 1535 784 1559 :
829 1535 846 1554 «
885 1518 1022 1575 Super
1055 1526 1222 1562 montes
1241 1519 1421 1564 stabunt

41 1606 62 1630 »
99 1604 239 1649 aquae,
270 1608 288 1628 »
315 1587 531 1646 Propheta
553 1602 708 1631 curans
735 1585 881 1631 futura
904 1589 1164 1647 praedicere,
1197 1606 1285 1635 non
1320 1607 1421 1635 nar-

37 1675 131 1703 rare
157 1658 398 1719 praeterita,
429 1667 659 1717 propterea
687 1657 821 1714 dixit,
847 1659 948 1719 quia
972 1661 1207 1705 Ecclesiam
1230 1661 1422 1708 suturam

37 1730 84 1773 in
101 1728 265 1774 diluvio
279 1728 631 1789 persecutionum
648 1728 824 1772 volebat
843 1728 1043 1787 intelligi.
1064 1732 1163 1775 Fuit
1180 1733 1295 1776 enim
1315 1743 1425 1777 tem-

38 1818 119 1862 pus
142 1801 378 1862 aliquando
394 1837 405 1857 ,
431 1817 519 1862 quo
544 1810 703 1844 terram
724 1800 811 1855 Dei,
833 1800 1070 1844 Ecclesiam
1093 1803 1165 1846 Dei
1187 1819 1425 1863 cooperue-

37 1881 136 1917 rant
161 1888 285 1933 aquae
311 1871 694 1931 persequentium,
730 1880 773 1914 et
798 1871 858 1914 ita
886 1883 1222 1930 cooperuerant,
1249 1885 1298 1919 ut
1332 1892 1422 1920 non

41 1952 299 2003 apparerent
320 1958 400 1987 nee
415 1943 494 2002 ipsi
513 1941 674 2000 magni,
691 1941 766 2001 qui
784 1950 884 1985 sunt
905 1952 1089 1987 montes.
1111 1945 1294 1997 Quando
1311 1948 1426 1991 enim

40 2013 206 2073 ubique
231 2013 481 2072 fugiebant,
514 2010 736 2072 quomodo
762 2028 851 2056 non
886 2013 1028 2058 minus
1059 2017 1352 2074 apparebant?
1372 2022 1428 2063 Et

42 2084 221 2129 fortasse
245 2083 300 2127 de
322 2083 406 2127 illis
429 2082 551 2143 aquis
572 2092 635 2126 est
655 2098 740 2126 vox
757 2082 847 2138 illa,
870 2101 890 2124 «
908 2083 1083 2128 Salvum
1104 2101 1172 2130 me
1195 2085 1278 2143 fac,
1296 2092 1424 2145 Deus,

45 2173 66 2196 »
101 2154 310 2214 quoniam
332 2153 605 2197 intraverunt
627 2169 752 2213 aquae
772 2169 907 2213 usque
921 2154 974 2198 ad
998 2156 1187 2201 animam
1209 2174 1348 2202 meam
1363 2164 1424 2203 2.»

44 2225 244 2271 Maximae
259 2240 384 2284 aquae
398 2240 497 2284 quae
510 2240 627 2268 mare
641 2224 824 2279 faciunt,
842 2225 1106 2284 procellosae,
1127 2228 1423 2275 infructuosae.

44 2298 142 2341 Non
160 2295 275 2338 enim
299 2310 620 2354 quamcumque
644 2304 798 2338 terram
819 2299 1092 2355 cooperuerit
1113 2315 1225 2360 aqua
1244 2303 1424 2358 marina,

46 2365 320 2410 foecundabit
342 2380 435 2408 eam
468 2365 612 2424 potius
649 2381 780 2425 quam
823 2366 877 2409 ad
907 2368 1172 2414 sterilitatem
1202 2371 1425 2430 perducet.

47 2439 185 2480 Erant
205 2436 320 2479 enim
345 2444 387 2480 ct
410 2445 576 2479 montes
597 2436 678 2478 sub
707 2436 828 2495 aquis
854 2438 981 2497 :qnia
1003 2455 1130 2499 super
1153 2452 1322 2486 montes
1344 2453 1430 2488 sta-

49 2507 157 2552 bant
174 2523 298 2567 aquae
322 2526 330 2551 ε
357 2506 509 2567 populi
533 2507 776 2551 resistentes
800 2521 1106 2568 superaverant
1128 2515 1427 2560 auctoritatem

99 2598 106 2614 ¹
129 2591 204 2623 Psal.
225 2602 290 2631 xxi,
315 2601 429 2632 ¹7·¹9-
456 2608 496 2612 ——-
516 2591 721 2632 ²1d.1„xvu=‚
737 2600 768 2623 ⁴2.
