1848 3261
258 198 501 232 ENARRATIO
532 204 566 231 11
596 204 643 233 m
675 199 877 232 rsAmtm
909 202 1042 242 cx111,
1076 200 1214 232 SERMO
1244 204 1293 232 11.
1399 192 1483 233 343

595 365 734 383 ΜΜΜ
940 363 1485 385 mmmmm

114 366 386 384 WWMMWWU

548 480 943 530 ENARRATIO
980 483 1024 528 II

323 624 387 663 IN
428 622 689 663 EUMDEM
729 620 1031 663 PSALMUM
1086 621 1271 663 CXIII.

656 787 826 825 SERMO
852 787 905 823 ΙΙ.

497 910 562 954 De
592 907 728 953 altera
758 916 880 968 parte
912 907 1086 953 Psalmi.

158 1033 194 1076 Ι.
230 1032 484 1085 QUANQUAM
506 1030 686 1076 fortasse
703 1031 900 1076 omnium
916 1028 1186 1076 Psalmorum
1204 1031 1259 1075 sit
1279 1046 1367 1076 una
1383 1046 1485 1077 con-

99 1101 233 1146 textio
256 1100 483 1159 diligenter
514 1101 785 1145 intuentibus
801 1136 811 1156 ,
838 1101 895 1144 ita
918 1109 969 1145 ut
1000 1099 1148 1145 nullus
1180 1111 1387 1162 sequatur
1406 1103 1484 1163 qui

99 1187 190 1217 non
213 1172 422 1231 superiori
441 1170 572 1230 possit
594 1170 774 1231 adjungi
798 1189 807 1215 :
833 1179 978 1214 tamen
1000 1171 1130 1214 istum
1148 1171 1207 1215 ita
1235 1171 1484 1217 considere-

99 1257 196 1286 mus
216 1276 226 1295 ‚
252 1251 461 1300 tanquam
480 1250 664 1300 uterque
686 1256 799 1284 unus
819 1240 895 1296 sit,
921 1241 1001 1285 iste
1022 1240 1185 1286 scilicet
1203 1257 1252 1286 ac
1268 1243 1478 1302 superior.

99 1314 296 1371 Namque
326 1326 427 1355 cum
448 1311 494 1354 in
521 1310 597 1355 illo
618 1310 784 1355 dietum
807 1311 861 1355 sit
891 1329 900 1355 ε
937 1313 1071 1356 «Non
1091 1311 1237 1366 nobis,
1269 1314 1479 1371 Domine,

101 1401 122 1425 »
157 1399 248 1427 non
278 1382 403 1427 nobis
418 1417 430 1438 ,
455 1382 532 1426 sed
553 1382 718 1426 nomini
746 1391 823 1426 tuo
845 1382 899 1426 da
923 1382 1103 1441 gloriam
1130 1403 1138 1428 :
1163 1399 1292 1444 super
1314 1386 1483 1430 miseri-

100 1472 121 1495 »
157 1453 303 1498 cordia
335 1462 410 1497 tua
440 1462 483 1497 et
515 1453 695 1497 veritate
713 1462 787 1497 tua
813 1472 821 1498 :
847 1469 902 1496 ne
925 1454 1103 1513 quando
1126 1452 1275 1499 dicant
1291 1456 1451 1500 Gentes
1467 1491 1478 1513 ,

99 1542 121 1566 »
156 1524 241 1568 Ubi
259 1533 323 1568 est
339 1527 452 1568 Deus
470 1525 707 1568 eorum19»
730 1523 831 1583 quia
850 1523 1111 1568 invisibilem
1125 1527 1265 1569 Deum
1281 1525 1479 1583 colimus,

95 1595 173 1655 qui
194 1595 417 1639 nullorum
432 1595 650 1654 corporeis
672 1594 826 1649 oeulis,
853 1593 1058 1639 cordibus
1081 1604 1226 1639 autem
1241 1612 1483 1656 paucorum

96 1666 388 1710 mundissimis
410 1675 539 1710 notus
563 1675 650 1723 est3
675 1675 883 1726 tanquam
902 1665 1000 1710 ideo
1022 1666 1188 1725 possint
1209 1666 1350 1711 dicere
1373 1670 1483 1713 Gen-

95 1745 158 1781 tes
182 1756 192 1781 :
221 1737 340 1781 «Ubi
368 1746 432 1781 est
454 1740 569 1781 Deus
588 1739 767 1780 eorum?
792 1755 811 1777 »
839 1736 941 1795 quia
958 1736 1038 1794 ipsi
1055 1746 1237 1795 possunt
1254 1738 1482 1784 ostendere

96 1807 232 1853 oeulis
265 1807 368 1852 deos
402 1824 499 1852 suos
527 1827 534 1852 z
562 1808 702 1867 primo
731 1807 957 1851 admonuit
979 1808 1181 1866 operibus
1201 1809 1347 1852 sentiri
1368 1825 1482 1869 prae-

95 1879 277 1922 sentiam
309 1879 382 1922 Dei
415 1878 574 1932 nostri,
610 1878 711 1937 quia
745 1892 846 1921 eum
862 1870 924 1921 sit
955 1880 1046 1921 «In
1076 1877 1191 1922 coelo
1212 1893 1409 1936 sursum,
1434 1881 1480 1925 in

98 1967 118 1990 »
155 1948 267 1994 coelo
299 1958 341 1992 et
365 1950 410 1992 in
432 1958 545 1992 terra
577 1949 722 1992 omnia
745 1963 1035 2008 quaecumque
1053 1949 1194 1994 voluit
1220 1948 1338 1994 feeit.
1368 1969 1388 1992 »
1422 1954 1481 1997 Et

95 2020 217 2080 quasi
239 2019 402 2064 diceret
417 2055 427 2074 ‚
454 2020 694 2064 Ostendant
715 2021 873 2064 Gentes
895 2018 998 2063 deos
1026 2035 1140 2065 SUOS.
1178 2040 1198 2062 «
1213 2021 1449 2067 Simulaera
1463 2059 1475 2079 ,

97 2108 118 2153 >3
153 2089 319 2149 inquit,
348 2090 555 2133 Gentium
579 2099 808 2148 argentum
839 2098 883 2134 et
911 2106 1088 2146 aurum,
1114 2106 1245 2150 opera
1266 2107 1478 2137 manuum

96 2178 117 2201 »
150 2159 379 2203 hominum
394 2162 427 2202 2.
445 2179 461 2200 »
498 2159 549 2204 Id
582 2169 644 2204 est
662 2195 673 2215 ,
698 2160 893 2220 quamvis
912 2163 1051 2205 Deum
1072 2170 1270 2205 nostrum
1291 2162 1476 2206 carnali-

94 2230 176 2274 bus
199 2228 334 2274 oeulis
351 2231 499 2274 vestris
512 2246 599 2274 non
612 2231 821 2290 possimus
843 2231 1083 2288 ostendere,
1104 2248 1235 2293 quem
1252 2248 1328 2293 per
1341 2249 1472 2293 opera

93 2299 335 2358 intelligere
357 2300 564 2344 debuistis
587 2320 595 2345 :
620 2301 755 2346 nolite
772 2311 916 2346 tamen
934 2302 1083 2348 seduci
1101 2304 1363 2348 vanitatibus
1382 2319 1474 2350 ves-

94 2371 192 2425 tris,
228 2370 329 2430 quia
363 2386 439 2415 vos
474 2387 523 2416 ea
550 2389 648 2432 quae
677 2372 816 2417 colitis
851 2373 987 2433 digito
1015 2376 1192 2434 potestis
1226 2376 1467 2421 ostendere.

94 2441 237 2487 Multo
268 2441 429 2502 quippe
450 2443 671 2488 honestius
692 2460 782 2489 non
808 2444 1022 2490 haberetis
1053 2446 1174 2507 quod
1195 2446 1372 2506 possetis
1403 2462 1472 2491 os-

149 2543 158 2559 ¹
174 2535 255 2569 Psal.
279 2547 355 2569 exin
371 2538 516 2576 secundi,
537 2551 567 2580 1,
587 2547 619 2571 2.
641 2556 681 2562 —·-
700 2546 712 2562 2
731 2539 812 2572 Ibid.
836 2538 869 2581 4.
