1848 3261
375 234 458 274 354
795 241 829 270 s.
865 241 1096 271 AUGUSTINI
1127 242 1309 270 Emscom

370 323 518 354 aurem
554 310 693 352 Deum
728 320 855 350 suum
881 325 889 351 ι
915 320 1060 350 nonne
1098 305 1378 364 respondebit
1394 340 1405 361 ,
1446 324 1464 346 «
1499 305 1611 358 Quia
1631 305 1750 364 prior

371 399 389 421 «
425 377 573 423 dilexit
589 391 666 421 nos
683 411 694 432 ‚
715 385 758 420 et
776 375 886 420 Filio
915 375 1091 435 proprio
1108 390 1199 419 non
1219 375 1412 434 pepercit
1425 410 1436 430 ‚
1466 374 1542 420 sed
1565 391 1644 435 pro
1665 391 1748 420 no-

368 471 386 492 »
421 450 486 495 bis
511 448 713 494 omnibus
727 446 907 491 tradidit
919 449 1043 490 eum1
1061 445 1322 499 PQuomodo
1343 447 1459 490 enim
1479 446 1750 491 invocabunt

368 542 387 564 »
421 521 468 564 in
500 535 633 580 quem
662 533 751 562 non
784 516 1093 562 crediderunt?
1121 517 1180 562 ait
1213 519 1366 562 doctor
1401 518 1635 573 Gentium,
1673 525 1750 562 aut

369 612 388 634 »
422 589 645 651 quomodo
677 586 856 632 credent
874 622 886 642 ‚
921 599 1053 647 quem
1086 603 1177 632 non
1217 587 1481 632 audierunt?
1520 586 1749 640 Quomodo

370 682 388 703 »
424 669 569 705 autem
584 656 762 702 audient
782 657 872 700 sine
894 657 1274 716 praedicantei’aut
1295 656 1517 718 quomodo
1539 657 1749 717 praedica-

366 752 384 773 »
421 731 533 773 bunt
547 763 558 784 ‚
576 728 657 772 nisi
678 727 908 771 mittantur
918 729 967 772 ’ΣΡ
991 748 1008 769 »
1028 729 1141 772 Cum
1157 728 1252 772 haec
1267 728 1414 772 omnia
1433 736 1549 787 gesta
1563 742 1662 785 erga
1679 742 1749 771 me

361 814 604 853 cernerem,
624 796 847 857 quomodo
874 812 964 841 non
1000 797 1220 842 crederem
1243 798 1365 857 quod
1401 797 1625 841 inclinavit
1662 799 1751 841 Do-

361 870 505 914 minus
546 882 695 912 aurem
725 882 848 911 suam
877 867 1010 910 mihi?
1037 869 1095 911 Et
1124 867 1182 911 sic
1204 865 1526 912 commendavit
1547 867 1593 910 in
1626 866 1751 910 nobis

359 939 638 984 dilectionem
675 953 797 982 suam
817 973 828 993 ‚
868 946 919 981 ut
944 937 1141 982 Christus
1176 952 1255 996 pro
1287 936 1425 993 impiis
1461 937 1746 980 moreretur³.

361 1014 474 1057 Cum
490 1011 622 1068 igitur
641 1010 736 1053 haec
758 1009 867 1054 mihi
889 1009 1202 1053 annuntiarent
1221 1008 1400 1068 speciosi
1421 1006 1552 1067 pedes
1577 1023 1747 1064 eorum,

357 1082 434 1141 qui
461 1079 831 1125 annuntiaverunt
852 1094 1004 1138 pacem
1024 1114 1035 1134 ‚
1060 1079 1137 1139 qui
1167 1078 1540 1122 annuntiaverunt
1567 1077 1683 1122 bona
1701 1078 1719 1103 4
1734 1111 1746 1133 ‚

358 1153 461 1213 quia
479 1171 496 1192 «
513 1149 664 1194 Omnis
681 1150 757 1209 qui
768 1149 1033 1194 invocaverit
1045 1163 1209 1193 nomen
1222 1147 1413 1203 Domini,
1428 1147 1571 1192 salvus
1585 1149 1708 1192 erit⁵z
1727 1167 1747 1189 υ

361 1222 528 1267 credidi
545 1235 699 1277 *aurem
725 1221 816 1280 ejus
832 1219 1085 1264 inclinatam
1110 1219 1239 1274 mihi,
1268 1237 1289 1261 «
1313 1220 1371 1263 Et
1392 1218 1439 1262 in
1459 1217 1616 1262 diebus
1643 1217 1750 1261 meis

365 1313 383 1334 »
418 1291 632 1336 invocavi.
663 1309 681 1330 »

417 1364 498 1406 III.
519 1364 576 1405 Et
597 1359 674 1420 qui
695 1367 798 1403 sunt
814 1358 905 1402 dies
925 1358 990 1402 tui
1010 1392 1021 1413 ‚
1046 1360 1255 1417 quoniam
1277 1356 1448 1413 dixisti,
1478 1376 1496 1397 «
1524 1359 1577 1400 In
1592 1356 1750 1402 diebus

365 1454 382 1476 »
417 1432 523 1478 meis
545 1430 781 1491 ginvocavi?
812 1450 828 1470 »
862 1433 932 1473 An
953 1428 1066 1473 forte
1094 1428 1158 1472 illi
1187 1428 1347 1488 quibus
1374 1429 1495 1474 venit
1521 1427 1751 1488 plenitudo

360 1502 588 1562 temporis,
610 1510 653 1545 et
672 1500 788 1544 misit
808 1503 922 1543 Deus
945 1499 1107 1543 Filium
1126 1514 1255 1543 suum
1269 1502 1284 1526 ⁶
1302 1535 1313 1555 ‚
1338 1499 1415 1559 qui
1435 1500 1525 1559 jam
1556 1498 1747 1555 dixerat,

366 1595 383 1616 «
421 1577 632 1632 Tempore
655 1569 909 1628 acceptabili
922 1570 1120 1614 exaudivi
1136 1579 1175 1613 te
1188 1605 1199 1625 ‚
1220 1578 1263 1614 et
1280 1570 1326 1613 in
1346 1570 1416 1613 die
1431 1569 1580 1614 salutis
1603 1569 1751 1629 adjuvi

366 1666 384 1688 »
420 1654 462 1688 te
476 1645 520 1687 ⁷?
541 1663 559 1684 »
585 1641 757 1686 Audisti
769 1656 819 1683 ex
840 1655 913 1684 ore
926 1639 1220 1699 praedicatoris
1237 1639 1465 1695 venientis,
1490 1639 1546 1683 ad
1561 1649 1603 1684 te
1623 1639 1751 1699 pedi-

363 1717 443 1759 bus
465 1711 663 1773 speciosis
678 1746 689 1766 ,
714 1729 731 1751 ‹<
752 1713 865 1754 Ecce
893 1725 1011 1753 nunc
1029 1718 1200 1769 tempus
1222 1709 1488 1768 acceptabile
1513 1725 1613 1754 ecce
1632 1725 1750 1754 nunc

363 1786 452 1830 dies
477 1783 648 1828 salutisS
674 1801 682 1825 :
709 1801 726 1822 »
752 1789 796 1824 et
817 1778 1062 1834 credidisti,
1089 1788 1132 1823 et
1158 1780 1205 1823 in
1226 1780 1381 1823 diebus
1404 1780 1488 1823 tuis
1505 1780 1718 1824 invocasti
1735 1815 1746 1836 ‚

362 1867 406 1902 et
423 1856 590 1909 dixisti,
617 1872 635 1894 «
662 1854 698 1896 Ο
715 1852 920 1907 Domine,
945 1866 1048 1894 erue
1065 1851 1253 1894 animam
1275 1851 1460 1905 meams'.
1482 1870 1500 1891 »
1520 1852 1630 1895 Sunt
1652 1851 1752 1910 qui-

364 1929 464 1972 dem
485 1927 564 1969 ista
583 1943 591 1968 :
612 1922 687 1966 sed
698 1921 787 1965 dies
804 1937 921 1965 meos
943 1921 1077 1979 magis
1091 1956 1101 1976 ,
1121 1920 1287 1980 inquit,
1306 1935 1483 1980 possum
1499 1920 1643 1965 dicere
1660 1921 1751 1967 dies

365 1996 545 2043 miseriae
562 2008 685 2047 meae,
702 1990 792 2035 (lies
805 1991 1076 2035 mortalitatis
1090 2005 1216 2045 meae,
1229 1989 1319 2034 dies
1337 1989 1579 2034 secundum
1591 1991 1748 2048 Adam,

366 2069 517 2130 plenos
543 2063 702 2109 laboris
725 2071 768 2106 et
789 2061 956 2106 sudoris
973 2097 984 2117 ,
1009 2062 1100 2105 dies
1122 2061 1363 2105 secundum
1385 2069 1643 2105 vetustatem
1665 2077 1752 2121 pu-

367 2138 560 2186 tredinis.
587 2138 681 2194 Ego
699 2134 987 2192 enim-jacens,
1008 2151 1025 2172 «
1048 2132 1208 2176 Infixus
1222 2132 1268 2175 in
1283 2131 1389 2175 limo
1409 2129 1619 2191 profundi
1638 2134 1672 2157 1⁰
1695 2148 1704 2173 z
1728 2152 1748 2174 »

368 2224 411 2258 et
434 2213 480 2256 in
502 2210 585 2255 alio
611 2207 782 2253 Psalmo
805 2206 1063 2260 exclamavi,
1088 2225 1105 2245 «
1125 2208 1238 2250 Ecce
1266 2214 1433 2249 veteres
1460 2205 1641 2264 posuisti
1661 2204 1751 2250 dies

373 2305 391 2325 »
415 2297 533 2326 meos
544 2282 593 2323 1¹.
610 2282 663 2322 In
672 2277 738 2321 his
749 2277 901 2320 diebus
918 2276 1023 2320 meis
1037 2275 1247 2320 invocavi.
1268 2294 1285 2316 »
1303 2275 1473 2319 Distant
1485 2274 1647 2334 quippe
1660 2274 1751 2320 dies

369 2354 484 2397 meia
499 2350 651 2396 diebus
664 2346 1049 2393 Dominimei.Dies
1061 2359 1178 2390 meos
1191 2343 1304 2400 dico,
1322 2359 1431 2404 quos
1442 2343 1534 2403 ipse
1547 2343 1654 2387 mihi
1666 2343 1750 2390 feci

420 2474 428 2489 ¹
449 2469 541 2499 Rom.
560 2474 630 2505 vm,
654 2463 708 2495 32.
735 2477 776 2484 -·
796 2467 808 2484 2
827 2460 873 2493 Id.
895 2472 928 2502 x,
947 2459 998 2502 14,
1016 2459 1066 2492 15.
1088 2476 1128 2482 --
1151 2457 1282 2500 31d.v,
1305 2460 1338 2499 8,
1359 2469 1393 2500 9.
1414 2455 1653 2499 -41sai.1.11‚
1672 2467 1751 2499 7.-

372 2519 387 2544 5
404 2521 483 2553 Jo'el.
501 2532 540 2562 ιι,
560 2520 613 2552 32.
633 2533 673 2540 —
687 2514 702 2540 6
716 2515 784 2549 Gal.
803 2526 848 2557 zv,
869 2513 901 2556 4.
919 2531 959 2538 —-
979 2515 1081 2547 7Isa‘1'.
1101 2524 1187 2555 xuni,
1206 2513 1292 2546 8.—
1309 2510 1324 2535 8
1343 2521 1363 2545 2
1380 2513 1452 2546 Cor.
1469 2522 1516 2554 vr,
1537 2520 1567 2545 2.
1584 2519 1652 2545 ——9
1666 2511 1747 2547 Psal.

371 2587 458 2619 emt,
477 2575 508 2609 5.
529 2590 571 2598 -
588 2578 618 2597 ¹0
639 2573 686 2605 ld.
701 2580 810 2613 tuin,
828 2571 859 2604 3.
876 2586 916 2593 —-
939 2575 968 2594 ¹¹
989 2570 1035 2602 Id.
1057 2579 1196 2612 xxxvm,
1218 2568 1252 2601 6.
