1848 3261
379 214 464 253 226
812 224 847 252 s.
880 223 1114 254 Aucusnm
1143 224 1330 253 Emscom

372 287 505 343 Quod
523 288 559 333 si
577 287 680 333 odio
714 303 888 346 eorum,
910 306 1002 336 non
1037 288 1272 335 dilectione
1291 287 1483 344 fecisset,
1516 285 1626 331 dum
1654 302 1758 332 eum

370 360 619 405 comederet
638 359 755 406 zelus
776 361 932 407 domus
953 361 1056 418 Dei,
1087 376 1178 406 non
1195 362 1235 405 ei
1255 368 1532 420 reputaretur
1553 358 1609 402 ad
1629 359 1762 419 justi-

369 430 491 475 tiam.
517 433 611 476 Hoc
631 431 747 476 enim
765 429 881 477 facto
896 467 908 488 ‚
932 431 1058 478 illum
1080 431 1295 492 populum
1318 431 1442 491 cujus
1469 429 1646 474 futurus
1668 437 1763 474 erat

369 503 507 562 major
539 502 760 558 interitus,
800 512 1010 563 tanquam
1040 517 1182 547 unum
1217 502 1444 547 hominem
1481 500 1606 561 quasi
1640 500 1763 558 virga

369 573 580 632 percussit
598 608 610 629 ‚
645 582 697 617 ut
729 573 921 618 animam
949 575 1040 634 ejus
1071 573 1256 618 salvaret
1282 588 1307 617 a
1339 581 1496 616 morte.
1530 570 1763 616 Lenior-em

370 643 548 703 quidem
567 642 758 687 revelato
777 646 1052 689 Testamento
1074 659 1190 689 novo
1213 643 1423 688 Dominus
1443 643 1640 688 Christus
1672 656 1764 685 esse

368 714 508 759 voluit
524 713 820 773 disciplinam3
843 714 920 759 sed
941 715 1127 759 atrocior
1143 724 1208 759 est
1227 714 1509 759 comminatio
1527 713 1760 771 gehennae,

369 800 503 845 quam
531 793 637 829 tunc
668 785 715 828 in
744 783 828 830 illis
864 786 1274 830 comminationibus
1295 786 1372 830 Dei
1393 800 1474 845 pro
1503 794 1761 844 „temporum

369 854 690 913 dispensatione
706 871 796 900 non
816 855 1017 915 legimus.
1047 874 1068 899 «
1090 854 1380 915 Multiplicata
1408 864 1472 899 est
1494 869 1597 913 ergo
1626 854 1675 897 in
1703 852 1763 897 eis

374 942 395 966 ³»
429 925 579 981 ruina,
602 943 623 966 »
656 941 758 970 cum
791 941 870 985 pro
898 927 985 970 suis
1010 926 1212 986 gravibus
1236 925 1421 986 peccatis
1444 926 1631 984 graviter
1659 938 1759 968 vas-

371 1005 582 1040 tarentur‘
604 1015 626 1039 «
644 999 701 1040 Et
717 997 836 1041 stetit
858 998 1041 1041 Phinees
1056 1032 1067 1051 ,
1086 1006 1129 1041 et
1146 997 1348 1057 placavit,
1373 1005 1417 1040 et
1431 995 1611 1039 cessavit
1632 1008 1763 1054 quas—

376 1085 395 1108 »
430 1067 577 1111 satio1.
603 1085 624 1109 »
646 1068 838 1112 Breviter
865 1076 1009 1112 totum
1030 1067 1159 1123 dixit,
1185 1069 1287 1128 quia
1315 1082 1406 1112 non
1431 1066 1504 1110 hic
1525 1065 1766 1110 nescientes

371 1135 520 1192 docet,
549 1136 626 1181 sed
647 1148 958 1182 commemorat
987 1139 1184 1183 scientes.
1211 1143 1317 1191 Quae
1339 1146 1486 1182 autem
1523 1137 1595 1180 hic
1627 1135 1769 1195 posita

374 1216 437 1251 est
471 1208 711 1267 quassatio,
746 1208 841 1253 haec
871 1208 1066 1268 superius
1092 1206 1333 1253 confractio
1366 1226 1376 1253 ι
1407 1222 1511 1252 nam
1537 1206 1585 1251 in
1615 1220 1760 1265 graeco

374 1293 516 1322 unum
536 1277 721 1322 verbum
737 1287 817 1322 est.

431 1349 619 1411 XXVII.
653 1368 674 1392 «
697 1352 753 1394 Et
776 1359 1028 1410 reputatum
1048 1360 1111 1394 est
1134 1350 1173 1394 ei
1192 1349 1239 1393 in
1255 1348 1492 1410 justitiam,
1516 1348 1564 1392 in
1581 1362 1770 1407 genera-

378 1437 398 1459 »
433 1418 599 1462 tionem
616 1428 658 1463 et
674 1420 997 1478 generationem
1013 1419 1211 1479 usquein
1228 1419 1591 1478 sempiternum2.
1613 1436 1633 1460 »
1654 1420 1770 1462 Deus

374 1489 460 1534 hoc
480 1489 696 1549 reputavit
712 1489 926 1534 sacerdoti
943 1506 1024 1534 suo
1042 1490 1314 1550 injustitiam
1326 1524 1337 1544 ,
1357 1504 1448 1533 non
1464 1487 1608 1533 solum
1627 1486 1774 1549 quanss

376 1559 454 1605 diu
470 1561 689 1619 generatio
706 1565 790 1616 est,
816 1560 892 1605 sed
919 1580 940 1604 t(
957 1564 1102 1622 Usque
1121 1562 1168 1604 in
1189 1561 1506 1620 sempiternum
1523 1580 1534 1617 3
1563 1579 1581 1602 »
1602 1559 1680 1620 qui
1695 1574 1773 1607 cor

376 1639 617 1686 scrutatur,
637 1640 681 1675 et
697 1631 819 1676 novit
840 1630 1087 1691 appendere
1107 1642 1273 1693 quanta
1293 1631 1340 1675 id
1359 1630 1525 1676 factum
1542 1630 1596 1676 sit
1616 1628 1771 1690 populi

383 1701 608 1746 charitate.

439 1775 647 1817 XXVIII.
673 1791 694 1815 «
714 1775 771 1816 Et
790 1773 1070 1818 irritaverunt
1091 1787 1191 1817 eum
1212 1772 1268 1817 ad
1279 1787 1438 1833 aquam
1458 1771 1772 1817 contradictio-

382 1844 470 1898 nis,
496 1852 539 1886 et
557 1852 731 1887 vexatus
751 1852 814 1887 est
835 1846 1006 1901 Moyses
1028 1853 1206 1903 propter
1227 1858 1299 1887 eos
1314 1877 1325 1897 ,
1357 1842 1459 1902 quia
1482 1842 1770 1886 exacerbave-

384 1932 405 1955 »
441 1922 544 1957 runt
564 1913 762 1972 spiritum
785 1914 890 1973 ejus.
918 1916 973 1957 Et
996 1913 1190 1958 distinxit
1217 1914 1263 1957 in
1285 1912 1411 1956 labiis
1433 1912 1565 1956 suisss.
1599 1930 1620 1954 »
1651 1911 1771 1965 Quid

383 1992 468 2038 est,
499 2002 519 2025 «
545 1982 780 2027 distinxit?
816 2005 833 2025 »
867 1984 995 2037 Quasi
1020 1983 1133 2028 illud
1165 1999 1256 2028 non
1281 1992 1421 2042 posset
1454 1986 1570 2027 Deus
1597 1981 1768 2037 facere,

382 2055 457 2116 qui
477 2063 593 2099 tanta
612 2056 702 2115 jam
719 2054 880 2099 fecerat
894 2090 905 2110 ‚
926 2064 975 2099 ut
1000 2071 1113 2116 aqua
1136 2054 1191 2099 de
1208 2064 1331 2114 petra
1352 2054 1605 2114 proflueret.
1630 2053 1773 2098 Dubi-

382 2134 525 2169 tanter
537 2125 654 2168 enim
674 2134 841 2183 petram
855 2125 972 2184 virga
984 2125 1214 2185 percussit,
1229 2134 1271 2169 et
1288 2125 1388 2169 ideo
1405 2125 1490 2169 hoc
1508 2122 1770 2169 miraculum

385 2195 578 2239 distinxit
600 2211 624 2239 a
644 2195 809 2239 caeteris
837 2196 1078 2250 miraculis,
1108 2196 1153 2239 in
1177 2194 1339 2255 quibus
1360 2210 1451 2239 non
1477 2193 1768 2239 dubitaverat.

388 2266 500 2310 Hinc
522 2265 731 2321 offendit,
765 2266 868 2310 hinc
894 2266 1044 2310 audire
1066 2266 1224 2310 meruit
1252 2275 1302 2309 ut
1330 2274 1598 2320 moreretur,
1622 2280 1677 2308 ne
1702 2264 1773 2308 in-
1839 2303 1843 2306 .

387 2345 522 2380 traret
534 2337 579 2380 in
594 2345 755 2380 terram
769 2336 1062 2396 promissionis
1077 2337 1109 2380 4.
1127 2335 1409 2380 Perturbatus
1424 2336 1538 2379 enim
1551 2349 1775 2379 murmure

388 2407 541 2468 populi
561 2407 746 2452 infidelis
761 2443 772 2463 ,
797 2424 887 2452 non
916 2408 1059 2453 tenuit
1080 2407 1284 2452 fiduciam
1305 2407 1482 2468 qualem
1503 2406 1670 2450 debuit.
1693 2407 1775 2451 Cui

392 2487 539 2522 tamen
556 2481 670 2522 Deus
692 2487 900 2539 tanquam
924 2478 1062 2523 electo
1083 2494 1184 2533 suo,
1209 2478 1345 2522 etiam·
1359 2486 1458 2537 post
1478 2486 1662 2521 mortem
1683 2478 1776 2537 ejus

443 2570 448 2585 ¹
476 2564 557 2594 psal.
578 2575 627 2600 cv,
652 2563 700 2595 30.
725 2580 765 2585 —-
784 2570 796 2586 ²
819 2564 901 2596 Ibid.
928 2563 978 2595 31.
997 2580 1037 2586 -—
1053 2562 1164 2596 31bid.
1186 2563 1240 2603 32,
1261 2562 1313 2595 33.
1339 2579 1375 2585 —
1394 2561 1411 2591 4
1428 2565 1522 2596 Deut.
1544 2561 1767 2604 xxxu‚49-52.
