1848 3261
350 201 432 239 502
783 213 816 239 s.
853 210 1082 239 Avensa-rm
1113 210 1295 238 Enseom

351 296 372 319 »
407 275 726 336 perabundavit
749 277 899 335 gratia.
922 295 941 318 »
961 279 1058 321 Non
1083 276 1228 335 itaque
1244 277 1572 335 praevaricantes
1590 275 1730 335 depu-

350 358 413 392 tat
438 364 587 392 omnes
610 358 855 407 peccatores
873 348 1126 406 Apostolus,
1149 345 1224 390 sed
1247 362 1318 391 eos
1336 356 1505 391 tantum
1528 347 1733 406 praevari-

348 428 493 463 cantes
506 419 686 478 deputat
701 419 774 477 qui
799 417 1176 475 transgrediuntur
1189 416 1345 475 legem.
1371 436 1387 456 «
1410 418 1492 461 Ubi
1511 418 1624 462 enim
1643 433 1732 461 non

351 509 372 531 ³>
409 500 472 534 est
493 489 583 543 lex,
605 490 770 548 inquit,
798 504 876 532 nec
899 489 1214 547 praevaricatio.
1245 507 1265 529 »
1291 491 1354 532 Ac
1376 503 1452 547 per
1473 489 1557 532 hoc
1580 503 1735 532 secun·

349 562 456 606 dum
473 560 746 620 Apostolum,
765 560 904 604 omnis
927 560 1106 619 quidem
1118 560 1420 619 praevaricator
1437 570 1637 619 peccator
1652 569 1730 615 est,

348 633 450 693 quia
468 640 617 690 peccat
638 631 682 673 in
698 630 794 689 lege
816 649 824 675 2
850 629 923 674 sed
941 646 1030 674 non
1053 632 1191 674 omnis
1212 640 1415 689 peccator
1432 631 1735 689 praevaricator

349 712 413 746 est
424 737 438 757 ,
459 701 558 761 quia
573 710 753 759 peccant
769 701 904 760 aliqui
922 701 1012 744 sine
1032 700 1126 758 lege
1141 721 1152 758 3
1171 720 1191 742 «
1210 701 1291 745 Ubi
1305 710 1452 744 autem
1466 717 1553 744 non
1569 710 1632 745 est
1648 700 1731 756 lex,

351 791 371 814 >›
407 788 487 816 nec
509 771 824 831 praevaricatio.
853 790 872 812 »
905 774 1039 815 Porro
1062 771 1095 815 si
1123 786 1252 815 nemo
1272 770 1362 815 sine
1394 771 1490 830 lege
1511 781 1734 831 peccaret,

349 858 439 887 non
457 842 572 886 idem
593 842 684 901 ipse
706 841 940 901 Apostolus
965 841 1128 886 diceret
1153 860 1162 885 :
1187 861 1206 883 «
1232 841 1508 902 Quicumque
1529 842 1620 886 sine
1642 841 1737 900 lege

350 932 371 956 »
406 921 720 973 peccaverunt,
745 913 836 956 sine
859 911 954 970 lege
977 912 1228 971 peribunt1.
1258 929 1278 953 »
1320 912 1571 956 Secundum
1605 912 1736 955 istum

348 999 452 1029 vero
487 983 729 1038 Psalmum,
760 982 795 1027 si
830 983 1161 1042 praevaricantes
1184 991 1284 1026 sunt
1312 997 1462 1026 omnes
1492 991 1738 1042 peccatores

348 1063 496 1109 terrae,
521 1052 694 1097 nullum
724 1062 788 1097 est
813 1054 963 1113 utique
991 1054 1082 1096 sine
1104 1052 1459 1112 praevaricatione
1481 1061 1735 1112 peccatum:

349 1125 473 1170 nulla
497 1136 560 1168 est
580 1133 727 1168 autem
756 1123 1054 1183 praevaricatio
1072 1124 1163 1167 sine
1182 1123 1298 1181 lege3
1320 1123 1492 1167 nullum
1517 1132 1581 1167 est
1606 1124 1740 1182 igitur

349 1196 432 1240 nisi
453 1196 499 1238 in
527 1195 623 1253 lege
656 1203 900 1254 peccatum.
929 1195 1014 1247 Qui
1049 1210 1152 1253 ergo
1189 1193 1295 1238 dicit
1321 1214 1329 1239 z
1359 1213 1379 1237 «
1403 1195 1739 1239 Praevaricantes

355 1285 376 1308 »
412 1264 621 1325 deputavi
639 1281 789 1309 omnes
808 1274 1056 1324 peccatores
1073 1274 1222 1320 terrae,
1240 1282 1258 1306 υ
1280 1264 1423 1310 nullos
1438 1281 1527 1309 esse
1541 1265 1736 1320 omnino,

350 1337 433 1382 nisi
455 1337 531 1396 qui
551 1336 693 1395 legem
722 1336 971 1393 transgressi
989 1345 1112 1390 sunt,
1131 1334 1227 1379 vult
1247 1334 1432 1394 intelligi
1469 1345 1739 1395 peccatores3

351 1417 395 1452 et
416 1407 474 1452 ob
496 1408 580 1451 hoc
598 1407 851 1451 adversatur
864 1405 927 1449 illi
945 1406 1021 1466 qui
1039 1406 1173 1450 dixit:
1198 1424 1215 1446 «
1243 1406 1520 1466 Quicumque
1539 1407 1629 1450 sine
1646 1406 1743 1465 lege

353 1497 375 1520 »
410 1487 723 1538 peccaverunt,
766 1478 857 1521 sine
889 1477 984 1534 lege
1019 1476 1242 1536 peribunt.
1279 1494 1299 1515 n
1339 1477 1589 1521 Secundum
1616 1476 1742 1521 illum

352 1549 516 1609 quippe
538 1558 639 1592 sunt
657 1548 790 1607 aliqui
809 1557 1057 1606 peccatores
1075 1582 1086 1602 ‚
1112 1548 1309 1607 quamvis
1327 1563 1417 1591 non
1439 1547 1523 1591 sint
1542 1547 1745 1607 praevari-

352 1629 498 1664 cantes
515 1654 526 1674 ,
551 1619 597 1663 id
619 1628 682 1663 est
697 1654 708 1673 ‚
734 1619 810 1678 qui
828 1618 918 1661 sine
935 1618 1030 1676 lege
1043 1627 1334 1677 peccaverunt
1351 1640 1362 1676 3
1381 1638 1401 1660 «
1419 1618 1503 1662 Ubi
1524 1619 1639 1662 enim
1655 1632 1744 1663 non

354 1709 376 1733 >›
411 1699 475 1734 est
494 1689 578 1740 lex,
594 1705 675 1733 nec
689 1689 986 1748 praevaricatio
1004 1707 1013 1734 ε
1039 1709 1055 1730 »
1077 1689 1461 1733 secundumistum
1476 1699 1619 1734 autem
1640 1690 1744 1733 nul-

351 1762 420 1805 lus
444 1770 508 1804 est
532 1761 623 1804 siue
645 1760 1002 1819 praevaricatione
1023 1769 1253 1818 peccator3
1287 1761 1390 1819 quia
1417 1761 1744 1819 praevaricantes

353 1832 536 1892 deputat
558 1847 707 1875 omnes
745 1839 991 1889 peccatores
1019 1839 1161 1873 terrae.
1194 1829 1350 1875 Nullus
1380 1845 1481 1888 ergo
1503 1831 1743 1875 secundum

353 1903 485 1947 istum
508 1903 598 1945 sine
621 1901 713 1957 lege
728 1900 948 1959 peccavit3
969 1900 1071 1959 quia
1088 1900 1166 1943 ubi
1183 1915 1271 1944 non
1289 1910 1352 1944 est
1367 1900 1459 1955 lex,
1480 1916 1741 1961 necpraeva‘

354 1974 519 2019 ricatio.
544 1977 613 2017 An
635 1972 748 2016 forte
762 1972 920 2016 dicturi
943 1987 1090 2016 sumus
1107 2007 1118 2026 ‚
1142 1987 1293 2015 verum
1317 1972 1496 2032 quidem
1517 1988 1607 2017 esse
1625 1974 1745 2034 quod

354 2060 435 2090 nec
452 2043 751 2104 prfevaricatio
773 2043 826 2086 sit
851 2043 928 2086 uhi
952 2058 1041 2086 non
1070 2051 1132 2086 est
1153 2042 1243 2097 leit,
1269 2044 1344 2086 sed
1367 2059 1519 2087 verum
1547 2060 1634 2088 non
1657 2060 1745 2088 esse

354 2116 477 2178 quod
497 2115 633 2175 aliqui
654 2116 744 2158 sine
764 2113 860 2173 lege
885 2115 1182 2173 peccaverint3
1203 2124 1278 2158 aut
1298 2130 1451 2158 verum
1467 2115 1645 2175 quidem
1657 2131 1745 2159 esse

355 2188 522 2247 aliquos
561 2185 652 2230 sine
684 2184 778 2242 lege
800 2200 1018 2243 peccasse,
1044 2184 1119 2228 sed
1146 2200 1296 2229 verum
1320 2201 1409 2230 non
1431 2201 1542 2240 esse,
1576 2186 1650 2229 ubi
1675 2185 1743 2230 lex

355 2274 446 2302 non
470 2266 554 2311 est,
580 2256 979 2316 praevaricationem
1013 2271 1102 2299 esse
1132 2271 1220 2300 non
1243 2258 1390 2315 posse?
1428 2260 1484 2300 At
1506 2266 1746 2317 utrumque

354 2328 588 2388 Apostolus
607 2327 713 2372 dixit
729 2346 737 2371 ;
756 2342 908 2370 verum
923 2335 985 2369 est
999 2341 1100 2384 ergo
1114 2335 1371 2386 utrumque3
1391 2327 1492 2387 quia
1505 2336 1745 2386 utrumque

353 2414 432 2458 per
464 2397 723 2457 Apostolum
745 2397 899 2441 veritas
922 2396 1046 2441 dixit.
1088 2396 1319 2450 Quomodo
1354 2411 1455 2455 ergo
1489 2397 1570 2441 erit
1591 2413 1744 2441 verum

354 2469 475 2530 quod
496 2470 540 2513 in
577 2469 746 2514 Psalmo
774 2469 854 2513 isto
882 2469 1033 2513 eadem
1072 2468 1224 2529 procul
1250 2468 1387 2514 dubio
1409 2469 1576 2514 Veritas
1597 2469 1707 2513 dixit
1731 2487 1740 2513 :

409 2561 416 2576 ¹
446 2557 536 2586 Rom.
557 2566 592 2589 n,
617 2564 664 2585 «2.
