1848 3261
384 227 469 265 282
815 235 850 265 s.
885 236 1115 266 AUGUSTINI
1147 239 1329 267 13121500121

382 316 481 346 rum
501 316 700 360 suorum3
726 310 776 346 ut
795 317 893 347 cum
925 318 974 348 ea
996 319 1096 364 quae
1117 304 1313 363 promisit
1334 303 1500 349 solvere
1517 304 1729 364 inciperet
1747 340 1759 361 ,

380 374 427 417 in
449 373 659 432 scriptura
680 374 989 433 promissorum
1022 374 1343 419 consideramus
1371 375 1567 420 ordinem
1589 375 1764 421 solven-

381 443 552 507 dorum.
580 446 767 503 Tempus
779 445 927 504 itaque
942 445 1183 505 prophetiae
1195 480 1205 500 ,
1223 445 1452 505 praedictio
1466 456 1573 501 erat,
1591 455 1641 490 ut
1651 461 1764 506 saepe

375 514 466 574 jam
488 512 697 568 diximus,
729 515 1077 573 promissionum.
1102 515 1304 573 Promisit
1324 514 1509 560 salutem
1528 525 1735 560 aeternam
1749 551 1761 572 ,

381 593 426 629 et
453 584 624 628 beatam
648 584 783 629 vitam
809 600 910 629 cum
934 585 1110 645 Angelis
1136 586 1227 630 sine
1261 587 1374 642 fine,
1400 595 1443 630 et
1464 585 1764 630 haereditatem

381 653 781 699 immarcescibilem
795 690 806 710 ,
833 654 1013 714 gloriam
1035 658 1361 717 sempiternam,
1380 655 1657 701 dulcedinem
1671 656 1767 702 vul-

379 733 450 769 tus
468 726 549 779 sui,
575 723 756 770 domum
777 727 1125 771 sanctificationis
1147 743 1236 771 suae
1257 727 1304 771 in
1318 726 1455 780 coelis,
1474 742 1524 771 ex
1546 742 1765 771 resurrec-

380 794 500 838 tione
523 810 546 838 a
567 795 750 840 mortuis
777 795 952 840 nullum
988 797 1190 856 deinceps
1211 795 1426 841 moriendi
1458 805 1639 840 metum.
1671 799 1765 841 Hoc

380 874 445 909 est
460 865 717 925 promissum
746 867 836 927 ejus
870 877 1079 927 tanquam
1106 866 1255 923 finale,
1286 883 1374 928 quo
1406 866 1599 911 decurrit
1619 875 1766 912 nostra

380 935 521 981 omnis
541 936 748 992 intentio,
774 953 863 997 quo
885 953 986 982 cum
997 938 1245 983 venerimus
1261 973 1271 993 ,
1296 937 1604 997 nihilamplius
1617 937 1765 998 requi-

381 1021 550 1062 ramus,
575 1006 685 1050 nihil
707 1007 892 1067 amplius
924 1009 1157 1067 exigamus.
1201 1008 1287 1053 Sed
1319 1008 1375 1052 ad
1402 1007 1516 1052 illud
1545 1006 1667 1068 quod
1686 1008 1768 1052 erit

379 1077 426 1120 in
445 1077 532 1120 fine
549 1093 637 1137 quo
654 1077 805 1122 ordine
819 1079 1044 1134 veniatur,
1065 1093 1208 1138 neque
1222 1076 1306 1122 hoc
1322 1078 1457 1122 tacuit
1473 1077 1766 1137 promittendo

380 1155 424 1191 et
459 1148 811 1207 praenuntiando.
838 1148 1039 1193 Promisit
1061 1149 1174 1193 enim
1201 1149 1453 1193 hominibus
1475 1148 1762 1205 divinitatem,

379 1219 634 1263 mortalibus
657 1220 1027 1265 immortalitatem
1041 1256 1052 1275 ,
1072 1221 1374 1279 peccatoribus
1392 1220 1762 1280 justificationem,

379 1290 557 1350 abjectis
578 1291 953 1349 glorificationem.
979 1290 1203 1351 Quidquid
1226 1291 1444 1350 promisit,
1460 1292 1501 1333 ir
1511 1290 1648 1349 dignis
1665 1306 1767 1350 pro-

378 1360 514 1416 misit,
541 1369 590 1404 ut
617 1377 706 1405 non
741 1362 862 1421 quasi
892 1361 1096 1420 operibus
1123 1376 1286 1405 merces
1313 1376 1381 1419 'pr‘
1411 1370 1666 1416 sisteretur,
1691 1362 1765 1406 sed

380 1431 512 1490 gratia
533 1447 556 1475 a
578 1432 755 1476 nomine
772 1447 849 1476 suo
865 1431 994 1490 gratis
1006 1431 1196 1475 daretur.
1213 1431 1324 1484 Quia
1338 1440 1381 1474 et
1392 1432 1476 1475 hoc
1488 1431 1630 1489 ipsum
1645 1431 1763 1492 quod

374 1502 490 1562 juste
502 1502 624 1557 vivit,
639 1502 683 1545 in
698 1512 911 1562 quantum
923 1503 1054 1546 homo
1068 1503 1232 1561 potest]
1241 1511 1333 1545 uste
1345 1501 1506 1556 vivere,
1522 1516 1612 1545 non
1624 1502 1767 1547 meriti

377 1572 581 1627 humani,
607 1572 684 1616 sed
705 1573 904 1616 beneficii
926 1582 989 1617 est
1017 1571 1169 1616 divini.
1194 1574 1332 1617 Nemo
1354 1572 1470 1615 enim
1486 1573 1602 1632 juste
1627 1572 1762 1628 vivit,

377 1643 753 1703 nisijustificatus,
781 1642 827 1686 id
845 1652 933 1694 est,
957 1644 1099 1702 justus
1121 1642 1302 1686 effectus
1332 1662 1340 1687 ε
1366 1643 1421 1686 ab
1450 1641 1526 1687 illo
1549 1651 1695 1687 autem
1716 1644 1767 1688 fit

377 1716 509 1759 homo
515 1716 673 1775 justus,
691 1716 767 1775 qui
786 1730 1013 1775 nunquam
1030 1723 1173 1773 potest
1195 1730 1282 1758 esse
1295 1715 1494 1774 injustus.
1513 1715 1633 1759 Sicut
1650 1714 1766 1759 enim

377 1784 553 1829 lucerna
571 1800 661 1829 non
683 1801 705 1828 a
725 1800 769 1829 se
786 1785 876 1844 ipsa
904 1783 1157 1829 accenditur
1176 1819 1187 1838 ,
1207 1785 1266 1828 ita
1296 1800 1376 1828 nec
1409 1784 1552 1828 anima
1575 1785 1767 1829 humana

378 1856 460 1900 sibi
474 1864 648 1915 praestat
663 1854 807 1900 lucem
823 1877 833 1914 3
851 1855 926 1900 sed
941 1854 1098 1899 clamat
1116 1854 1170 1899 ad
1188 1858 1325 1900 Deum
1340 1889 1350 1909 ,
1373 1874 1393 1897 «
1416 1857 1481 1898 Tu
1498 1854 1766 1900 illuminabis

380 1943 400 1966 n
435 1925 659 1970 lucernam
682 1941 848 1981 meam,
875 1925 1102 1970 Domine&
1132 1944 1152 1966 »

437 1999 497 2040 ΙΙ.
522 1998 635 2041 Cum
657 2012 758 2055 ergo
780 1997 1081 2057 peccatoribus
1103 1996 1363 2056 promissum
1385 1996 1439 2040 sit
1462 2011 1648 2055 regnum
1670 2011 1766 2040 coe-

376 2067 521 2112 lorum
536 2102 548 2123 ,
573 2083 662 2113 non
683 2068 728 2111 in
749 2077 927 2127 peccato
951 2067 1307 2128 permanentibus
1329 2103 1339 2121 ,
1368 2067 1443 2111 sed
1465 2083 1489 2111 a
1509 2076 1690 2126 peceato
1711 2066 1766 2110 li-

377 2138 561 2194 beratiS,
583 2147 626 2183 et
643 2140 822 2199 justitiae
844 2139 1153 2197 servientibus,
1178 2139 1299 2199 quod
1320 2139 1463 2198 ipsum
1487 2147 1537 2182 ut
1567 2138 1734 2198 possint
1751 2173 1762 2193 ,

379 2210 512 2269 gratia
527 2245 538 2265 ,
578 2219 629 2254 ut
664 2210 847 2254 diximus
866 2245 877 2265 ,
911 2209 1196 2270 adjuvantur,
1236 2218 1278 2253 ct
1311 2209 1366 2252 ab
1402 2224 1454 2253 eo
1480 2209 1558 2269 qui
1597 2223 1766 2268 semper

377 2289 440 2324 est
466 2281 608 2340 justus
623 2315 634 2336 ,
673 2281 968 2340 justificantur
1003 2300 1011 2325 :
1044 2278 1298 2324 incredibile
1334 2278 1567 2323 videbatur
1597 2287 1764 2323 tantam

376 2354 516 2396 Deum
534 2367 683 2396 curam
696 2366 841 2410 gerere
855 2367 933 2411 pro
944 2351 1211 2404 hominibus,
1230 2349 1447 2409 hodieque
1465 2348 1541 2409 qui
1563 2349 1618 2392 de
1629 2348 1764 2407 gratia

377 2420 523 2466 divina
545 2421 797 2481 desperant,
813 2431 943 2482 atque
957 2437 979 2465 a
1001 2420 1191 2481 pessimis
1211 2420 1404 2463 moribus
1422 2418 1581 2464 nolunt
1602 2434 1645 2463 se
1662 2434 1765 2463 con-

376 2501 542 2537 vertere
569 2493 624 2537 ad
638 2483 796 2549 Deum,
822 2502 872 2539 ut
893 2493 946 2538 ab
968 2492 1044 2538 illo
1073 2492 1388 2552 justificentur,
1413 2500 1457 2535 et
1476 2505 1555 2550 per
1576 2491 1666 2550 ejus
1690 2490 1760 2534 in-

426 2583 435 2600 ¹
451 2576 531 2610 Psal.
551 2585 628 2619 xvv,
653 2586 708 2619 29.
