1848 3261
401 221 452 258 12
819 226 852 254 s.
889 226 1117 254 Aucus'nm
1150 226 1329 253 Emscom

394 296 551 339 ricator
566 329 576 348 ,
601 293 745 338 videte
766 293 868 352 quia
897 294 985 337 duo
1007 291 1183 336 nomina
1204 291 1361 344 habet,
1386 290 1519 333 homo
1541 298 1584 333 et
1605 304 1771 348 praeva-

394 366 574 408 ricator:
596 364 812 407 hominem
830 367 939 406 Deus
954 363 1072 417 feeit,
1090 361 1463 421 praevaricatorem
1478 360 1566 418 ipse
1583 375 1626 402 se
1642 358 1744 404 feeit
1761 380 1770 403 2

395 451 488 480 ama
509 436 554 478 in
574 434 649 478 illo
671 435 791 494 quod
810 437 921 478 Deus
946 432 1045 477 fecit
1065 469 1075 487 ,
1103 447 1358 491 persequere
1381 432 1422 473 in
1449 430 1524 475 illo
1544 431 1662 490 quod
1686 432 1774 490 ipse

394 506 474 549 sibi
501 504 616 548 fecit.
655 506 767 549 Cum
798 505 913 546 enim
947 512 1195 562 persecutus
1223 501 1355 545 fueris
1377 501 1776 560 praevaricationem
1803 534 1818 541 -

394 577 512 635 ejus,
539 574 697 619 occidis
726 574 842 634 quod
875 575 1003 617 homo
1038 572 1161 626 fecit,
1203 582 1245 616 et
1283 572 1493 615 liberatur
1526 571 1646 630 quod
1668 577 1775 615 Deus

395 645 510 689 feeit.
542 665 557 684 «
584 645 805 688 Facientes
827 644 1223 702 praevaricationem
1245 642 1344 686 odio
1366 642 1516 686 habui.
1549 662 1565 682 »

454 718 529 758 vl.
561 734 580 757 (ι
605 718 700 759 Non
731 713 910 757 adhaesit
932 714 1037 756 mihi
1071 729 1144 757 cor
1167 728 1347 772 pravum
1367 715 1397 756 ¹.
1426 730 1446 753 »
1473 711 1598 765 Quod
1618 720 1680 755 est
1702 728 1777 755 cor

394 788 605 846 pravum?
622 788 706 830 Cor
726 794 901 829 tortum.
930 784 1055 838 Quod
1074 795 1136 828 est
1157 800 1230 828 cor
1255 786 1445 828 tortum?
1469 785 1554 828 Cor
1572 799 1660 827 non
1681 798 1777 826 ree-

396 867 504 901 tum.
532 857 657 909 Quod
670 866 732 900 est
750 872 823 900 eor
840 872 928 900 non
946 857 1139 900 rectum?
1161 855 1271 899 Vide
1283 854 1403 915 quod
1416 863 1479 898 est
1493 870 1567 898 eor
1588 863 1773 908 rectum,

398 936 441 970 et
461 927 522 970 ibi
539 926 704 971 invenis
726 927 845 986 quod
867 935 929 969 est
951 942 1024 970 cor
1045 941 1134 969 non
1158 934 1338 969 rectum.
1366 928 1550 968 Rectum
1574 939 1648 968 cor
1671 923 1778 967 dici-

396 1006 467 1040 tur
484 997 685 1050 hominis,
706 997 781 1056 qui
804 997 946 1040 omnia
967 1012 1064 1056 quae
1076 995 1171 1039 vult
1186 999 1314 1045 Deus³
1336 1011 1424 1038 non
1446 996 1536 1054 ipse
1554 1010 1639 1038 non
1660 994 1772 1038 vuit.

398 1066 629 1111 Intendite.
657 1068 762 1110 Orat
791 1066 943 1126 aliquis
975 1076 1024 1110 ut
1046 1067 1188 1110 nescio
1207 1066 1314 1125 quid
1331 1082 1419 1109 non
1443 1065 1641 1122 eveniat3
1666 1074 1775 1119 orat,

396 1147 440 1181 et
460 1153 547 1182 non
571 1138 843 1196 prohibetur.
865 1141 988 1181 Petat
1009 1146 1223 1196 quantum
1245 1145 1385 1195 potest
1408 1156 1416 1179 ;
1438 1135 1512 1179 sed
1535 1145 1684 1179 contra
1701 1151 1780 1179 vo-

396 1207 610 1251 luntatem
645 1207 776 1266 ipsius
805 1207 948 1250 evenit
987 1205 1174 1266 aliquid3
1212 1205 1446 1265 subjungat
1487 1221 1530 1248 se
1564 1204 1781 1249 voluntati

399 1278 494 1326 Dei,
516 1292 604 1320 non
627 1277 792 1322 resistat
812 1276 1028 1321 voluntati
1050 1292 1235 1335 magnae.
1261 1276 1371 1329 Quia
1392 1285 1434 1319 et
1459 1276 1548 1334 ipse
1570 1276 1780 1319 Dominus

397 1348 454 1391 sic
476 1347 584 1390 illud
608 1348 782 1406 exponit
803 1367 811 1391 :
840 1347 1071 1391 ostendens
1094 1347 1390 1390 infirmitatem
1423 1355 1618 1390 nostram
1641 1347 1686 1390 in
1721 1361 1780 1401 se,

397 1418 573 1477 quando
595 1433 794 1476 passurus
813 1426 918 1469 erat,
947 1418 1006 1460 ait
1031 1437 1038 1461 :
1071 1437 1090 1459 «
1112 1417 1257 1461 Tristis
1282 1426 1344 1460 est
1362 1417 1505 1460 anima
1528 1432 1622 1460 mea
1645 1432 1784 1476 usque

402 1507 421 1529 »
458 1487 512 1532 ad
535 1498 717 1531 mortem
729 1492 760 1531 ².
790 1506 809 1528 n
835 1491 932 1532 Non
951 1488 1065 1531 enim
1084 1504 1184 1531 vere
1200 1487 1273 1531 ille
1290 1488 1472 1531 timebat
1491 1496 1691 1539 mortem,
1708 1488 1785 1547 qui

398 1568 655 1618 potestatem
673 1559 862 1602 habebat
879 1559 1071 1617 ponendi
1089 1559 1277 1602 animam
1300 1574 1438 1612 suam,
1456 1567 1496 1601 et
1520 1567 1779 1617 potestatem

399 1630 587 1673 habebat
608 1630 765 1673 iterum
787 1629 984 1672 sumendi
1008 1631 1136 1672 eam3.
1158 1632 1215 1673 Et
1237 1628 1396 1673 Paulus
1415 1629 1632 1688 apostolus
1655 1628 1779 1673 miles

399 1701 544 1759 ipsius,
579 1716 723 1744 servus
745 1700 875 1758 ipsius
897 1699 1083 1744 clamat:
1113 1719 1131 1741 «
1163 1702 1334 1743 Bonum
1364 1709 1582 1743 certamen
1604 1700 1781 1754 certavi,

404 1789 422 1810 »
458 1785 632 1813 cursum
653 1770 965 1823 consummavi,
988 1769 1118 1813 fidem
1143 1770 1330 1827 servavit,
1351 1769 1404 1812 de
1423 1779 1578 1813 eeetero
1599 1771 1783 1828 reposita

405 1859 423 1880 »
459 1848 522 1882 est
539 1840 644 1882 mihi
666 1855 822 1883 corona
839 1840 1030 1899 justitiae,
1057 1855 1189 1899 quam
1213 1838 1365 1883 reddet
1384 1840 1491 1883 mihi,
1514 1840 1722 1883 Dominus
1740 1841 1784 1884 in

404 1927 423 1949 »
458 1909 532 1952 illo
550 1909 619 1951 die
636 1910 775 1968 justus
792 1909 966 1968 judex4.
998 1931 1013 1949 »
1041 1909 1217 1952 Exultat
1239 1910 1341 1969 quia
1363 1910 1598 1953 moriturus
1622 1919 1684 1953 est
1705 1930 1715 1965 3
1742 1919 1785 1953 et
1813 1940 1823 1944 —

402 1981 610 2024 Dominus
632 1982 721 2039 ejus
739 1990 781 2024 et
804 1984 1041 2039 Imperator
1064 1983 1155 2041 ejus
1178 1981 1308 2025 tristis
1323 1990 1400 2034 est,
1428 1981 1528 2039 quia
1551 1982 1783 2024 moriturus

401 2051 492 2094 est?
516 2053 628 2108 Ergo
650 2050 802 2094 melior
824 2066 968 2094 servus
992 2067 1123 2110 quam
1146 2051 1383 2094 Dominus?
1409 2054 1463 2094 Et
1482 2051 1558 2093 ubi
1580 2060 1642 2094 est
1664 2049 1785 2110 quod

403 2121 460 2164 ait
489 2121 577 2178 ipse
611 2121 819 2163 Dominus
846 2140 854 2164 ε
891 2140 910 2161 «
947 2121 1115 2165 Sufficit
1143 2137 1264 2164 servo
1288 2130 1336 2164 ut
1368 2121 1421 2163 sit
1445 2121 1556 2164 sicut
1580 2120 1783 2164 dominus

405 2209 425 2230 »
461 2192 565 2250 ejus,
594 2191 752 2234 suffieit
774 2190 983 2250 discipulo
1004 2201 1050 2235 ut
1072 2192 1123 2235 sit
1140 2192 1249 2235 sicut
1264 2192 1465 2249 magister
1479 2193 1587 2251 (Ἶίἰε5
1604 2194 1652 2234 P»
1672 2195 1783 2235 Ecce

402 2260 522 2305 fortis
546 2271 609 2304 est
631 2261 800 2305 Pauius
817 2271 999 2305 ventura
1022 2272 1182 2316 morte,
1218 2271 1260 2305 et
1284 2263 1492 2305 Dominus
1528 2263 1659 2306 tristis
1690 2264 1783 2306 est?

405 2349 424 2371 «
458 2331 687 2390 Optabam,
713 2331 870 2390 inquit,
896 2332 1084 2377 dissolvi.
1112 2342 1154 2376 et
1171 2348 1258 2375 esse
1280 2347 1380 2375 eum
1403 2332 1644 2376 Christoff.»
1664 2334 1783 2376 Gau-

403 2399 491 2453 det,
512 2401 613 2459 quia
631 2401 890 2455 dissolvitur,
918 2410 965 2444 ut
987 2403 1040 2445 sit
1062 2418 1160 2445 cum
1185 2402 1380 2458 Christ03
1407 2411 1450 2444 et
1474 2402 1564 2460 ipse
1587 2403 1784 2446 Christus

452 2496 555 2527 ¹Psa1.
574 2508 610 2535 e,
627 2495 657 2537 4
680 2513 720 2517 —
745 2503 757 2518 ²
782 2496 1072 2536 M:1ttl1.xw1‚38.
1094 2514 1133 2518 —
1152 2495 1164 2518 3
1189 2499 1280 2527 Joan.
1298 2509 1342 2535 x,
1374 2501 1422 2531 ¹8.
1449 2514 1489 2519 -—
1505 2497 1519 2526 4
1546 2506 1564 2528 ἢ).
1583 2498 1649 2528 Tim
1684 2508 1725 2530 iv,
1749 2509 1778 2539 7.

405 2567 444 2572 -
472 2549 484 2573 5
504 2552 615 2582 ΜῖὶΫΗι.
634 2563 666 2586 Χ,
686 2552 739 2581 ’),.”ι.
763 2550 1070 2593 —‘³p11ilip‚1.r2‘3.
