1848 3261
379 212 464 253 240
809 223 844 251 s.
878 219 1112 251 Aucus'nm
1141 221 1324 250 13121500121

377 287 646 342 adulterare,
680 301 770 331 non
798 285 967 331 furtum
994 286 1154 343 facere,
1185 303 1275 332 non
1310 286 1624 340 homicidium,
1669 301 1761 331 non

377 357 648 415 sacrilegium
664 392 675 413 ‚
702 373 792 402 non
814 357 1001 402 alienum
1024 358 1327 416 concupiscere
1360 377 1369 402 :
1397 357 1510 402 facta
1533 365 1596 401 est
1619 355 1761 401 facul-

377 438 440 474 tas
463 445 561 490 quae
583 428 724 473 fuerat
747 438 873 472 antea
894 428 1144 473 difficultas.
1168 428 1314 472 Potuit
1335 428 1419 472 hoc
1442 427 1651 472 Dominus
1669 426 1761 470 51110

378 499 636 545 difficultate
654 509 856 560 praestare
882 520 891 544 ;
912 499 988 544 sed
1008 501 1042 544 si
1064 500 1146 544 hoc
1172 499 1262 543 sine
1291 498 1548 543 difficultate
1574 499 1761 542 habere-

377 587 488 626 mus,
508 571 752 628 largitorem
772 571 900 629 hujus
918 570 1022 614 boni
1036 586 1125 615 non
1138 584 1481 628 agnosceremus.
1497 568 1539 613 Si
1551 568 1666 611 enim
1678 568 1762 627 pri-

376 643 522 698 mitus,
548 656 650 686 cum
669 640 823 695 vellet,
841 649 984 700 posset
1001 675 1011 696 ,
1029 651 1071 685 et
1092 657 1181 685 non
1201 640 1380 685 sentiret
1403 638 1604 684 adversus
1625 654 1670 683 50
1686 638 1763 682 ob-

378 715 564 757 nitentes
607 712 865 771 cupiditatcs
881 747 891 766 ,
928 727 1008 755 1100
1043 711 1226 756 vinculis
1268 711 1353 755 suis
1399 719 1571 768 gravata
1620 709 1762 754 anima

377 783 654 828 collideretur
671 803 681 839 3
702 782 787 826 suis
805 782 971 826 viribus
988 782 1202 825 tribueret
1223 780 1344 841 quod
1361 796 1404 824 se
1425 795 1548 840 posse
1565 779 1762 835 sentiret,

377 864 420 898 et
442 870 530 898 11011
554 854 866 898 confiterentur
885 854 1069 897 Domino
1092 853 1384 897 miserationes
1405 853 1510 912 ejus.

435 927 511 968 Vl.
549 928 651 969 Post
683 924 758 967 has
787 924 894 967 duas
924 923 1212 978 tentationes,
1243 923 1426 982 primam
1451 921 1604 965 erroris
1631 929 1763 980 atque

376 996 534 1055 inopiae
561 994 777 1048 veritatis,
814 993 1049 1037 secundam
1077 993 1344 1038 difficultatis
1377 994 1489 1036 bene
1523 991 1759 1051 operandi,

377 1066 503 1110 tertia
526 1065 708 1109 tentatio
730 1064 887 1123 excipit
909 1064 1132 1108 lic—minem
1160 1084 1170 1108 ;
1202 1064 1240 1107 01
1260 1063 1418 1124 loquor
1439 1062 1516 1122 qui
1531 1064 1622 1122 jam
1639 1072 1763 1106 tran-

376 1137 444 1182 siit
466 1137 542 1180 has
565 1136 686 1179 duas.
717 1137 828 1180 Nam
856 1135 949 1178 istae
980 1133 1102 1188 duae,
1140 1133 1295 1189 fateor,
1323 1134 1471 1178 multis
1500 1143 1616 1177 notae
1642 1141 1759 1177 sunt.

377 1208 480 1260 Quis
498 1207 613 1250 0111111
631 1205 823 1249 110501150
846 1205 900 1248 ab
924 1204 1168 1263 ignorantia
1187 1205 1352 1248 venisse
1370 1203 1424 1248 ad
1438 1205 1662 1248 veritatem
1674 1237 1685 1257 ,
1707 1202 1763 1247 ab

377 1294 520 1322 errore
535 1276 591 1321 ad
602 1277 732 1331 viam,
754 1292 777 1320 a
798 1276 913 1320 fame
935 1276 1156 1335 sapientiae
1175 1276 1230 1319 ad
1248 1276 1431 1320 verbum
1449 1274 1577 1319 fidei?
1599 1273 1764 1318 Deinde

377 1349 505 1393 multi
533 1348 756 1392 luctantur
776 1361 876 1391 cum
910 1345 1242 1390 difficultatibus
1261 1347 1468 1391 vitiorum
1489 1360 1667 1389 suorum
1683 1379 1694 1399 ,
1720 1353 1764 1388 et

378 1420 522 1464 adhuc
539 1417 854 1463 consuetudine
867 1416 1058 1475 colligati
1074 1426 1254 1475 gemunt
1271 1426 1482 1477 tanquam
1498 1417 1544 1460 in
1566 1415 1764 1460 clausura

378 1501 422 1536 et
438 1489 739 1550 compedibus⁶
765 1491 1022 1547 Agnoscunt
1051 1497 1094 1532 et
1118 1488 1243 1532 istam
1265 1488 1576 1541 tentationem,
1603 1502 1762 1547 quam-

377 1562 440 1607 vis
459 1563 549 1622 jam
572 1560 721 1603 dicant
739 1594 750 1614 ,
775 1559 808 1602 si
829 1558 942 1602 forte
964 1559 1136 1603 dicunt:
1167 1578 1187 1601 «
1215 1557 1370 1602 Infelix
1392 1574 1472 1617 ego
1489 1558 1643 1612 homo,
1667 1557 1764 1617 quis

381 1650 402 1674 >›
436 1647 506 1675 me
519 1629 722 1674 liberabit
739 1628 793 1672 de
811 1644 992 1688 corpore
1009 1629 1158 1672 mortis
1175 1629 1305 1688 hujus
1322 1631 1483 1674 152Nam
1499 1628 1600 1673 vide
1620 1628 1765 1672 arctis-

379 1702 484 1747 sima
505 1699 679 1746 vincula
701 1718 710 1744 :
741 1717 762 1740 «
796 1701 907 1743 Caro
923 1734 933 1754 ,
960 1698 1127 1758 inquit,
1161 1699 1428 1758 concupiscit
1449 1698 1652 1743 adversus
1674 1698 1764 1757 spi-

381 1791 402 1815 »
438 1773 568 1816 ritum
583 1806 594 1827 ,
630 1780 674 1814 et
705 1769 879 1829 spiritus
917 1768 1119 1813 adversus
1147 1784 1321 1813 carnem
1339 1805 1350 1825 ,
1385 1781 1436 1814 ut
1469 1786 1559 1815 11011
1592 1786 1640 1813 ea
1663 1784 1763 1830 quae

381 1861 402 1886 »
438 1842 568 1888 vultis
586 1877 597 1896 ,
627 1840 701 1884 illa
733 1838 898 1884 faciatis
921 1843 954 1883 2.
998 1857 1019 1880 1)
1059 1839 1246 1883 Proinde
1280 1840 1356 1900 qui
1378 1841 1468 1900 jam
1498 1849 1562 1884 est
1590 1840 1764 1900 adjutus

380 1915 532 1975 spiritu
544 1949 555 1968 ,
580 1922 630 1957 ut
649 1910 1021 1972 quemadmodum
1039 1911 1182 1955 noluit
1199 1927 1288 1955 esse
1306 1910 1493 1966 adulter,
1511 1912 1570 1956 sic
1586 1927 1675 1956 non
1690 1911 1759 1967 sit,

380 1984 602 2047 quomodo
624 1982 767 2027 noluit
781 1998 870 2026 esse
882 1982 956 2026 fur
970 2017 980 2037 ,
998 1981 1056 2026 sic
1074 1982 1226 2026 11011511
1241 2003 1252 2039 3
1267 1992 1310 2026 et
1327 1992 1481 2026 caetera
1501 1982 1576 2026 illa
1598 1983 1759 2038 omnia,

379 2073 478 2117 quae
498 2054 654 2100 volunt
674 2053 870 2098 homines
885 2053 1057 2097 vincere
1071 2089 1081 2108 ,
1107 2061 1150 2096 et
1166 2069 1279 2112 saepe
1301 2053 1446 2096 inflexi
1476 2062 1756 2112 superantur,

379 2137 430 2172 111
453 2126 695 2171 exclament
712 2124 767 2168 ad
791 2127 952 2179 Deum,
976 2133 1026 2167 ut
1043 2122 1097 2167 de
1119 2123 1444 2168 necessitatibus
1469 2139 1621 2168 eorum
1641 2131 1766 2168 eruat

381 2214 473 2254 eos,
511 2207 554 2242 et
586 2195 688 2241 inde
720 2195 892 2239 liberati
926 2196 1216 2240 confiteantur
1248 2196 1433 2239 Domino
1470 2195 1763 2239 miserationes

381 2270 473 2330 ejus
501 2289 510 2314 ι
536 2267 732 2329 quisquis
748 2282 849 2325 ergo
868 2265 963 2310 talis
985 2275 1072 2320 est,
1098 2275 1140 2309 et
1162 2265 1264 2309 vicit
1281 2264 1375 2309 illas
1400 2265 1699 2320 difficultates,
1721 2273 1764 2309 01

380 2339 664 2400 probabiliter
690 2339 781 2398 jam
825 2346 1104 2381 conversatur
1134 2337 1247 2381 inter
1284 2337 1502 2391 homines,
1549 2336 1640 2380 sine
1674 2335 1763 2380 ulla

381 2410 556 2472 querela
578 2409 791 2453 malorum
804 2423 972 2452 morum
987 2443 997 2462 ,
1015 2407 1224 2466 excipitur
1239 2407 1474 2451 tentatione
1496 2407 1623 2451 tertia
1644 2405 1762 2451 taedii

381 2480 608 2542 cujusdam
624 2479 669 2523 in
690 2493 811 2522 mora
832 2478 960 2537 hujus
981 2478 1081 2522 vitae
1095 2512 1106 2534 ,
1129 2478 1189 2522 ita
1218 2485 1268 2521 ut
1295 2476 1530 2537 aliquando
1553 2492 1654 2521 eum
1680 2491 1762 2521 nec

427 2567 435 2583 ¹
460 2567 552 2597 Rom.
570 2573 626 2604 vn,
645 2561 700 2605 24.
720 2578 760 2585 —
782 2567 795 2585 ²
809 2560 876 2595 Gal.
893 2572 926 2603 V,
949 2571 999 2604 15-
