1848 3261
296 244 535 272 munau-10
567 246 610 272 ΙΝ
644 246 842 272 PSALMUM
876 244 1035 282 cxviu,
1070 243 1208 274 SERMO
1239 247 1343 274 xxu.
1410 234 1493 274 485

62 362 64 364 ,
116 307 270 363 latum,
295 309 468 354 dicens:
490 308 746 362 «Quomodo
769 306 897 352 dilexi
918 307 1056 367 legem
1080 318 1215 364 tuam,
1233 311 1490 355 Domine1.»

116 377 300 424 Dilectio
314 388 377 423 est
397 379 528 438 igitur
550 378 735 423 latitudo
758 376 964 422 mandati.
988 377 1112 422 Unde
1131 380 1291 440 quippe
1308 382 1401 425 fieri
1422 396 1498 440 po-

117 457 225 504 test,
251 459 301 493 ut
328 449 533 509 diligatur
563 449 683 510 quod
712 452 824 493 Deus
841 449 968 508 jubet
990 447 1143 508 diligi,
1172 458 1216 493 et
1245 451 1334 509 ipsa
1363 452 1496 511 jussio

117 535 206 564 non
228 520 462 580 diligatur?
484 524 581 580 Ipsa
603 530 666 564 est
688 519 802 563 enim
824 518 909 564 lex,
931 538 950 561 «
974 523 1096 574 Tota,
1121 520 1263 580 inquit
1280 556 1291 576 ,
1316 522 1386 565 die
1406 537 1499 565 me-

119 610 140 633 »
175 591 327 637 ditatio
360 608 455 637 mea
477 601 554 637 est.
585 610 606 633 »
632 595 745 636 Ecce
768 591 991 652 quomodo
1019 607 1114 636 eam
1139 591 1292 647 dilexi,
1333 601 1381 636 ut
1410 601 1499 637 tota

115 662 185 706 die
208 663 431 707 meditatio
453 678 547 706 mea
565 671 675 706 esset
696 682 705 707 :
728 662 799 707 vel
824 662 967 722 potius
987 697 999 717 ,
1024 663 1135 706 sicut
1152 677 1314 721 graecus
1337 663 1496 716 habet,

119 753 139 775 «
176 737 328 778 Totam
346 733 488 778 diem²
510 755 521 792 3
542 733 618 778 ubi
637 735 769 791 magis
792 733 1064 778 continuatio
1088 733 1336 778 meditantis
1358 734 1500 793 expri-

114 804 262 847 mitur.
290 805 340 848 Id
360 814 505 848 autem
527 803 785 863 intelligitur
806 819 883 864 per
916 819 1045 848 omne
1072 813 1244 864 tempus
1260 840 1270 859 ,
1296 804 1415 864 quod
1437 813 1500 848 est

113 889 295 934 semper.
332 873 423 919 Tali
445 883 717 934 expugnatur
739 873 971 918 dilectione
999 874 1212 934 cupiditas
1227 910 1238 930 ,
1265 891 1363 934 quae
1386 889 1498 934 saepe

113 944 320 990 faciendis
347 944 454 1004 legis
471 945 737 1005 jussionibus
763 945 1048 1000 contradicit,
1073 945 1406 1004 concupiscente
1423 944 1501 989 ad-

113 1032 259 1061 versus
282 1016 482 1076 spiritum
505 1032 633 1061 carne
658 1036 667 1062 2
693 1016 898 1061 adversus
927 1032 1059 1076 quam
1078 1017 1250 1076 spiritus
1267 1016 1499 1076 concupis-

112 1103 213 1132 cens
228 1089 260 1142 3,
277 1088 335 1133 ita
357 1087 487 1132 debet
509 1087 688 1146 diligere
710 1086 852 1147 legem
875 1088 973 1142 Dei,
994 1097 1044 1131 ut
1067 1096 1202 1132 totam
1225 1087 1341 1132 diem
1359 1087 1499 1131 medi-

112 1159 219 1203 tatio
258 1159 348 1218 ejus
389 1159 458 1202 sit.
499 1158 612 1202 Dicit
648 1168 795 1203 autem
827 1157 1061 1217 Apostolus
1087 1177 1097 1203 :
1128 1178 1148 1200 «
1186 1157 1267 1202 Ubi
1301 1167 1364 1202 est
1397 1173 1500 1217 ergo

114 1245 135 1269 »
172 1228 370 1286 gloriatio
392 1238 466 1272 tua
482 1230 500 1272 Ρ
516 1228 699 1273 Exclusa
716 1237 794 1273 est.
813 1232 895 1273 Per
911 1243 1042 1288 quam
1058 1228 1226 1288 legem?
1239 1230 1500 1272 Factorum?

115 1317 134 1339 »
168 1301 265 1343 Non
282 1334 293 1353 ,
318 1299 393 1343 scd
415 1314 492 1358 per
510 1299 652 1357 legem
673 1298 775 1342 fidei
790 1300 821 1343 4,
838 1317 857 1340 »
878 1301 982 1343 Haec
1001 1307 1064 1342 est
1085 1298 1190 1342 fides
1215 1314 1313 1358 quae
1334 1314 1411 1357 per
1432 1298 1500 1342 di·-

111 1367 342 1413 lectionem
365 1378 570 1428 operatur
585 1371 598 1395 ⁵
621 1389 629 1413 :
655 1369 862 1429 quoniam
882 1368 1142 1428 quaerendo,
1167 1368 1378 1428 petendo,
1404 1368 1502 1427 pul-

112 1438 273 1493 sando,
310 1439 515 1498 impetrat
553 1439 761 1498 Spiritum
799 1438 965 1483 bonum
980 1440 995 1465 ⁰
1013 1474 1024 1491 ‚
1061 1454 1137 1498 per
1171 1454 1301 1499 quem
1324 1438 1500 1483 dilectio

110 1509 201 1567 ipsa
235 1508 500 1553 diffunditur
532 1509 579 1551 in
615 1507 820 1553 cordibus
844 1509 1041 1552 nostris⁷.
1072 1512 1164 1552 Hoc
1187 1509 1302 1552 enim
1337 1509 1499 1567 Spiritu

110 1580 188 1623 Dei
210 1580 476 1640 quicumque
499 1589 712 1637 aguntur,
738 1579 782 1622 hi
805 1579 881 1622 filii
901 1588 1002 1623 sunt
1024 1582 1100 1623 Dei
1118 1581 1149 1622 ὃ.
1175 1578 1258 1632 Qui
1278 1579 1497 1638 recipiun-

110 1660 183 1695 tur
199 1660 248 1695 ut
270 1651 529 1695 recumbant
545 1666 645 1694 cum
671 1650 890 1694 Abraham
906 1686 917 1704 ‚
943 1653 1060 1695 Isaac
1079 1659 1121 1694 et
1139 1650 1274 1694 Jacob
1295 1650 1340 1693 in
1363 1666 1497 1708 regno

111 1720 321 1765 coelorum
337 1723 352 1746 ⁹
369 1740 377 1764 :
395 1720 572 1780 expulso
593 1736 715 1765 servo
735 1720 811 1779 qui
830 1736 919 1764 non
939 1730 1085 1765 manet
1098 1721 1144 1764 in
1162 1720 1293 1765 domo
1310 1721 1354 1763 in
1372 1729 1500 1764 aeter-

110 1806 217 1835 num
236 1793 285 1845 ¹⁰,
310 1790 355 1834 id
377 1800 466 1843 est,
493 1790 622 1833 Israe'l
646 1790 888 1834 secundum
910 1805 1100 1845 carnem,
1127 1791 1194 1834 cui
1219 1789 1384 1835 dictum
1408 1799 1493 1834 est:

114 1881 135 1904 «
169 1863 282 1906 Cum
315 1859 507 1904 videritis
538 1859 782 1914 Abraham,
817 1862 963 1915 Isaac,
1000 1869 1043 1904 et
1077 1860 1241 1916 Jacob,
1275 1870 1318 1905 et
1348 1876 1497 1905 omnes

173 1931 407 1990 Prophetas
428 1930 474 1973 in
492 1944 626 1989 regno
644 1930 744 1983 Dei,
765 1945 840 1974 vos
861 1939 1007 1974 autem
1030 1930 1187 1990 expelli
1209 1931 1338 1975 foraS.
1355 1934 1410 1975 Et
1427 1947 1499 1976 ve-

114 2020 134 2043 »
167 2001 288 2045 nient
310 2000 364 2044 ab
382 2000 576 2055 Oriente,
601 2009 644 2044 et
667 2000 918 2054 Occidente,
943 2009 986 2044 et
1008 1999 1239 2061 Aquilone,
1256 2010 1298 2045 et
1317 2004 1493 2055 Austro,

114 2091 134 2115 »
169 2082 212 2117 et
234 2072 492 2116 accumbent
514 2072 559 2115 in
582 2087 716 2131 regno
742 2072 834 2115 Dei.
863 2073 919 2116 Et
940 2087 1039 2116 ecce
1061 2082 1163 2116 sunt
1184 2073 1403 2117 novissimi
1421 2072 1497 2133 qui

114 2162 134 2184 n
170 2152 292 2187 erant
314 2142 467 2202 primi,
493 2151 536 2185 et
558 2151 659 2185 sunt
681 2142 808 2201 primi
830 2142 907 2201 qui
928 2151 1050 2186 erant
1073 2141 1351 2187 novissimi²1.
1379 2144 1495 2186 Gen-

171 2223 233 2257 tes
257 2222 426 2266 autem,
452 2212 562 2256 sicut
583 2212 642 2256 ait
666 2214 750 2256 Vas
768 2211 987 2256 electionis
1003 2248 1014 2267 ‚
1039 2229 1138 2273 quae
1161 2228 1249 2257 non
1268 2214 1495 2259 sectaban-

172 2293 242 2327 tur
257 2283 492 2343 justitiam‚
519 2282 900 2342 apprehenderunt
913 2282 1124 2343 justitiam
1144 2304 1154 2340 3
1173 2283 1383 2343 justitiam
1414 2301 1493 2329 au-

114 1950 124 1972 )

125 1951 134 1972 ν

114 2232 124 2253 )

126 2232 134 2254 ν

115 2303 124 2324 )

126 2304 134 2324 v

160 2399 168 2415 ¹
198 2394 279 2424 Psal.
306 2402 415 2433 cxviii,
442 2390 498 2435 96,
523 2402 578 2435 97.
608 2408 648 2414 -—
669 2398 681 2413 ²
703 2392 802 2423 Graec.
824 2390 957 2425 ὄληντὲν
973 2391 1102 2435 ἡμέραν.
1142 2407 1170 2414 -·
1198 2389 1295 2423 3Gal.
1316 2403 1352 2431 v,
1378 2403 1426 2435 ¹7·
1450 2411 1490 2417 —

112 2448 128 2478 4
149 2452 239 2481 Rom.
260 2461 307 2490 111,
330 2459 383 2492 25.
404 2467 445 2473 -
465 2449 479 2472 5
506 2450 574 2482 Gal.
595 2461 628 2489 v,
649 2452 680 2481 G.
703 2466 741 2471 —
761 2447 776 2471 ὅ
794 2451 870 2481 Luc.
893 2460 936 2487 xi,
957 2460 992 2481 10
1011 2453 1044 2481 ct
1062 2449 1110 2480 13.
1127 2466 1168 2471 —
1183 2456 1196 2481 7
1218 2450 1310 2480 Rom.
1332 2461 1364 2482 v.
1396 2461 1491 2481 ¹1,—

112 2505 127 2527 8
153 2507 198 2537 ld.
225 2517 289 2544 vni,
313 2505 362 2547 14.
384 2523 424 2528 -
443 2514 458 2537 9
476 2506 588 2538 Matth.
611 2517 692 2546 vm,
716 2517 764 2537 11.
793 2522 834 2527 —
856 2512 886 2527 ¹0
910 2508 1002 2537 Joan.
1028 2505 1171 2543 v11=‚35.
1193 2522 1233 2526 -—
1261 2513 1284 2527 ¹¹
1314 2507 1463 2549 Luc.›xiu
1481 2531 1488 2542 ,

113 2561 229 2592 28-30.
