1848 3261
282 209 524 238 ENAnrtAno
556 212 588 236 11
621 211 665 237 IN
699 208 900 238 PSALMUM
932 211 994 247 CI,
1029 208 1168 236 SEnMo
1202 211 1248 235 11.
1410 199 1458 237 51

82 283 155 318 tur
170 275 474 333 Evangelium‚
493 283 541 319 ut
559 275 692 333 possit
712 289 802 319 esse
822 274 869 317 in
886 274 1086 319 omnibus
1109 274 1333 330 gentibus?
1348 275 1465 332 Ergo

83 360 221 404 usque
247 345 294 388 in
316 345 448 388 finem
476 345 623 389 saeculi
645 345 835 389 Ecclesia
862 344 909 388 in
931 342 1134 387 omnibus
1168 343 1368 401 gentibus
1389 364 1401 401 3
1425 352 1468 387 et

82 417 173 475 ipsa
196 425 260 461 est
280 415 488 475 exiguitas
519 416 689 461 dierum
704 451 714 468 ‚
748 416 850 476 quia
873 416 1075 473 exiguum
1102 423 1167 457 est
1197 429 1326 458 omne
1348 415 1470 473 quod.

81 487 259 544 finitur3
283 496 332 531 ut
347 488 437 547 jam
459 488 505 532 in
534 487 821 532 aeternitatem
843 486 898 530 ab
920 486 999 529 ista
1018 485 1248 542 exiguitate
1274 493 1469 529 transea-

82 565 170 601 tur.
197 561 380 603 Pereant
400 559 615 614 haeretici,
639 566 819 618 pereant
836 556 957 617 quod
978 564 1100 611 sunt,
1127 564 1170 599 et
1191 555 1470 600 inveniantur

83 636 134 671 ut
151 627 236 672 sint
257 627 377 688 quod
398 644 489 673 non
514 638 631 673 sunt.
656 628 876 686 Exiguitas
899 627 1070 671 dierum
1100 640 1238 685 usque
1270 625 1316 668 in
1337 626 1470 669 finem

83 696 229 742 saeculi
253 698 333 742 erit
360 718 368 743 :
389 699 598 757 exiguitas
617 697 716 743 ideo
731 733 742 753 ‚
767 698 869 758 quia
891 706 1032 741 totum
1053 697 1138 740 hoc
1158 704 1353 755 tempus,
1381 711 1470 740 non

82 767 181 812 dico
203 768 258 812 ab
279 768 491 812 hodierno
513 768 584 813 dje
602 784 740 828 usque
761 769 807 812 in
830 768 963 811 finem
985 765 1148 820 saeculi,
1170 766 1245 809 sed
1263 765 1470 809 abactam

84 853 223 898 usque
242 838 289 882 in
309 839 441 883 finem
461 839 610 883 saeculi
629 874 640 894 ‚
662 839 815 897 exigua
841 846 963 897 gutta
984 845 1047 880 est
1069 845 1320 895 comparata
1342 845 1470 879 zeter-

84 908 224 953 nitati.

142 981 198 1022 X.
224 980 321 1024 Non
338 994 441 1037 ergo
463 978 747 1023 blandiantur
763 978 843 1023 sibi
864 986 1018 1022 contra
1042 991 1113 1020 me
1129 975 1323 1020 haeretici
1339 1010 1349 1030 ,
1371 976 1472 1035 quia

17 1061 20 1064 ⁴
84 1047 201 1093 dixi:
232 1067 252 1090 «
275 1049 565 1106 Exiguitatem
600 1049 771 1093 dierum
799 1063 1019 1101 meorum,
1049 1065 1069 1088 η
1095 1046 1217 1106 quasi
1252 1062 1342 1090 non
1372 1061 1473 1105 per-

85 1134 330 1163 mansuram
348 1135 485 1179 usque
508 1121 553 1162 in
574 1121 706 1168 finem
722 1117 1011 1172 ,saeculi.Quid
1028 1117 1144 1161 enim
1168 1116 1361 1160 addidit?
1375 1119 1473 1162 «Ne

89 1207 109 1230 »
144 1205 316 1234 revoces
334 1205 403 1232 me
423 1190 469 1232 in
489 1189 719 1233 dimidium
737 1189 908 1233 dierum
926 1203 1123 1232 meorum
1137 1190 1168 1230 1.
1189 1206 1208 1228 »
1229 1186 1343 1242 Noli,
1360 1203 1473 1247 quo-

85 1259 218 1304 modo
255 1260 448 1304 haeretici
483 1259 750 1320 loquuntur,
792 1261 851 1304 sic
889 1275 1061 1304 mecum
1092 1274 1228 1316 agere.
1257 1260 1402 1318 Usque
1424 1258 1469 1302 in

89 1330 221 1374 finem
243 1330 390 1375 saeculi
410 1346 480 1374 me
501 1330 691 1390 perduc,
716 1346 806 1375 non
831 1331 876 1374 in
905 1329 1135 1373 dimidium
1162 1328 1330 1372 dierum
1349 1343 1472 1372 meo-

90 1416 188 1444 rum
215 1419 224 1445 :
248 1410 291 1445 et
312 1402 472 1461 perfice
493 1402 599 1445 mihi
630 1401 721 1446 dies
748 1402 921 1458 exiguos
937 1435 948 1454 ,
974 1409 1023 1443 ut
1047 1399 1181 1443 dones
1202 1398 1309 1441 mihi
1326 1407 1474 1457 postea

91 1470 183 1515 dies
205 1481 404 1516 aeternos.
431 1476 570 1525 Quare
592 1487 694 1530 ergo
716 1471 770 1515 de
792 1470 1022 1529 exiguitate
1042 1469 1211 1512 dierum
1230 1469 1476 1528 requisisti?

91 1543 354 1595 Quare?Vis
379 1542 556 1587 audire?
583 1561 603 1582 (t
634 1543 686 1585 In
716 1540 983 1599 generationi
1015 1539 1344 1597 generationum
1371 1539 1475 1581 anni

94 1630 115 1654 »
151 1612 230 1657 tui.
258 1631 278 1654 »
304 1613 408 1656 Ideo
441 1628 521 1671 ego
549 1612 603 1655 de
636 1611 787 1655 diebus
820 1611 981 1669 exiguis
1013 1609 1214 1669 quaesivi,
1245 1608 1347 1668 quia
1374 1608 1478 1652 licet

91 1698 230 1742 usque
250 1684 295 1726 in
318 1683 449 1726 finem
470 1681 616 1726 saeculi
633 1681 793 1726 durent
810 1696 982 1725 mecum
998 1680 1068 1725 isti
1092 1681 1196 1734 dies,
1218 1679 1359 1738 exigui
1375 1688 1477 1723 sunt

92 1753 138 1796 in
159 1753 482 1812 comparatione
504 1753 674 1797 dierum
696 1762 872 1797 tuorum
892 1771 900 1796 :
932 1771 952 1793 «
977 1750 1092 1794 Anni
1115 1750 1230 1793 enim
1252 1750 1316 1794 tui
1337 1749 1382 1793 in
1404 1764 1479 1808 ge-

95 1842 116 1865 »
151 1824 375 1867 neratione
397 1824 740 1881 generationum.
769 1841 789 1864 »
814 1825 959 1875 Quare
975 1831 1070 1864 'non
1093 1820 1151 1864 ait
1175 1839 1184 1864 ε
1210 1819 1326 1863 Anni
1346 1819 1410 1862 *tui
1432 1819 1477 1862 in

93 1893 251 1937 saecula
272 1892 531 1937 saeculorum
549 1914 560 1949 3
584 1894 639 1936 sic
656 1893 771 1936 enim
794 1891 928 1950 magis
944 1890 1051 1935 solet
1077 1890 1293 1934 aeternitas
1311 1889 1477 1948 signifi-

94 1963 181 2009 cari
201 1964 246 2007 in
266 1963 420 2008 sanctis
445 1963 702 2022 Scripturis3
726 1962 801 2006 sed
821 1962 880 2006 ait
900 1981 909 2005 :
934 1981 955 2003 «
979 1965 1030 2005 In
1047 1960 1321 2018 generatione
1344 1974 1477 2018 gene-

98 2053 118 2075 »
155 2034 374 2078 rationum
403 2034 505 2077 anni
524 2033 619 2077 tui?
645 2051 664 2073 »
693 2032 777 2077 Sed
797 2033 873 2092 qui
906 2050 926 2074 «
953 2031 1069 2075 Anni
1090 2030 1186 2074 tui?
1207 2047 1226 2070 »
1252 2030 1362 2083 Qui,
1397 2030 1477 2074 nisi

95 2104 172 2163 qui
193 2120 282 2149 non
301 2104 483 2148 veniunt
504 2113 546 2147 et
571 2112 796 2147 transeunt
813 2104 830 2144 ἶ)
851 2103 948 2163 qui,
973 2102 1054 2146 nisi
1077 2101 1153 2161 qui
1174 2117 1263 2145 non
1281 2092 1379 2146 ideo
1400 2118 1478 2147 ve-

95 2174 240 2230 niunt⁷
264 2183 315 2218 ut
336 2185 426 2218 non
443 2173 527 2218 sint
541 2175 559 2217 P
573 2175 724 2218 Omnis
746 2173 861 2222 enim
882 2172 973 2217 dies
994 2173 1039 2216 in
1056 2172 1141 2216 hoc
1164 2181 1358 2231 tempore
1379 2171 1478 2216 ideo

96 2245 237 2300 venit,
263 2255 313 2289 ut
333 2261 423 2289 non
444 2245 497 2288 sit
515 2265 526 2303 3
556 2245 694 2289 omnis
716 2245 822 2288 hora
837 2279 847 2299 ,
873 2243 1012 2288 omnis
1034 2241 1191 2286 mensis
1208 2277 1219 2296 ,
1241 2242 1381 2286 omnis
1399 2259 1479 2286 an-

97 2331 180 2360 nus
204 2334 214 2360 2
237 2315 346 2359 nihil
369 2316 526 2359 horum
548 2324 630 2359 stat
651 2336 662 2373 3
688 2324 919 2374 antequam
940 2313 1109 2367 veniat,
1143 2312 1251 2370 erit3
1282 2329 1383 2357 cum
1404 2329 1482 2358 ve-
1543 2358 1547 2362 ,

98 2387 232 2440 uerit,
257 2402 346 2430 non
367 2386 462 2430 erit.
480 2384 549 2429 Illi
567 2400 668 2444 ergo
689 2385 790 2428 anni
812 2385 876 2428 tui
897 2383 1063 2439 aeterni,
1087 2383 1191 2427 anni
1212 2384 1275 2427 tui
1292 2384 1368 2443 qui
1389 2400 1479 2429 non

98 2465 345 2510 mutantur,
369 2456 416 2499 in
446 2455 722 2515 generatione
740 2454 1072 2513 generationum
1091 2461 1232 2497 erunt.
1258 2455 1335 2498 Est
1355 2470 1480 2514 quae-

151 2547 160 2564 1
175 2540 256 2572 Psal.
280 2551 320 2581 el,
336 2538 391 2572 25.

1228 2589 1267 2630 [ι.
