1848 3261
454 200 695 233 ENARRAno
725 203 772 231 m
803 201 1006 230 PSALMUM
1036 203 1122 230 exn
1368 191 1453 230 319

79 291 99 314 »
134 269 280 316 triduo
321 270 538 314 suscitabo
574 268 731 313 illud1.
773 286 794 310 »
826 270 905 312 Est
942 267 1059 310 enim
1091 281 1247 326 corpus
1277 267 1457 312 Domini

72 341 243 402 plenius
269 341 360 400 ipsa
382 349 529 384 sancta
552 339 744 384 Ecclesia
758 373 769 392 ,
794 338 916 398 cujus
936 346 1069 397 caput
1084 336 1278 381 ascendit
1298 338 1345 382 in
1363 354 1456 382 coe-

71 411 165 457 lum
182 446 193 467 ,
216 411 292 472 qui
313 421 378 455 est
392 411 576 454 maxime
598 409 705 470 lapis
728 408 874 464 vivus,
904 407 1012 468 lapis
1030 406 1268 465 angularis,
1294 407 1348 451 de
1366 424 1457 469 quo

70 482 222 527 beatus
245 486 398 526 Petrus
420 481 526 525 dicit
552 500 561 526 :
592 500 614 523 «
639 479 708 525 Ad
730 494 862 540 quem
890 478 1144 524 accedentes
1170 477 1363 538 lapidem
1393 479 1459 523 ‘vi-

76 572 94 595 »
129 568 233 597 vum
249 587 260 607 ,
286 552 341 596 ab
355 551 605 596 hominibus
620 550 900 609 reprobatum
921 585 932 605 ,
947 565 970 594 a
992 553 1082 594 Deo
1101 558 1248 593 autem
1269 547 1460 592 electum

74 640 95 665 »
130 632 174 667 et
188 623 525 667 honorificatum
543 640 551 666 :
575 630 618 665 et
637 636 714 666 vos
733 635 834 679 ergo
847 630 1055 680 tanquam
1068 619 1234 679 lapides
1246 618 1333 664 vivi
1349 617 1459 663 aedi-

17 727 23 731 .
75 710 95 736 »
129 692 319 737 ficamini
336 692 382 735 in
403 692 582 737 domum
602 691 856 751 spiritalem,
871 691 917 735 in
929 689 1219 735 sacerdotium
1241 698 1456 744 sanctum,

75 782 94 806 »
130 763 360 807 offerentes
387 761 598 821 spiritales
625 762 819 807 victimas
851 771 1046 821 acceptas
1080 764 1171 806 Deo
1201 774 1278 820 per
1309 762 1461 804 Jesum

73 850 95 875 »
129 833 351 878 Christum
367 833 412 890 ²3
439 851 456 873 »
482 832 585 891 quia
608 833 804 877 continet
827 832 1047 892 Scriptura
1062 867 1073 888 ,
1103 851 1124 874 «
1145 834 1259 875 Ecce
1280 846 1397 890 pono
1413 829 1462 873 in

74 923 94 946 »
128 904 174 948 in
198 904 301 949 Sion
332 902 526 963 lapidem
565 903 843 962 angularem,
879 903 1095 958 electum,
1129 902 1364 962 pretiosum
1382 936 1393 956 ,
1419 910 1463 945 et

75 993 93 1015 »
128 973 205 1034 qui
235 972 467 1017 crediderit
488 973 535 1016 in
562 973 688 1017 illum
709 1009 719 1029 ,
745 989 832 1018 non
856 972 1197 1018 confundetur3.
1223 990 1243 1013 »
1274 974 1390 1029 Ergo
1412 978 1462 1014 ut

69 1043 147 1087 fiat
173 1044 358 1103 quisque
375 1042 483 1102 lapis
504 1043 628 1088 vivus
647 1043 703 1088 ad
727 1043 859 1088 talem
881 1042 1092 1087 fabricam
1106 1041 1290 1087 idoneus
1305 1076 1315 1095 ,
1342 1040 1462 1100 spiri-

69 1113 213 1158 taliter
248 1113 462 1172 intelligat
500 1114 653 1173 templi
685 1114 1011 1158 renovationem
1042 1128 1093 1156 ex
1118 1112 1243 1156 ruina
1275 1120 1421 1156 vetere
1447 1145 1459 1167 ,

69 1201 168 1245 quae
187 1185 234 1228 in
254 1183 396 1229 Adam
418 1182 530 1227 facta
559 1192 649 1238 est,
675 1184 994 1242 reparationem
1011 1183 1113 1227 novi
1135 1181 1289 1242 populi
1311 1197 1463 1226 secun-

69 1253 177 1299 dum
198 1270 363 1300 novum
383 1254 608 1298 hominem
627 1261 758 1313 atque
775 1253 999 1298 coelestem
1021 1272 1030 1298 :
1056 1262 1106 1297 ut
1137 1254 1248 1297 sicut
1267 1252 1461 1312 portavi-

71 1341 168 1371 mus
199 1326 431 1383 imaginem
463 1323 652 1379 terreni,
686 1333 909 1383 portemus
937 1334 980 1369 et
1001 1323 1236 1382 imaginem
1266 1324 1357 1383 ejus
1385 1322 1463 1383 qui

71 1395 125 1441 de
146 1395 261 1441 coelo
278 1396 378 1451 est4,
399 1411 488 1456 quo
502 1394 715 1454 possimus
734 1404 830 1454 post
842 1410 990 1438 omnes
1005 1394 1151 1438 saeculi
1165 1394 1295 1454 hujus
1315 1402 1463 1438 aetates

71 1477 280 1527 tanquam
297 1476 396 1527 post
414 1466 690 1526 septuaginta
708 1482 860 1521 annos,
881 1466 957 1526 qui
981 1466 1165 1523 mystico
1186 1463 1462 1524 perfectionis

70 1554 254 1582 numero
292 1537 614 1597 praesignantur
637 1571 648 1592 ,
691 1545 734 1580 et
776 1545 988 1596 tanquam
1027 1545 1125 1595 post
1168 1536 1462 1595 captivitatem

69 1608 325 1669 longinquae
357 1607 740 1667 peregrinationis,
773 1623 863 1651 non
896 1607 1062 1651 ruitura
1090 1605 1206 1650 mole
1239 1606 1459 1662 construi,

70 1679 144 1724 sed
168 1689 330 1723 aeterna
350 1677 677 1722 immortalitate
705 1676 896 1722 solidari.
934 1676 1179 1737 Spiritalem
1201 1677 1366 1736 quippe
1386 1679 1462 1720 Je-

70 1750 258 1794 rusalem
281 1785 292 1806 ,
335 1765 425 1793 non
460 1749 596 1807 magis
632 1747 888 1792 Judaeorum
919 1783 930 1803 ‚
969 1763 1103 1808 quam
1143 1756 1331 1791 vestram
1372 1762 1462 1791 esse

70 1820 302 1880 deputetis.
343 1820 463 1865 Sicut
492 1818 606 1861 enim
630 1816 735 1861 dicit
756 1817 990 1876 Apostolus
1017 1837 1025 1862 ;
1065 1837 1083 1859 «
1114 1820 1211 1862 Jam
1246 1833 1336 1862 non
1363 1817 1462 1861 estis

73 1909 94 1933 »
129 1891 345 1951 peregrini
374 1898 418 1933 et
439 1886 644 1949 inquilini
663 1922 674 1943 ,
694 1888 770 1931 sed
792 1888 890 1932 estis
911 1888 1024 1932 cives
1052 1897 1300 1932 sanctorum
1323 1897 1365 1932 et
1381 1888 1462 1932 do-

73 1980 94 2004 »
128 1962 297 2005 mestici
320 1960 422 2015 Dei,
451 1958 783 2018 superaedificati
806 1974 936 2018 super
963 1958 1300 2003 fundamentum
1323 1962 1462 2019 Apos-

73 2051 94 2075 »
128 2032 320 2077 tolorum
343 2040 386 2075 et
414 2031 730 2090 Prophetarum
752 2065 762 2086 ,
787 2030 880 2089 ipso
903 2045 1074 2075 summo
1097 2030 1296 2089 angulari
1316 2030 1457 2090 lapide

72 2122 94 2147 »
128 2104 334 2148 existente
357 2102 529 2146 Christo
551 2103 676 2155 Jesu,
715 2101 762 2144 in
795 2117 883 2160 quo
905 2101 1047 2146 omnis
1083 2101 1315 2146 aedificatio
1336 2117 1459 2146 com-

75 2197 93 2219 »
127 2185 253 2236 pacta
267 2173 420 2219 crescit
441 2172 487 2216 in
507 2172 723 2232 templum
745 2182 944 2217 sanctum
960 2173 1005 2216 in
1020 2173 1222 2229 Domino,
1247 2174 1292 2217 in
1307 2189 1395 2234 quo
1417 2183 1461 2219 et

73 2265 94 2288 »
127 2262 204 2291 vos
226 2243 556 2290 coaedificamini
579 2244 625 2286 in
648 2242 949 2287 habitaculum
973 2244 1146 2288 Domini
1159 2244 1204 2287 in
1218 2244 1406 2304 spiritu5.
1434 2262 1455 2286 »

71 2319 165 2362 Hoc
202 2326 266 2360 est
301 2314 515 2375 templum
542 2313 648 2369 Dei,
685 2312 739 2357 ad
771 2313 890 2373 quod
922 2314 1110 2374 pertinet
1141 2324 1459 2359 sacramentum

69 2386 415 2448 prophetationis
436 2384 585 2444 Aggaei
602 2393 646 2429 et
669 2384 901 2440 Zachariae,
928 2385 998 2429 cui
1016 2401 1162 2430 rursus
1185 2385 1301 2430 idem
1318 2388 1458 2446 Apos-

121 2491 130 2507 ¹
150 2486 240 2516 Joan.
272 2494 317 2521 11,
349 2493 460 2526 19.-—
479 2489 492 2504 ²
519 2493 530 2513 1
552 2483 636 2513 Petr.
658 2491 702 2523 11,
722 2479 793 2523 4-6.
821 2497 863 2504 —-
884 2479 898 2504 ³
920 2482 992 2514 Isa'i.
1012 2492 1136 2525 xxvm,
1160 2482 1211 2515 16.
1234 2498 1275 2506 —
1300 2480 1318 2513 4
1342 2494 1355 2515 1
1382 2484 1454 2516 Cor.

72 2550 126 2581 xv,
147 2538 202 2582 495
224 2556 265 2561 —-
287 2536 302 2561 5
317 2537 615 2580 Ephes.11,19-22.
