1848 3261
453 225 694 255 ENARRAno
724 228 771 254 m
801 225 1004 254 PsALMUM
1033 228 1100 254 cv.
1374 220 1458 258 223

80 290 212 345 Quod
232 300 311 347 est,
332 309 354 333 «
377 290 637 350 Deglutivit3
663 309 684 333 »
701 291 784 335 hoc
801 299 886 345 est,
921 308 940 331 α
965 292 1289 350 Superoperuit.
1312 311 1332 335 «
1353 297 1459 339 Am-

81 361 238 405 borum
260 369 404 404 autern
421 395 432 415 ‚
464 360 510 404 id
537 371 623 416 est,
648 361 813 405 Dathan
833 369 876 403 et
897 359 1063 404 Abiron
1077 395 1089 415 ,
1115 375 1204 404 una
1226 371 1318 406 erat
1334 379 1462 409 causa

79 430 371 490 superbissimi
393 439 436 474 et
454 430 649 488 sacrilegi
671 430 923 475 schismatis.

137 504 304 545 XVIII.
333 520 353 542 «
376 503 432 544 Et
464 501 618 545 exarsit
643 501 750 558 ignis
777 501 822 544 in
844 515 1061 560 synagoga
1081 515 1230 545 eorum
1250 537 1261 556 ‚
1286 502 1463 548 flamma

82 591 103 613 »
137 572 373 616 combussit
395 574 684 631 peccatores1.
713 590 733 612 »
754 574 851 617 Non
873 581 936 616 est
966 573 1050 616 hoc
1069 587 1232 617 nomen
1249 573 1296 616 in
1320 575 1467 634 Scrip-

83 644 188 687 turis
215 643 422 686 usitatum
456 658 630 700 eorum,
663 643 740 702 qui
763 642 866 687 licet
889 644 1005 703 juste
1026 659 1076 687 ac
1104 643 1382 690 laudabiliter
1398 646 1466 691 vi-

81 721 185 756 vant
204 747 215 767 ,
240 728 330 756 non
367 721 468 756 sunt
495 713 586 756 sine
615 723 809 772 peccato.
835 713 971 771 Magis
999 714 1114 757 enim
1145 714 1257 758 sicut
1288 717 1468 760 interest

82 783 195 827 inter
215 781 443 826 irridentes
472 792 516 827 et
542 783 732 827 irrisores
749 818 761 838 ⁷
786 783 900 826 inter
923 793 1243 828 murmurantes
1267 793 1309 828 et
1341 801 1466 830 mur-

82 861 336 907 muratores,
353 853 464 896 inter
476 853 711 897 scribentes
727 862 770 897 et
787 853 1015 912 scriptores
1026 888 1037 907 ‚
1053 863 1096 897 et
1109 863 1264 898 caetera
1285 854 1438 901 similia
1454 878 1465 903 ι

81 921 141 966 ita
165 921 384 981 Scriptura
398 931 646 981 peccatores
670 921 884 981 appellare
901 923 1127 967 consuevit
1147 923 1275 969 valde
1293 925 1467 987 iniquos

82 1001 126 1036 et
147 991 384 1050 grandibus
406 1001 684 1051 peccatorum
706 993 881 1036 sarcinis
904 1003 1120 1038 oneratos.

140 1064 264 1106 XIX.
294 1081 311 1101 «
333 1065 390 1105 Et
406 1061 606 1105 fecerunt
626 1062 815 1106 vitulum
842 1063 888 1106 in
914 1064 1062 1107 Horeb
1083 1099 1094 1119 ‚
1115 1073 1158 1108 et
1178 1064 1470 1113 adoraverunt

88 1152 105 1173 »
141 1131 355 1191 sculptile.
380 1135 437 1176 Et
465 1141 746 1176 mutaverunt
772 1132 953 1191 gloriam
976 1149 1098 1177 suam
1119 1135 1164 1178 in
1187 1136 1469 1183 similitudine

87 1221 105 1243 »
142 1201 267 1246 vituli
284 1201 550 1245 comedentis
572 1201 743 1244 foenum
758 1205 834 1244 2.»
860 1205 957 1247 Non
978 1203 1037 1247 ait
1053 1205 1099 1247 in
1120 1205 1466 1264 similitudinem,

84 1272 157 1315 sed
184 1291 205 1313 «
230 1274 282 1315 In
303 1270 600 1314 similitudine.
631 1290 650 1312 »
679 1271 790 1315 Talis
813 1282 876 1316 est
894 1272 1082 1329 locutio,
1104 1275 1242 1335 qualis
1264 1276 1337 1321 illa
1355 1313 1367 1332 ,
1392 1279 1470 1323 ubi

85 1344 165 1399 ait,
186 1362 206 1384 ι(
230 1345 287 1386 Et
303 1341 581 1386 crediderunt
603 1342 649 1385 in
671 1343 814 1387 verbis
836 1345 943 1404 ejus.
968 1363 988 1385 »
1009 1344 1243 1404 Eleganter
1257 1364 1358 1392 sane
1380 1365 1471 1394 non

85 1414 144 1457 ait
161 1448 172 1467 ,
198 1415 256 1456 Et
276 1421 556 1455 mutaverunt
573 1411 755 1470 gloriam
772 1414 849 1457 Dei
867 1449 880 1469 ‚
904 1430 1006 1458 cum
1027 1416 1112 1460 hoc
1133 1416 1315 1463 fecerint
1331 1439 1343 1476 3
1361 1420 1473 1465 sicut

85 1484 215 1527 etiam
232 1481 464 1541 Apostolus
486 1481 703 1542 loquitur,
731 1502 752 1524 ‹<
772 1486 830 1527 Et
845 1483 1189 1530 immutaverunt
1208 1488 1389 1546 gloriam
1404 1491 1474 1535 in-

88 1573 108 1595 »
142 1552 435 1613 corruptibilis
452 1553 544 1607 Dei,
560 1553 605 1596 in
618 1552 945 1598 similitudinem
958 1555 1159 1614 imaginis
1180 1560 1474 1619 corruptibilis

87 1643 107 1667 »
142 1623 357 1669 hominis3
383 1643 392 1668 :
415 1642 436 1664 »
461 1622 537 1667 sed
552 1642 572 1664 «
591 1622 784 1668 Gloriam
804 1639 927 1668 suam
941 1643 961 1666 »
985 1624 1108 1670 dixit.
1127 1630 1241 1673 Deus
1253 1630 1370 1675 enim
1383 1642 1476 1679 erat

86 1695 222 1755 gloria
243 1709 416 1749 eorum,
441 1694 474 1738 si
495 1695 586 1754 ejus
607 1694 872 1739 sustinerent
897 1696 1150 1753 consilium,
1179 1708 1223 1744 et
1239 1716 1331 1745 non
1350 1700 1475 1748 festi-

86 1776 242 1812 narent
277 1786 288 1811 :
325 1766 398 1811 cui
426 1764 588 1810 dicitur
608 1801 620 1822 ‚
667 1784 687 1807 «
722 1765 870 1811 Gloria
907 1783 1006 1812 mea
1038 1777 1082 1813 et
1117 1770 1308 1816 exaltans
1343 1786 1476 1835 caput

89 1858 110 1881 »
144 1854 291 1883 meum
311 1839 344 1882 ⁴¹.
374 1856 394 1879 >›
428 1841 561 1881 Istam
597 1856 619 1880 «
653 1837 844 1882 Gloriam
882 1854 1028 1895 suam,
1076 1840 1123 1885 id
1162 1851 1226 1887 est
1241 1879 1252 1898 ‚
1295 1847 1435 1891 Deum
1457 1883 1469 1904 ‚

89 1929 110 1951 n
145 1917 428 1954 mutaverunt
448 1907 495 1951 in
509 1907 792 1951 similitudine
806 1907 931 1952 vituli
952 1910 1219 1957 comedentis
1236 1913 1407 1961 foenum
1419 1953 1431 1973 ,
1449 1937 1470 1961 »

87 1990 138 2024 ut
157 1981 213 2024 ab
236 1995 287 2024 eo
324 1977 680 2033 comederentur,
712 1994 736 2022 a
765 1994 854 2038 quo
875 1980 1169 2027 comeduntur
1198 1986 1275 2044 qui
1303 1974 1477 2048 sapiunt

87 2050 328 2095 secundum
350 2063 523 2092 carnem
544 2064 552 2089 ε
575 2067 594 2090 «
613 2049 763 2092 Omnis
781 2049 896 2093 enim
912 2066 1013 2096 caro
1031 2051 1204 2098 foenum
1218 2057 1247 2099 ⁵.
1272 2075 1292 2098 »

147 2123 246 2165 XX.
268 2140 285 2161 «
313 2119 449 2164 Obliti
471 2129 574 2164 sunt
591 2123 729 2164 Deum
745 2155 756 2176 ,
777 2121 853 2180 qui
871 2121 1050 2171 salvavit
1062 2128 1178 2170 eosss.
1203 2145 1223 2168 »
1250 2131 1477 2181 Quomodo

90 2193 269 2238 salvavit
297 2193 394 2236 eos?
419 2211 440 2234 «
466 2191 548 2245 Qui
559 2191 664 2236 fecit
690 2192 906 2250 magnalia
934 2194 979 2237 in
1007 2198 1199 2256 AEgypto
1216 2234 1226 2254 ‚
1261 2201 1474 2248 mirabilia

95 2283 114 2305 »
149 2263 194 2306 in
215 2272 328 2306 terra
349 2263 484 2307 Cham
501 2297 511 2316 ‚
529 2261 737 2305 terribilia
766 2262 812 2305 in
833 2264 940 2307 mari
963 2265 1115 2311 Rubro
1131 2269 1161 2310 ⁷.
1190 2288 1210 2310 »
1237 2273 1345 2323 Quae
1373 2283 1476 2319 sunt

92 2332 304 2377 mirabilia
323 2368 333 2387 ,
350 2333 440 2392 ipsa
457 2341 558 2376 sunt
577 2331 781 2376 terribilia
806 2351 814 2376 :
842 2333 962 2378 nulla
982 2336 1145 2397 quippe
1164 2340 1391 2399 admiratio
1412 2354 1476 2389 est

93 2405 183 2449 sine
201 2402 390 2464 quadam
411 2401 659 2447 formidine.
686 2403 891 2456 Quamvis
912 2405 992 2449 ista
1009 2407 1137 2451 etiam
1149 2410 1249 2455 hinc
1272 2414 1476 2460 terribilia

143 2508 151 2523 ¹
171 2500 250 2532 Psal.
270 2510 324 2539 cv,
349 2499 399 2531 18.
420 2516 461 2521 —-
488 2507 500 2521 ²
519 2499 602 2531 Ibid.
627 2510 679 2541 19,
699 2508 752 2532 2ο.
786 2517 826 2522 -
846 2499 859 2523 3
885 2504 975 2535 Rom.
996 2514 1020 2545 1,
1044 2505 1097 2537 23.
1123 2524 1164 2530 —
1182 2506 1197 2537 4
1216 2509 1295 2542 psal,
1311 2521 1358 2553 m,
1378 2509 1410 2553 4
1433 2530 1475 2536 -

96 2555 110 2580 ⁵
124 2558 198 2589 lsai.
219 2567 268 2598 xi,
287 2556 319 2588 6.
339 2572 381 2578 —-
402 2553 417 2577 6
434 2555 514 2587 Psal.
535 2565 585 2597 cv,
603 2563 657 2587 21.
685 2573 725 2578 —
741 2562 757 2589 7
781 2555 863 2588 Ibid.
884 2566 937 2590 22.
