<?xml version="1.0" encoding="UTF-8"?>
<!DOCTYPE html PUBLIC "-//W3C//DTD XHTML 1.0 Transitional//EN"
    "http://www.w3.org/TR/xhtml1/DTD/xhtml1-transitional.dtd">
<html xmlns="http://www.w3.org/1999/xhtml" xml:lang="en" lang="en">
 <head>
  <title>
</title>
<meta http-equiv="Content-Type" content="text/html;charset=utf-8" />
  <meta name='ocr-system' content='tesseract 3.04.00' />
  <meta name='ocr-capabilities' content='ocr_page ocr_carea ocr_par ocr_line ocrx_word'/>
</head>
<body>
  <div class='ocr_page' id='page_1' title='image "./operaomniaaccura11auguuoft_0018.png"; bbox 0 0 1848 3261; ppageno 0'>
   <div class='ocr_carea' id='block_1_1' title="bbox 369 207 1320 243">
    <p class='ocr_par' dir='ltr' id='par_1_1' title="bbox 369 207 1320 243">
     <span class='ocr_line' id='line_1_1' title="bbox 369 207 1320 243; baseline -0.005 0"><span class='ocrx_word' id='word_1_1' title='bbox 369 207 391 243; x_wconf 81' lang='lat'>8</span> <span class='ocrx_word' id='word_1_2' title='bbox 811 213 845 242; x_wconf 86' lang='lat' dir='ltr'><strong>s.</strong></span> <span class='ocrx_word' id='word_1_3' title='bbox 881 215 1109 242; x_wconf 81' lang='lat' dir='ltr'><strong>AUGUSTINI</strong></span> <span class='ocrx_word' id='word_1_4' title='bbox 1142 214 1320 241; x_wconf 64' lang='lat' dir='ltr'><strong>muscom</strong></span> 
     </span>
    </p>
   </div>
   <div class='ocr_carea' id='block_1_2' title="bbox 362 275 1750 2518">
    <p class='ocr_par' dir='ltr' id='par_1_2' title="bbox 362 275 1750 2518">
     <span class='ocr_line' id='line_1_2' title="bbox 368 275 1743 337; baseline -0.004 -12"><span class='ocrx_word' id='word_1_5' title='bbox 368 283 544 325; x_wconf 90' lang='lat' dir='ltr'><strong>Etcum</strong></span> <span class='ocrx_word' id='word_1_6' title='bbox 567 279 821 325; x_wconf 81' lang='lat' dir='ltr'>ostendisset</span> <span class='ocrx_word' id='word_1_7' title='bbox 842 279 903 323; x_wconf 93' lang='lat' dir='ltr'><strong>illi</strong></span> <span class='ocrx_word' id='word_1_8' title='bbox 941 288 1110 337; x_wconf 82' lang='lat' dir='ltr'><strong>tempus</strong></span> <span class='ocrx_word' id='word_1_9' title='bbox 1137 275 1460 332; x_wconf 71' lang='lat' dir='ltr'>misericordiae,</span> <span class='ocrx_word' id='word_1_10' title='bbox 1501 277 1653 321; x_wconf 89' lang='lat' dir='ltr'><strong>terruit</strong></span> <span class='ocrx_word' id='word_1_11' title='bbox 1688 277 1743 321; x_wconf 89' lang='lat' dir='ltr'><strong>de</strong></span> 
     </span>
     <span class='ocr_line' id='line_1_3' title="bbox 370 345 1745 410; baseline -0.003 -15"><span class='ocrx_word' id='word_1_12' title='bbox 370 361 562 410; x_wconf 86' lang='lat' dir='ltr'><strong>tempore</strong></span> <span class='ocrx_word' id='word_1_13' title='bbox 579 349 747 410; x_wconf 88' lang='lat' dir='ltr'><strong>judicii.</strong></span> <span class='ocrx_word' id='word_1_14' title='bbox 780 370 799 391; x_wconf 71' lang='grc' dir='ltr'><strong>κ</strong></span> <span class='ocrx_word' id='word_1_15' title='bbox 823 354 1011 408; x_wconf 83' lang='lat' dir='ltr'><strong>Arguam</strong></span> <span class='ocrx_word' id='word_1_16' title='bbox 1036 358 1078 392; x_wconf 83' lang='lat' dir='ltr'><strong>te</strong></span> <span class='ocrx_word' id='word_1_17' title='bbox 1094 383 1104 402; x_wconf 83' lang='lat'>‚</span> <span class='ocrx_word' id='word_1_18' title='bbox 1133 356 1176 390; x_wconf 89' lang='lat' dir='ltr'><strong>et</strong></span> <span class='ocrx_word' id='word_1_19' title='bbox 1198 356 1384 391; x_wconf 87' lang='lat' dir='ltr'><strong>statuam</strong></span> <span class='ocrx_word' id='word_1_20' title='bbox 1402 356 1444 390; x_wconf 88' lang='lat' dir='ltr'><strong>te</strong></span> <span class='ocrx_word' id='word_1_21' title='bbox 1467 357 1568 391; x_wconf 87' lang='lat' dir='ltr'><strong>ante</strong></span> <span class='ocrx_word' id='word_1_22' title='bbox 1591 345 1745 391; x_wconf 88' lang='lat' dir='ltr'><strong>faciem</strong></span> 
     </span>
     <span class='ocr_line' id='line_1_4' title="bbox 369 421 1740 480; baseline 0 -17"><span class='ocrx_word' id='word_1_23' title='bbox 369 442 388 463; x_wconf 83' lang='lat'>»</span> <span class='ocrx_word' id='word_1_24' title='bbox 426 433 543 467; x_wconf 87' lang='lat' dir='ltr'><strong>tuam</strong></span> <span class='ocrx_word' id='word_1_25' title='bbox 562 423 593 468; x_wconf 84' lang='lat'><strong>¹.</strong></span> <span class='ocrx_word' id='word_1_26' title='bbox 626 443 640 461; x_wconf 90' lang='lat'>»</span> <span class='ocrx_word' id='word_1_27' title='bbox 669 425 732 464; x_wconf 89' lang='lat' dir='ltr'><strong>Tu</strong></span> <span class='ocrx_word' id='word_1_28' title='bbox 757 431 798 465; x_wconf 92' lang='lat' dir='ltr'><strong>tc</strong></span> <span class='ocrx_word' id='word_1_29' title='bbox 818 421 940 480; x_wconf 78' lang='lat' dir='ltr'><strong>ponis</strong></span> <span class='ocrx_word' id='word_1_30' title='bbox 962 429 1059 480; x_wconf 82' lang='lat' dir='ltr'><strong>post</strong></span> <span class='ocrx_word' id='word_1_31' title='bbox 1086 429 1126 463; x_wconf 90' lang='lat' dir='ltr'><strong>te</strong></span> <span class='ocrx_word' id='word_1_32' title='bbox 1145 454 1154 472; x_wconf 81' lang='lat'>‚</span> <span class='ocrx_word' id='word_1_33' title='bbox 1187 434 1266 477; x_wconf 83' lang='lat' dir='ltr'><strong>ego</strong></span> <span class='ocrx_word' id='word_1_34' title='bbox 1293 427 1335 461; x_wconf 87' lang='lat' dir='ltr'><strong>te</strong></span> <span class='ocrx_word' id='word_1_35' title='bbox 1368 434 1527 477; x_wconf 81' lang='lat' dir='ltr'><strong>ponam</strong></span> <span class='ocrx_word' id='word_1_36' title='bbox 1561 428 1661 462; x_wconf 87' lang='lat' dir='ltr'><strong>ante</strong></span> <span class='ocrx_word' id='word_1_37' title='bbox 1683 428 1740 463; x_wconf 83' lang='lat' dir='ltr'><strong>te.</strong></span> 
     </span>
     <span class='ocr_line' id='line_1_5' title="bbox 366 488 1743 552; baseline -0.006 -13"><span class='ocrx_word' id='word_1_38' title='bbox 366 496 513 539; x_wconf 89' lang='lat' dir='ltr'><strong>Omnis</strong></span> <span class='ocrx_word' id='word_1_39' title='bbox 536 495 647 538; x_wconf 87' lang='lat' dir='ltr'><strong>enim</strong></span> <span class='ocrx_word' id='word_1_40' title='bbox 668 493 740 552; x_wconf 75' lang='lat' dir='ltr'><strong>qui</strong></span> <span class='ocrx_word' id='word_1_41' title='bbox 765 508 852 536; x_wconf 87' lang='lat' dir='ltr'><strong>nou</strong></span> <span class='ocrx_word' id='word_1_42' title='bbox 867 490 1118 535; x_wconf 90' lang='lat' dir='ltr'><strong>vultvidere</strong></span> <span class='ocrx_word' id='word_1_43' title='bbox 1140 498 1313 548; x_wconf 85' lang='lat' dir='ltr'><strong>peccata</strong></span> <span class='ocrx_word' id='word_1_44' title='bbox 1335 506 1431 543; x_wconf 79' lang='lat' dir='ltr'><strong>sua,</strong></span> <span class='ocrx_word' id='word_1_45' title='bbox 1446 498 1544 548; x_wconf 87' lang='lat' dir='ltr'><strong>post</strong></span> <span class='ocrx_word' id='word_1_46' title='bbox 1565 488 1743 532; x_wconf 84' lang='lat' dir='ltr'><strong>dorsum</strong></span> 
     </span>
     <span class='ocr_line' id='line_1_6' title="bbox 365 552 1743 624; baseline -0.005 -16"><span class='ocrx_word' id='word_1_47' title='bbox 365 581 408 609; x_wconf 90' lang='lat' dir='ltr'><strong>se</strong></span> <span class='ocrx_word' id='word_1_48' title='bbox 430 565 578 624; x_wconf 75' lang='lat' dir='ltr'><strong>ponit,</strong></span> <span class='ocrx_word' id='word_1_49' title='bbox 605 574 647 607; x_wconf 87' lang='lat' dir='ltr'><strong>et</strong></span> <span class='ocrx_word' id='word_1_50' title='bbox 661 563 840 606; x_wconf 88' lang='lat' dir='ltr'><strong>aliorum</strong></span> <span class='ocrx_word' id='word_1_51' title='bbox 870 570 1044 620; x_wconf 79' lang='lat' dir='ltr'><strong>peccata</strong></span> <span class='ocrx_word' id='word_1_52' title='bbox 1067 569 1191 604; x_wconf 86' lang='lat' dir='ltr'><strong>acute</strong></span> <span class='ocrx_word' id='word_1_53' title='bbox 1216 560 1400 603; x_wconf 85' lang='lat' dir='ltr'><strong>attendit</strong></span> <span class='ocrx_word' id='word_1_54' title='bbox 1417 552 1431 613; x_wconf 37' lang='lat'><strong>‚⁸</strong></span> <span class='ocrx_word' id='word_1_55' title='bbox 1460 574 1548 602; x_wconf 91' lang='lat' dir='ltr'><strong>non</strong></span> <span class='ocrx_word' id='word_1_56' title='bbox 1575 574 1652 617; x_wconf 85' lang='lat' dir='ltr'><strong>per</strong></span> <span class='ocrx_word' id='word_1_57' title='bbox 1675 559 1743 602; x_wconf 80' lang='lat' dir='ltr'><strong>di-</strong></span> 
     </span>
     <span class='ocr_line' id='line_1_7' title="bbox 366 628 1744 693; baseline -0.004 -15"><span class='ocrx_word' id='word_1_58' title='bbox 366 635 608 693; x_wconf 74' lang='lat' dir='ltr'><strong>ligentiam,</strong></span> <span class='ocrx_word' id='word_1_59' title='bbox 643 632 716 677; x_wconf 90' lang='lat' dir='ltr'><strong>sed</strong></span> <span class='ocrx_word' id='word_1_60' title='bbox 741 648 814 690; x_wconf 83' lang='lat' dir='ltr'><strong>per</strong></span> <span class='ocrx_word' id='word_1_61' title='bbox 835 631 1144 687; x_wconf 75' lang='lat' dir='ltr'><strong>invidentiam3</strong></span> <span class='ocrx_word' id='word_1_62' title='bbox 1169 646 1258 674; x_wconf 85' lang='lat' dir='ltr'><strong>non</strong></span> <span class='ocrx_word' id='word_1_63' title='bbox 1284 629 1434 674; x_wconf 80' lang='lat' dir='ltr'><strong>volens</strong></span> <span class='ocrx_word' id='word_1_64' title='bbox 1460 644 1633 683; x_wconf 84' lang='lat' dir='ltr'><strong>sanare,</strong></span> <span class='ocrx_word' id='word_1_65' title='bbox 1669 628 1744 673; x_wconf 89' lang='lat' dir='ltr'><strong>sed</strong></span> 
     </span>
     <span class='ocr_line' id='line_1_8' title="bbox 364 699 1742 749; baseline -0.005 0"><span class='ocrx_word' id='word_1_66' title='bbox 364 720 562 749; x_wconf 77' lang='lat' dir='ltr'><strong>accusare</strong></span> <span class='ocrx_word' id='word_1_67' title='bbox 590 724 598 748; x_wconf 79' lang='lat'>2</span> <span class='ocrx_word' id='word_1_68' title='bbox 634 719 677 746; x_wconf 89' lang='lat' dir='ltr'><strong>se</strong></span> <span class='ocrx_word' id='word_1_69' title='bbox 697 712 840 746; x_wconf 67' lang='lat' dir='ltr'><strong>autern</strong></span> <span class='ocrx_word' id='word_1_70' title='bbox 865 701 1147 745; x_wconf 76' lang='lat' dir='ltr'><strong>obliviscitur.</strong></span> <span class='ocrx_word' id='word_1_71' title='bbox 1186 700 1308 744; x_wconf 57' lang='lat' dir='ltr'><strong>Unde</strong></span> <span class='ocrx_word' id='word_1_72' title='bbox 1337 699 1495 743; x_wconf 85' lang='lat' dir='ltr'><strong>talibus</strong></span> <span class='ocrx_word' id='word_1_73' title='bbox 1533 699 1742 743; x_wconf 83' lang='lat' dir='ltr'><strong>Dominus</strong></span> 
     </span>
     <span class='ocr_line' id='line_1_9' title="bbox 365 769 1741 832; baseline -0.005 -13"><span class='ocrx_word' id='word_1_74' title='bbox 365 776 496 819; x_wconf 83' lang='lat' dir='ltr'><strong>dicit:</strong></span> <span class='ocrx_word' id='word_1_75' title='bbox 529 794 547 815; x_wconf 79' lang='lat'><strong>‹&lt;</strong></span> <span class='ocrx_word' id='word_1_76' title='bbox 571 772 778 832; x_wconf 85' lang='lat' dir='ltr'><strong>Stipulam</strong></span> <span class='ocrx_word' id='word_1_77' title='bbox 803 773 848 815; x_wconf 87' lang='lat' dir='ltr'><strong>in</strong></span> <span class='ocrx_word' id='word_1_78' title='bbox 871 771 996 816; x_wconf 93' lang='lat' dir='ltr'><strong>oculo</strong></span> <span class='ocrx_word' id='word_1_79' title='bbox 1021 771 1161 814; x_wconf 85' lang='lat' dir='ltr'><strong>fratris</strong></span> <span class='ocrx_word' id='word_1_80' title='bbox 1190 771 1253 813; x_wconf 81' lang='lat' dir='ltr'><strong>tui</strong></span> <span class='ocrx_word' id='word_1_81' title='bbox 1275 769 1418 824; x_wconf 77' lang='lat' dir='ltr'><strong>vides,</strong></span> <span class='ocrx_word' id='word_1_82' title='bbox 1443 779 1487 813; x_wconf 87' lang='lat' dir='ltr'><strong>et</strong></span> <span class='ocrx_word' id='word_1_83' title='bbox 1508 770 1678 814; x_wconf 79' lang='lat' dir='ltr'><strong>trabem</strong></span> <span class='ocrx_word' id='word_1_84' title='bbox 1695 769 1741 812; x_wconf 90' lang='lat' dir='ltr'><strong>in</strong></span> 
     </span>
     <span class='ocr_line' id='line_1_10' title="bbox 366 839 1746 899; baseline -0.002 -14"><span class='ocrx_word' id='word_1_85' title='bbox 366 864 386 886; x_wconf 84' lang='lat'>»</span> <span class='ocrx_word' id='word_1_86' title='bbox 422 844 548 889; x_wconf 91' lang='lat' dir='ltr'><strong>oculo</strong></span> <span class='ocrx_word' id='word_1_87' title='bbox 568 853 642 887; x_wconf 89' lang='lat' dir='ltr'><strong>tuo</strong></span> <span class='ocrx_word' id='word_1_88' title='bbox 663 859 749 887; x_wconf 86' lang='lat' dir='ltr'><strong>non</strong></span> <span class='ocrx_word' id='word_1_89' title='bbox 770 842 888 886; x_wconf 80' lang='lat' dir='ltr'><strong>vides</strong></span> <span class='ocrx_word' id='word_1_90' title='bbox 909 846 938 885; x_wconf 87' lang='lat'><strong>¹.</strong></span> <span class='ocrx_word' id='word_1_91' title='bbox 968 860 986 882; x_wconf 82' lang='lat'>»</span> <span class='ocrx_word' id='word_1_92' title='bbox 1008 842 1116 894; x_wconf 82' lang='lat' dir='ltr'><strong>Quia</strong></span> <span class='ocrx_word' id='word_1_93' title='bbox 1134 856 1233 898; x_wconf 83' lang='lat' dir='ltr'><strong>ergo</strong></span> <span class='ocrx_word' id='word_1_94' title='bbox 1254 839 1545 884; x_wconf 79' lang='lat' dir='ltr'><strong>misericordia</strong></span> <span class='ocrx_word' id='word_1_95' title='bbox 1568 849 1610 884; x_wconf 89' lang='lat' dir='ltr'><strong>et</strong></span> <span class='ocrx_word' id='word_1_96' title='bbox 1629 840 1746 899; x_wconf 90' lang='lat' dir='ltr'><strong>judi-</strong></span> 
     </span>
     <span class='ocr_line' id='line_1_11' title="bbox 364 910 1746 965; baseline -0.004 -7"><span class='ocrx_word' id='word_1_97' title='bbox 364 915 477 958; x_wconf 89' lang='lat' dir='ltr'><strong>cium</strong></span> <span class='ocrx_word' id='word_1_98' title='bbox 491 922 688 958; x_wconf 82' lang='lat' dir='ltr'><strong>cantatur</strong></span> <span class='ocrx_word' id='word_1_99' title='bbox 705 912 830 956; x_wconf 88' lang='lat' dir='ltr'><strong>nobis</strong></span> <span class='ocrx_word' id='word_1_100' title='bbox 846 947 857 965; x_wconf 77' lang='lat'>‚</span> <span class='ocrx_word' id='word_1_101' title='bbox 876 921 918 956; x_wconf 91' lang='lat' dir='ltr'><strong>et</strong></span> <span class='ocrx_word' id='word_1_102' title='bbox 933 927 1008 956; x_wconf 88' lang='lat' dir='ltr'><strong>nos</strong></span> <span class='ocrx_word' id='word_1_103' title='bbox 1028 910 1229 955; x_wconf 79' lang='lat' dir='ltr'><strong>facientes</strong></span> <span class='ocrx_word' id='word_1_104' title='bbox 1243 910 1581 954; x_wconf 88' lang='lat' dir='ltr'><strong>misericordiam</strong></span> <span class='ocrx_word' id='word_1_105' title='bbox 1606 911 1746 954; x_wconf 90' lang='lat' dir='ltr'><strong>securi</strong></span> 
     </span>
     <span class='ocr_line' id='line_1_12' title="bbox 363 981 1746 1044; baseline -0.004 -16"><span class='ocrx_word' id='word_1_106' title='bbox 363 993 637 1044; x_wconf 74' lang='lat' dir='ltr'><strong>expectemus</strong></span> <span class='ocrx_word' id='word_1_107' title='bbox 656 983 870 1043; x_wconf 78' lang='lat' dir='ltr'><strong>judicium</strong></span> <span class='ocrx_word' id='word_1_108' title='bbox 898 1002 906 1025; x_wconf 89' lang='lat'><strong>:</strong></span> <span class='ocrx_word' id='word_1_109' title='bbox 933 991 975 1024; x_wconf 93' lang='lat' dir='ltr'><strong>et</strong></span> <span class='ocrx_word' id='word_1_110' title='bbox 997 982 1127 1025; x_wconf 88' lang='lat' dir='ltr'><strong>simus</strong></span> <span class='ocrx_word' id='word_1_111' title='bbox 1144 982 1187 1024; x_wconf 86' lang='lat' dir='ltr'><strong>in</strong></span> <span class='ocrx_word' id='word_1_112' title='bbox 1213 996 1392 1040; x_wconf 82' lang='lat' dir='ltr'><strong>corpore</strong></span> <span class='ocrx_word' id='word_1_113' title='bbox 1424 981 1558 1040; x_wconf 83' lang='lat' dir='ltr'><strong>ipsius</strong></span> <span class='ocrx_word' id='word_1_114' title='bbox 1575 1016 1585 1035; x_wconf 79' lang='lat'>‚</span> <span class='ocrx_word' id='word_1_115' title='bbox 1607 990 1650 1024; x_wconf 86' lang='lat' dir='ltr'><strong>et</strong></span> <span class='ocrx_word' id='word_1_116' title='bbox 1667 995 1746 1024; x_wconf 86' lang='lat' dir='ltr'><strong>nos</strong></span> 
     </span>
     <span class='ocr_line' id='line_1_13' title="bbox 364 1050 1749 1109; baseline -0.004 -9"><span class='ocrx_word' id='word_1_117' title='bbox 364 1065 587 1100; x_wconf 86' lang='lat' dir='ltr'><strong>cantemus</strong></span> <span class='ocrx_word' id='word_1_118' title='bbox 607 1069 670 1097; x_wconf 88' lang='lat' dir='ltr'><strong>ea.</strong></span> <span class='ocrx_word' id='word_1_119' title='bbox 696 1055 853 1098; x_wconf 88' lang='lat' dir='ltr'><strong>Cantat</strong></span> <span class='ocrx_word' id='word_1_120' title='bbox 883 1053 997 1096; x_wconf 90' lang='lat' dir='ltr'><strong>enim</strong></span> <span class='ocrx_word' id='word_1_121' title='bbox 1034 1052 1117 1096; x_wconf 90' lang='lat' dir='ltr'><strong>hoc</strong></span> <span class='ocrx_word' id='word_1_122' title='bbox 1135 1052 1331 1096; x_wconf 87' lang='lat' dir='ltr'><strong>Christus</strong></span> <span class='ocrx_word' id='word_1_123' title='bbox 1357 1070 1366 1096; x_wconf 75' lang='grc' dir='ltr'>ε</span> <span class='ocrx_word' id='word_1_124' title='bbox 1393 1051 1427 1095; x_wconf 87' lang='lat' dir='ltr'><strong>si</strong></span> <span class='ocrx_word' id='word_1_125' title='bbox 1448 1050 1588 1095; x_wconf 90' lang='lat' dir='ltr'><strong>solum</strong></span> <span class='ocrx_word' id='word_1_126' title='bbox 1617 1060 1749 1109; x_wconf 85' lang='lat' dir='ltr'><strong>caput</strong></span> 
     </span>
     <span class='ocr_line' id='line_1_14' title="bbox 364 1121 1744 1180; baseline -0.005 -10"><span class='ocrx_word' id='word_1_127' title='bbox 364 1134 532 1179; x_wconf 87' lang='lat' dir='ltr'><strong>cantat,</strong></span> <span class='ocrx_word' id='word_1_128' title='bbox 556 1140 579 1167; x_wconf 89' lang='lat' dir='ltr'><strong>a</strong></span> <span class='ocrx_word' id='word_1_129' title='bbox 603 1123 786 1167; x_wconf 91' lang='lat' dir='ltr'><strong>Domino</strong></span> <span class='ocrx_word' id='word_1_130' title='bbox 803 1133 867 1166; x_wconf 85' lang='lat' dir='ltr'><strong>est</strong></span> <span class='ocrx_word' id='word_1_131' title='bbox 890 1123 1108 1166; x_wconf 89' lang='lat' dir='ltr'><strong>canticum</strong></span> <span class='ocrx_word' id='word_1_132' title='bbox 1131 1123 1212 1165; x_wconf 88' lang='lat' dir='ltr'><strong>hoc</strong></span> <span class='ocrx_word' id='word_1_133' title='bbox 1229 1157 1239 1176; x_wconf 89' lang='lat'>‚</span> <span class='ocrx_word' id='word_1_134' title='bbox 1265 1121 1319 1165; x_wconf 86' lang='lat' dir='ltr'><strong>ad</strong></span> <span class='ocrx_word' id='word_1_135' title='bbox 1335 1137 1412 1165; x_wconf 87' lang='lat' dir='ltr'><strong>nos</strong></span> <span class='ocrx_word' id='word_1_136' title='bbox 1427 1137 1516 1165; x_wconf 92' lang='lat' dir='ltr'><strong>non</strong></span> <span class='ocrx_word' id='word_1_137' title='bbox 1529 1121 1744 1180; x_wconf 87' lang='lat' dir='ltr'><strong>pertinet:</strong></span> 
     </span>
     <span class='ocr_line' id='line_1_15' title="bbox 363 1192 1748 1250; baseline -0.004 -11"><span class='ocrx_word' id='word_1_138' title='bbox 363 1196 395 1239; x_wconf 92' lang='lat' dir='ltr'><strong>si</strong></span> <span class='ocrx_word' id='word_1_139' title='bbox 419 1204 562 1239; x_wconf 83' lang='lat' dir='ltr'><strong>autem</strong></span> <span class='ocrx_word' id='word_1_140' title='bbox 580 1203 696 1237; x_wconf 81' lang='lat' dir='ltr'><strong>totus</strong></span> <span class='ocrx_word' id='word_1_141' title='bbox 718 1193 935 1246; x_wconf 83' lang='lat' dir='ltr'><strong>Christus,</strong></span> <span class='ocrx_word' id='word_1_142' title='bbox 959 1192 1005 1235; x_wconf 89' lang='lat' dir='ltr'><strong>id</strong></span> <span class='ocrx_word' id='word_1_143' title='bbox 1026 1201 1111 1246; x_wconf 85' lang='lat' dir='ltr'><strong>est,</strong></span> <span class='ocrx_word' id='word_1_144' title='bbox 1136 1200 1322 1250; x_wconf 85' lang='lat' dir='ltr'><strong>caputet</strong></span> <span class='ocrx_word' id='word_1_145' title='bbox 1336 1206 1492 1250; x_wconf 87' lang='lat' dir='ltr'><strong>corpus</strong></span> <span class='ocrx_word' id='word_1_146' title='bbox 1517 1192 1630 1250; x_wconf 84' lang='lat' dir='ltr'><strong>ejus,</strong></span> <span class='ocrx_word' id='word_1_147' title='bbox 1657 1200 1748 1234; x_wconf 89' lang='lat' dir='ltr'><strong>esto</strong></span> 
     </span>
     <span class='ocr_line' id='line_1_16' title="bbox 363 1261 1749 1323; baseline -0.004 -14"><span class='ocrx_word' id='word_1_148' title='bbox 363 1267 408 1309; x_wconf 88' lang='lat' dir='ltr'><strong>in</strong></span> <span class='ocrx_word' id='word_1_149' title='bbox 432 1265 634 1308; x_wconf 85' lang='lat' dir='ltr'><strong>membris</strong></span> <span class='ocrx_word' id='word_1_150' title='bbox 657 1265 745 1323; x_wconf 87' lang='lat' dir='ltr'><strong>ejus</strong></span> <span class='ocrx_word' id='word_1_151' title='bbox 760 1298 770 1317; x_wconf 89' lang='lat'>‚</span> <span class='ocrx_word' id='word_1_152' title='bbox 795 1263 967 1306; x_wconf 73' lang='lat' dir='ltr'><strong>adhaere</strong></span> <span class='ocrx_word' id='word_1_153' title='bbox 986 1261 1048 1305; x_wconf 90' lang='lat' dir='ltr'><strong>illi</strong></span> <span class='ocrx_word' id='word_1_154' title='bbox 1070 1277 1147 1321; x_wconf 88' lang='lat' dir='ltr'><strong>per</strong></span> <span class='ocrx_word' id='word_1_155' title='bbox 1169 1262 1299 1305; x_wconf 88' lang='lat' dir='ltr'><strong>fidem</strong></span> <span class='ocrx_word' id='word_1_156' title='bbox 1317 1270 1359 1304; x_wconf 90' lang='lat' dir='ltr'><strong>et</strong></span> <span class='ocrx_word' id='word_1_157' title='bbox 1371 1276 1449 1320; x_wconf 87' lang='lat' dir='ltr'><strong>per</strong></span> <span class='ocrx_word' id='word_1_158' title='bbox 1467 1276 1586 1320; x_wconf 89' lang='lat' dir='ltr'><strong>spem</strong></span> <span class='ocrx_word' id='word_1_159' title='bbox 1608 1270 1651 1304; x_wconf 90' lang='lat' dir='ltr'><strong>et</strong></span> <span class='ocrx_word' id='word_1_160' title='bbox 1672 1275 1749 1319; x_wconf 91' lang='lat' dir='ltr'><strong>per</strong></span> 
     </span>
     <span class='ocr_line' id='line_1_17' title="bbox 362 1332 1748 1392; baseline -0.004 -12"><span class='ocrx_word' id='word_1_161' title='bbox 362 1337 638 1388; x_wconf 87' lang='lat' dir='ltr'><strong>charitatem,</strong></span> <span class='ocrx_word' id='word_1_162' title='bbox 665 1344 708 1378; x_wconf 86' lang='lat' dir='ltr'><strong>et</strong></span> <span class='ocrx_word' id='word_1_163' title='bbox 727 1335 773 1377; x_wconf 92' lang='lat' dir='ltr'><strong>in</strong></span> <span class='ocrx_word' id='word_1_164' title='bbox 795 1334 870 1378; x_wconf 93' lang='lat' dir='ltr'><strong>illo</strong></span> <span class='ocrx_word' id='word_1_165' title='bbox 891 1343 1059 1388; x_wconf 86' lang='lat' dir='ltr'><strong>cantas,</strong></span> <span class='ocrx_word' id='word_1_166' title='bbox 1084 1334 1130 1376; x_wconf 87' lang='lat' dir='ltr'><strong>in</strong></span> <span class='ocrx_word' id='word_1_167' title='bbox 1152 1332 1227 1377; x_wconf 91' lang='lat' dir='ltr'><strong>illo</strong></span> <span class='ocrx_word' id='word_1_168' title='bbox 1249 1332 1413 1376; x_wconf 83' lang='lat' dir='ltr'><strong>exultas</strong></span> <span class='ocrx_word' id='word_1_169' title='bbox 1440 1351 1448 1376; x_wconf 92' lang='lat'><strong>:</strong></span> <span class='ocrx_word' id='word_1_170' title='bbox 1475 1332 1575 1392; x_wconf 89' lang='lat' dir='ltr'><strong>quia</strong></span> <span class='ocrx_word' id='word_1_171' title='bbox 1598 1332 1748 1391; x_wconf 85' lang='lat' dir='ltr'><strong>etipse</strong></span> 
     </span>
     <span class='ocr_line' id='line_1_18' title="bbox 364 1401 1749 1459; baseline -0.004 -9"><span class='ocrx_word' id='word_1_172' title='bbox 364 1408 466 1450; x_wconf 86' lang='lat' dir='ltr'><strong>inte</strong></span> <span class='ocrx_word' id='word_1_173' title='bbox 489 1405 658 1449; x_wconf 86' lang='lat' dir='ltr'><strong>laborat</strong></span> <span class='ocrx_word' id='word_1_174' title='bbox 675 1440 685 1459; x_wconf 87' lang='lat'>,</span> <span class='ocrx_word' id='word_1_175' title='bbox 710 1405 755 1447; x_wconf 90' lang='lat' dir='ltr'><strong>in</strong></span> <span class='ocrx_word' id='word_1_176' title='bbox 772 1414 814 1448; x_wconf 87' lang='lat' dir='ltr'><strong>te</strong></span> <span class='ocrx_word' id='word_1_177' title='bbox 837 1405 946 1458; x_wconf 80' lang='lat' dir='ltr'><strong>sitit,</strong></span> <span class='ocrx_word' id='word_1_178' title='bbox 968 1404 1012 1447; x_wconf 89' lang='lat' dir='ltr'><strong>in</strong></span> <span class='ocrx_word' id='word_1_179' title='bbox 1037 1414 1080 1446; x_wconf 88' lang='lat' dir='ltr'><strong>te</strong></span> <span class='ocrx_word' id='word_1_180' title='bbox 1100 1404 1233 1447; x_wconf 80' lang='lat' dir='ltr'><strong>esurit</strong></span> <span class='ocrx_word' id='word_1_181' title='bbox 1256 1412 1298 1446; x_wconf 86' lang='lat' dir='ltr'><strong>et</strong></span> <span class='ocrx_word' id='word_1_182' title='bbox 1320 1402 1570 1446; x_wconf 72' lang='lat' dir='ltr'><strong>tribulatur.</strong></span> <span class='ocrx_word' id='word_1_183' title='bbox 1599 1401 1678 1445; x_wconf 87' lang='lat' dir='ltr'><strong>Ille</strong></span> <span class='ocrx_word' id='word_1_184' title='bbox 1703 1404 1749 1445; x_wconf 91' lang='lat' dir='ltr'><strong>in</strong></span> 
     </span>
     <span class='ocr_line' id='line_1_19' title="bbox 365 1473 1748 1533; baseline -0.004 -13"><span class='ocrx_word' id='word_1_185' title='bbox 365 1487 406 1521; x_wconf 89' lang='lat' dir='ltr'><strong>te</strong></span> <span class='ocrx_word' id='word_1_186' title='bbox 434 1476 576 1520; x_wconf 83' lang='lat' dir='ltr'><strong>adhuc</strong></span> <span class='ocrx_word' id='word_1_187' title='bbox 601 1474 808 1528; x_wconf 78' lang='lat' dir='ltr'><strong>moritur,</strong></span> <span class='ocrx_word' id='word_1_188' title='bbox 829 1483 873 1517; x_wconf 90' lang='lat' dir='ltr'><strong>et</strong></span> <span class='ocrx_word' id='word_1_189' title='bbox 894 1484 943 1518; x_wconf 93' lang='lat' dir='ltr'><strong>tu</strong></span> <span class='ocrx_word' id='word_1_190' title='bbox 965 1474 1008 1517; x_wconf 92' lang='lat' dir='ltr'><strong>in</strong></span> <span class='ocrx_word' id='word_1_191' title='bbox 1042 1473 1116 1518; x_wconf 89' lang='lat' dir='ltr'><strong>illo</strong></span> <span class='ocrx_word' id='word_1_192' title='bbox 1134 1475 1223 1533; x_wconf 86' lang='lat' dir='ltr'><strong>jam</strong></span> <span class='ocrx_word' id='word_1_193' title='bbox 1254 1473 1534 1517; x_wconf 79' lang='lat' dir='ltr'><strong>resurrexisti.</strong></span> <span class='ocrx_word' id='word_1_194' title='bbox 1573 1475 1682 1517; x_wconf 86' lang='lat' dir='ltr'><strong>Nam</strong></span> <span class='ocrx_word' id='word_1_195' title='bbox 1715 1473 1748 1516; x_wconf 82' lang='lat' dir='ltr'><strong>si</strong></span> 
     </span>
     <span class='ocr_line' id='line_1_20' title="bbox 366 1543 1745 1603; baseline -0.004 -12"><span class='ocrx_word' id='word_1_196' title='bbox 366 1563 454 1591; x_wconf 91' lang='lat' dir='ltr'><strong>non</strong></span> <span class='ocrx_word' id='word_1_197' title='bbox 475 1547 520 1589; x_wconf 93' lang='lat' dir='ltr'><strong>in</strong></span> <span class='ocrx_word' id='word_1_198' title='bbox 546 1555 588 1589; x_wconf 88' lang='lat' dir='ltr'><strong>te</strong></span> <span class='ocrx_word' id='word_1_199' title='bbox 610 1554 849 1589; x_wconf 87' lang='lat' dir='ltr'><strong>moreretur</strong></span> <span class='ocrx_word' id='word_1_200' title='bbox 865 1579 875 1599; x_wconf 79' lang='lat'>,</span> <span class='ocrx_word' id='word_1_201' title='bbox 892 1543 1028 1588; x_wconf 87' lang='lat' dir='ltr'><strong>nollet</strong></span> <span class='ocrx_word' id='word_1_202' title='bbox 1050 1544 1094 1587; x_wconf 91' lang='lat' dir='ltr'><strong>in</strong></span> <span class='ocrx_word' id='word_1_203' title='bbox 1118 1554 1159 1587; x_wconf 92' lang='lat' dir='ltr'><strong>te</strong></span> <span class='ocrx_word' id='word_1_204' title='bbox 1172 1544 1253 1587; x_wconf 76' lang='lat' dir='ltr'><strong>sibi</strong></span> <span class='ocrx_word' id='word_1_205' title='bbox 1276 1544 1392 1603; x_wconf 89' lang='lat' dir='ltr'><strong>parci</strong></span> <span class='ocrx_word' id='word_1_206' title='bbox 1410 1559 1432 1586; x_wconf 89' lang='lat' dir='ltr'><strong>a</strong></span> <span class='ocrx_word' id='word_1_207' title='bbox 1454 1552 1745 1602; x_wconf 81' lang='lat' dir='ltr'><strong>persecutore,</strong></span> 
     </span>
     <span class='ocr_line' id='line_1_21' title="bbox 366 1613 1745 1674; baseline -0.005 -14"><span class='ocrx_word' id='word_1_208' title='bbox 366 1632 467 1661; x_wconf 90' lang='lat' dir='ltr'><strong>cum</strong></span> <span class='ocrx_word' id='word_1_209' title='bbox 492 1615 679 1659; x_wconf 88' lang='lat' dir='ltr'><strong>diceret:</strong></span> <span class='ocrx_word' id='word_1_210' title='bbox 711 1635 729 1655; x_wconf 70' lang='grc' dir='ltr'><strong>ι(</strong></span> <span class='ocrx_word' id='word_1_211' title='bbox 762 1614 888 1659; x_wconf 82' lang='lat' dir='ltr'><strong>Saule</strong></span> <span class='ocrx_word' id='word_1_212' title='bbox 905 1650 915 1668; x_wconf 76' lang='grc'>,</span> <span class='ocrx_word' id='word_1_213' title='bbox 953 1613 1078 1658; x_wconf 83' lang='lat' dir='ltr'><strong>Saule</strong></span> <span class='ocrx_word' id='word_1_214' title='bbox 1097 1649 1107 1667; x_wconf 84' lang='lat'>‚</span> <span class='ocrx_word' id='word_1_215' title='bbox 1140 1614 1247 1674; x_wconf 83' lang='lat' dir='ltr'><strong>quid</strong></span> <span class='ocrx_word' id='word_1_216' title='bbox 1275 1629 1343 1657; x_wconf 92' lang='lat' dir='ltr'><strong>me</strong></span> <span class='ocrx_word' id='word_1_217' title='bbox 1377 1614 1699 1673; x_wconf 72' lang='lat' dir='ltr'><strong>persequei—is‘2?</strong></span> <span class='ocrx_word' id='word_1_218' title='bbox 1725 1631 1745 1654; x_wconf 91' lang='lat'>»</span> 
     </span>
     <span class='ocr_line' id='line_1_22' title="bbox 366 1683 1745 1745; baseline -0.002 -15"><span class='ocrx_word' id='word_1_219' title='bbox 366 1691 502 1745; x_wconf 80' lang='lat' dir='ltr'><strong>Ergo,</strong></span> <span class='ocrx_word' id='word_1_220' title='bbox 521 1685 671 1729; x_wconf 74' lang='lat' dir='ltr'><strong>fratres</strong></span> <span class='ocrx_word' id='word_1_221' title='bbox 689 1685 773 1728; x_wconf 88' lang='lat' dir='ltr'><strong>mei</strong></span> <span class='ocrx_word' id='word_1_222' title='bbox 791 1720 800 1739; x_wconf 82' lang='lat'>‚</span> <span class='ocrx_word' id='word_1_223' title='bbox 818 1685 1013 1728; x_wconf 88' lang='lat' dir='ltr'><strong>Christus</strong></span> <span class='ocrx_word' id='word_1_224' title='bbox 1029 1693 1174 1728; x_wconf 86' lang='lat' dir='ltr'><strong>cantat</strong></span> <span class='ocrx_word' id='word_1_225' title='bbox 1193 1704 1203 1741; x_wconf 77' lang='lat'>3</span> <span class='ocrx_word' id='word_1_226' title='bbox 1228 1684 1302 1727; x_wconf 88' lang='lat' dir='ltr'><strong>sed</strong></span> <span class='ocrx_word' id='word_1_227' title='bbox 1320 1683 1540 1743; x_wconf 84' lang='lat' dir='ltr'><strong>quomodo</strong></span> <span class='ocrx_word' id='word_1_228' title='bbox 1558 1718 1568 1738; x_wconf 86' lang='lat'>‚</span> <span class='ocrx_word' id='word_1_229' title='bbox 1586 1683 1718 1727; x_wconf 85' lang='lat' dir='ltr'><strong>nostis</strong></span> <span class='ocrx_word' id='word_1_230' title='bbox 1737 1702 1745 1727; x_wconf 88' lang='lat'><strong>:</strong></span> 
     </span>
     <span class='ocr_line' id='line_1_23' title="bbox 366 1753 1749 1813; baseline -0.003 -12"><span class='ocrx_word' id='word_1_231' title='bbox 366 1758 585 1801; x_wconf 81' lang='lat' dir='ltr'><strong>Christum</strong></span> <span class='ocrx_word' id='word_1_232' title='bbox 599 1755 763 1799; x_wconf 85' lang='lat' dir='ltr'><strong>assidue</strong></span> <span class='ocrx_word' id='word_1_233' title='bbox 776 1754 1176 1799; x_wconf 88' lang='lat' dir='ltr'><strong>commendavimus</strong></span> <span class='ocrx_word' id='word_1_234' title='bbox 1190 1753 1336 1811; x_wconf 75' lang='lat' dir='ltr'><strong>vobis·⁷</strong></span> <span class='ocrx_word' id='word_1_235' title='bbox 1352 1763 1395 1798; x_wconf 88' lang='lat' dir='ltr'><strong>et</strong></span> <span class='ocrx_word' id='word_1_236' title='bbox 1409 1754 1496 1798; x_wconf 90' lang='lat' dir='ltr'><strong>scio</strong></span> <span class='ocrx_word' id='word_1_237' title='bbox 1508 1753 1608 1813; x_wconf 86' lang='lat' dir='ltr'><strong>quia</strong></span> <span class='ocrx_word' id='word_1_238' title='bbox 1624 1753 1749 1797; x_wconf 86' lang='lat' dir='ltr'><strong>rudia</strong></span> 
     </span>
     <span class='ocr_line' id='line_1_24' title="bbox 367 1824 1750 1882; baseline -0.004 -11"><span class='ocrx_word' id='word_1_239' title='bbox 367 1827 488 1871; x_wconf 81' lang='lat' dir='ltr'><strong>vobis</strong></span> <span class='ocrx_word' id='word_1_240' title='bbox 522 1841 610 1869; x_wconf 90' lang='lat' dir='ltr'><strong>non</strong></span> <span class='ocrx_word' id='word_1_241' title='bbox 632 1835 747 1869; x_wconf 89' lang='lat' dir='ltr'><strong>sunt.</strong></span> <span class='ocrx_word' id='word_1_242' title='bbox 789 1825 998 1869; x_wconf 88' lang='lat' dir='ltr'><strong>Dominus</strong></span> <span class='ocrx_word' id='word_1_243' title='bbox 1020 1825 1215 1868; x_wconf 84' lang='lat' dir='ltr'><strong>Christus</strong></span> <span class='ocrx_word' id='word_1_244' title='bbox 1238 1824 1434 1867; x_wconf 77' lang='lat' dir='ltr'><strong>Verbum</strong></span> <span class='ocrx_word' id='word_1_245' title='bbox 1456 1824 1534 1868; x_wconf 91' lang='lat' dir='ltr'><strong>Dei</strong></span> <span class='ocrx_word' id='word_1_246' title='bbox 1556 1833 1617 1866; x_wconf 91' lang='lat' dir='ltr'><strong>est</strong></span> <span class='ocrx_word' id='word_1_247' title='bbox 1637 1859 1648 1879; x_wconf 83' lang='grc'><strong>,</strong></span> <span class='ocrx_word' id='word_1_248' title='bbox 1673 1839 1750 1882; x_wconf 85' lang='lat' dir='ltr'><strong>per</strong></span> 
     </span>
     <span class='ocr_line' id='line_1_25' title="bbox 368 1893 1745 1957; baseline -0.004 -16"><span class='ocrx_word' id='word_1_249' title='bbox 368 1896 487 1957; x_wconf 86' lang='lat' dir='ltr'><strong>quod</strong></span> <span class='ocrx_word' id='word_1_250' title='bbox 508 1895 619 1939; x_wconf 86' lang='lat' dir='ltr'><strong>sacta</strong></span> <span class='ocrx_word' id='word_1_251' title='bbox 650 1904 749 1938; x_wconf 88' lang='lat' dir='ltr'><strong>sunt</strong></span> <span class='ocrx_word' id='word_1_252' title='bbox 771 1896 929 1938; x_wconf 87' lang='lat' dir='ltr'><strong>onmia.</strong></span> <span class='ocrx_word' id='word_1_253' title='bbox 961 1897 1053 1937; x_wconf 91' lang='lat' dir='ltr'><strong>Hoc</strong></span> <span class='ocrx_word' id='word_1_254' title='bbox 1076 1894 1270 1937; x_wconf 86' lang='lat' dir='ltr'><strong>Verbum</strong></span> <span class='ocrx_word' id='word_1_255' title='bbox 1313 1903 1363 1937; x_wconf 88' lang='lat' dir='ltr'><strong>ut</strong></span> <span class='ocrx_word' id='word_1_256' title='bbox 1386 1893 1617 1936; x_wconf 87' lang='lat' dir='ltr'><strong>redimeret</strong></span> <span class='ocrx_word' id='word_1_257' title='bbox 1645 1908 1745 1948; x_wconf 85' lang='lat' dir='ltr'><strong>nos,</strong></span> 
     </span>
     <span class='ocr_line' id='line_1_26' title="bbox 369 1964 1749 2019; baseline -0.003 -7"><span class='ocrx_word' id='word_1_258' title='bbox 369 1983 467 2012; x_wconf 85' lang='lat' dir='ltr'><strong>caro</strong></span> <span class='ocrx_word' id='word_1_259' title='bbox 491 1968 652 2010; x_wconf 79' lang='lat' dir='ltr'><strong>facturn</strong></span> <span class='ocrx_word' id='word_1_260' title='bbox 681 1976 766 2019; x_wconf 84' lang='lat' dir='ltr'><strong>est,</strong></span> <span class='ocrx_word' id='word_1_261' title='bbox 791 1974 833 2008; x_wconf 90' lang='lat' dir='ltr'><strong>et</strong></span> <span class='ocrx_word' id='word_1_262' title='bbox 856 1965 1066 2008; x_wconf 83' lang='lat' dir='ltr'><strong>habitavit</strong></span> <span class='ocrx_word' id='word_1_263' title='bbox 1091 1966 1134 2008; x_wconf 92' lang='lat' dir='ltr'><strong>in</strong></span> <span class='ocrx_word' id='word_1_264' title='bbox 1163 1965 1315 2008; x_wconf 70' lang='lat' dir='ltr'><strong>nobis³</strong></span> <span class='ocrx_word' id='word_1_265' title='bbox 1343 1964 1508 2008; x_wconf 88' lang='lat' dir='ltr'><strong>:factus</strong></span> <span class='ocrx_word' id='word_1_266' title='bbox 1537 1973 1600 2007; x_wconf 88' lang='lat' dir='ltr'><strong>est</strong></span> <span class='ocrx_word' id='word_1_267' title='bbox 1616 1965 1749 2009; x_wconf 88' lang='lat' dir='ltr'><strong>homo</strong></span> 
     </span>
     <span class='ocr_line' id='line_1_27' title="bbox 370 2034 1749 2096; baseline -0.001 -15"><span class='ocrx_word' id='word_1_268' title='bbox 370 2042 480 2096; x_wconf 74' lang='lat' dir='ltr'><strong>Deus</strong></span> <span class='ocrx_word' id='word_1_269' title='bbox 497 2051 625 2096; x_wconf 86' lang='lat' dir='ltr'><strong>super</strong></span> <span class='ocrx_word' id='word_1_270' title='bbox 647 2037 790 2080; x_wconf 88' lang='lat' dir='ltr'><strong>omnia</strong></span> <span class='ocrx_word' id='word_1_271' title='bbox 804 2071 814 2085; x_wconf 74' lang='grc'>,</span> <span class='ocrx_word' id='word_1_272' title='bbox 838 2034 973 2078; x_wconf 84' lang='lat' dir='ltr'><strong>Filius</strong></span> <span class='ocrx_word' id='word_1_273' title='bbox 995 2036 1067 2078; x_wconf 88' lang='lat' dir='ltr'><strong>Dei</strong></span> <span class='ocrx_word' id='word_1_274' title='bbox 1086 2034 1262 2095; x_wconf 69' lang='lat' dir='ltr'><strong>{equalis</strong></span> <span class='ocrx_word' id='word_1_275' title='bbox 1284 2035 1397 2078; x_wconf 87' lang='lat' dir='ltr'><strong>Patri</strong></span> <span class='ocrx_word' id='word_1_276' title='bbox 1415 2055 1426 2090; x_wconf 77' lang='lat'>3</span> <span class='ocrx_word' id='word_1_277' title='bbox 1443 2034 1495 2078; x_wconf 91' lang='lat' dir='ltr'><strong>ad</strong></span> <span class='ocrx_word' id='word_1_278' title='bbox 1512 2035 1595 2078; x_wconf 92' lang='lat' dir='ltr'><strong>hoc</strong></span> <span class='ocrx_word' id='word_1_279' title='bbox 1617 2035 1749 2079; x_wconf 90' lang='lat' dir='ltr'><strong>homo</strong></span> 
     </span>
     <span class='ocr_line' id='line_1_28' title="bbox 368 2104 1750 2161; baseline -0.002 -9"><span class='ocrx_word' id='word_1_280' title='bbox 368 2108 506 2152; x_wconf 81' lang='lat' dir='ltr'><strong>factus</strong></span> <span class='ocrx_word' id='word_1_281' title='bbox 524 2116 587 2150; x_wconf 90' lang='lat' dir='ltr'><strong>est</strong></span> <span class='ocrx_word' id='word_1_282' title='bbox 604 2142 614 2161; x_wconf 81' lang='lat'>,</span> <span class='ocrx_word' id='word_1_283' title='bbox 640 2115 689 2149; x_wconf 86' lang='lat' dir='ltr'><strong>ut</strong></span> <span class='ocrx_word' id='word_1_284' title='bbox 706 2109 819 2149; x_wconf 89' lang='lat' dir='ltr'><strong>Deus</strong></span> <span class='ocrx_word' id='word_1_285' title='bbox 844 2106 973 2148; x_wconf 92' lang='lat' dir='ltr'><strong>homo</strong></span> <span class='ocrx_word' id='word_1_286' title='bbox 996 2104 1208 2148; x_wconf 85' lang='lat' dir='ltr'><strong>mediator</strong></span> <span class='ocrx_word' id='word_1_287' title='bbox 1231 2114 1339 2148; x_wconf 86' lang='lat' dir='ltr'><strong>esset</strong></span> <span class='ocrx_word' id='word_1_288' title='bbox 1360 2104 1473 2148; x_wconf 89' lang='lat' dir='ltr'><strong>inter</strong></span> <span class='ocrx_word' id='word_1_289' title='bbox 1488 2106 1684 2148; x_wconf 88' lang='lat' dir='ltr'><strong>homines</strong></span> <span class='ocrx_word' id='word_1_290' title='bbox 1706 2114 1750 2149; x_wconf 83' lang='lat' dir='ltr'><strong>et</strong></span> 
     </span>
     <span class='ocr_line' id='line_1_29' title="bbox 369 2176 1749 2236; baseline -0.003 -12"><span class='ocrx_word' id='word_1_291' title='bbox 369 2183 534 2233; x_wconf 79' lang='lat' dir='ltr'><strong>Deum,</strong></span> <span class='ocrx_word' id='word_1_292' title='bbox 565 2187 608 2221; x_wconf 92' lang='lat' dir='ltr'><strong>et</strong></span> <span class='ocrx_word' id='word_1_293' title='bbox 636 2176 928 2221; x_wconf 86' lang='lat' dir='ltr'><strong>reconciliaret</strong></span> <span class='ocrx_word' id='word_1_294' title='bbox 946 2176 1076 2235; x_wconf 79' lang='lat' dir='ltr'><strong>longe</strong></span> <span class='ocrx_word' id='word_1_295' title='bbox 1111 2177 1294 2236; x_wconf 68' lang='lat' dir='ltr'><strong>positOS,</strong></span> <span class='ocrx_word' id='word_1_296' title='bbox 1323 2186 1365 2220; x_wconf 86' lang='lat' dir='ltr'><strong>et</strong></span> <span class='ocrx_word' id='word_1_297' title='bbox 1382 2178 1666 2236; x_wconf 80' lang='lat' dir='ltr'><strong>conjungeret</strong></span> <span class='ocrx_word' id='word_1_298' title='bbox 1687 2192 1749 2220; x_wconf 88' lang='lat' dir='ltr'><strong>se-</strong></span> 
     </span>
     <span class='ocr_line' id='line_1_30' title="bbox 366 2245 1744 2309; baseline -0.001 -17"><span class='ocrx_word' id='word_1_299' title='bbox 366 2259 558 2309; x_wconf 85' lang='lat' dir='ltr'><strong>paratos,</strong></span> <span class='ocrx_word' id='word_1_300' title='bbox 585 2257 626 2291; x_wconf 85' lang='lat' dir='ltr'><strong>et</strong></span> <span class='ocrx_word' id='word_1_301' title='bbox 646 2256 865 2291; x_wconf 84' lang='lat' dir='ltr'><strong>revocaret</strong></span> <span class='ocrx_word' id='word_1_302' title='bbox 889 2246 1095 2291; x_wconf 85' lang='lat' dir='ltr'><strong>alienatos</strong></span> <span class='ocrx_word' id='word_1_303' title='bbox 1112 2283 1122 2301; x_wconf 79' lang='lat'>‚</span> <span class='ocrx_word' id='word_1_304' title='bbox 1149 2256 1191 2290; x_wconf 86' lang='lat' dir='ltr'><strong>et</strong></span> <span class='ocrx_word' id='word_1_305' title='bbox 1218 2245 1442 2291; x_wconf 88' lang='lat' dir='ltr'><strong>reduceret</strong></span> <span class='ocrx_word' id='word_1_306' title='bbox 1469 2247 1744 2306; x_wconf 67' lang='lat' dir='ltr'><strong>pei‘egrin05‚</strong></span> 
     </span>
     <span class='ocr_line' id='line_1_31' title="bbox 365 2315 1744 2376; baseline -0.002 -13"><span class='ocrx_word' id='word_1_307' title='bbox 365 2320 420 2363; x_wconf 88' lang='lat' dir='ltr'><strong>ad</strong></span> <span class='ocrx_word' id='word_1_308' title='bbox 442 2320 524 2363; x_wconf 89' lang='lat' dir='ltr'><strong>hoc</strong></span> <span class='ocrx_word' id='word_1_309' title='bbox 545 2318 684 2362; x_wconf 86' lang='lat' dir='ltr'><strong>faetus</strong></span> <span class='ocrx_word' id='word_1_310' title='bbox 713 2326 775 2361; x_wconf 85' lang='lat' dir='ltr'><strong>est</strong></span> <span class='ocrx_word' id='word_1_311' title='bbox 796 2318 943 2361; x_wconf 90' lang='lat' dir='ltr'><strong>homo.</strong></span> <span class='ocrx_word' id='word_1_312' title='bbox 971 2320 1126 2361; x_wconf 85' lang='lat' dir='ltr'><strong>Factus</strong></span> <span class='ocrx_word' id='word_1_313' title='bbox 1150 2326 1212 2360; x_wconf 88' lang='lat' dir='ltr'><strong>est</strong></span> <span class='ocrx_word' id='word_1_314' title='bbox 1229 2332 1331 2375; x_wconf 80' lang='lat' dir='ltr'><strong>ergo</strong></span> <span class='ocrx_word' id='word_1_315' title='bbox 1350 2326 1482 2376; x_wconf 82' lang='lat' dir='ltr'><strong>caput</strong></span> <span class='ocrx_word' id='word_1_316' title='bbox 1512 2315 1715 2360; x_wconf 87' lang='lat' dir='ltr'><strong>Ecclesiae</strong></span> <span class='ocrx_word' id='word_1_317' title='bbox 1732 2352 1744 2372; x_wconf 84' lang='lat'>,</span> 
     </span>
     <span class='ocr_line' id='line_1_32' title="bbox 365 2386 1747 2446; baseline -0.001 -13"><span class='ocrx_word' id='word_1_318' title='bbox 365 2389 556 2433; x_wconf 85' lang='lat' dir='ltr'><strong>habetet</strong></span> <span class='ocrx_word' id='word_1_319' title='bbox 580 2402 735 2446; x_wconf 89' lang='lat' dir='ltr'><strong>corpus</strong></span> <span class='ocrx_word' id='word_1_320' title='bbox 758 2396 800 2431; x_wconf 87' lang='lat' dir='ltr'><strong>et</strong></span> <span class='ocrx_word' id='word_1_321' title='bbox 822 2387 1032 2430; x_wconf 83' lang='lat' dir='ltr'><strong>membra.</strong></span> <span class='ocrx_word' id='word_1_322' title='bbox 1055 2392 1194 2440; x_wconf 80' lang='lat' dir='ltr'><strong>Quare</strong></span> <span class='ocrx_word' id='word_1_323' title='bbox 1217 2386 1410 2430; x_wconf 88' lang='lat' dir='ltr'><strong>membra</strong></span> <span class='ocrx_word' id='word_1_324' title='bbox 1427 2387 1559 2446; x_wconf 83' lang='lat' dir='ltr'><strong>ipsius</strong></span> <span class='ocrx_word' id='word_1_325' title='bbox 1576 2422 1586 2441; x_wconf 87' lang='lat'><strong>‚</strong></span> <span class='ocrx_word' id='word_1_326' title='bbox 1615 2386 1747 2431; x_wconf 91' lang='lat' dir='ltr'><strong>modo</strong></span> 
     </span>
     <span class='ocr_line' id='line_1_33' title="bbox 366 2455 1746 2518; baseline -0.001 -16"><span class='ocrx_word' id='word_1_327' title='bbox 366 2468 545 2518; x_wconf 80' lang='lat' dir='ltr'><strong>gemunt</strong></span> <span class='ocrx_word' id='word_1_328' title='bbox 567 2474 643 2517; x_wconf 88' lang='lat' dir='ltr'><strong>per</strong></span> <span class='ocrx_word' id='word_1_329' title='bbox 671 2457 918 2501; x_wconf 82' lang='lat' dir='ltr'><strong>universum</strong></span> <span class='ocrx_word' id='word_1_330' title='bbox 949 2457 1098 2500; x_wconf 84' lang='lat' dir='ltr'><strong>orbem</strong></span> <span class='ocrx_word' id='word_1_331' title='bbox 1126 2466 1335 2500; x_wconf 84' lang='lat' dir='ltr'><strong>terrarum</strong></span> <span class='ocrx_word' id='word_1_332' title='bbox 1365 2477 1373 2499; x_wconf 88' lang='lat'>:</span> <span class='ocrx_word' id='word_1_333' title='bbox 1401 2466 1505 2500; x_wconf 91' lang='lat' dir='ltr'><strong>tune</strong></span> <span class='ocrx_word' id='word_1_334' title='bbox 1527 2455 1746 2500; x_wconf 68' lang='lat' dir='ltr'><strong>laetabun-</strong></span> 
     </span>
    </p>
   </div>
   <div class='ocr_carea' id='block_1_3' title="bbox 415 2540 1398 2582">
    <p class='ocr_par' dir='ltr' id='par_1_3' title="bbox 415 2540 1398 2582">
     <span class='ocr_line' id='line_1_34' title="bbox 415 2540 1398 2582; baseline -0.002 -9"><span class='ocrx_word' id='word_1_335' title='bbox 415 2551 422 2566; x_wconf 91' lang='lat'>¹</span> <span class='ocrx_word' id='word_1_336' title='bbox 446 2543 557 2573; x_wconf 64' lang='lat' dir='ltr'><strong>unuh.</strong></span> <span class='ocrx_word' id='word_1_337' title='bbox 578 2554 630 2580; x_wconf 64' lang='lat' dir='ltr'><strong>vn,</strong></span> <span class='ocrx_word' id='word_1_338' title='bbox 652 2543 680 2571; x_wconf 79' lang='lat'><strong>3.</strong></span> <span class='ocrx_word' id='word_1_339' title='bbox 700 2558 739 2561; x_wconf 32' lang='grc' dir='ltr'><strong>ν-</strong></span> <span class='ocrx_word' id='word_1_340' title='bbox 767 2549 778 2562; x_wconf 69' lang='lat'>²</span> <span class='ocrx_word' id='word_1_341' title='bbox 802 2545 857 2572; x_wconf 65' lang='lat' dir='ltr'><strong>‚tet</strong></span> <span class='ocrx_word' id='word_1_342' title='bbox 893 2552 937 2574; x_wconf 56' lang='lat' dir='ltr'><strong>tr,</strong></span> <span class='ocrx_word' id='word_1_343' title='bbox 960 2541 1042 2582; x_wconf 67' lang='lat'><strong>¹1.—</strong></span> <span class='ocrx_word' id='word_1_344' title='bbox 1066 2541 1077 2563; x_wconf 74' lang='lat'>3</span> <span class='ocrx_word' id='word_1_345' title='bbox 1101 2543 1191 2572; x_wconf 79' lang='lat' dir='ltr'><strong>Joan.</strong></span> <span class='ocrx_word' id='word_1_346' title='bbox 1208 2552 1230 2579; x_wconf 82' lang='lat' dir='ltr'><strong>i,</strong></span> <span class='ocrx_word' id='word_1_347' title='bbox 1253 2541 1269 2572; x_wconf 83' lang='lat'>3</span> <span class='ocrx_word' id='word_1_348' title='bbox 1292 2545 1319 2570; x_wconf 67' lang='lat' dir='ltr'><strong>oi</strong></span> <span class='ocrx_word' id='word_1_349' title='bbox 1348 2540 1398 2581; x_wconf 54' lang='lat'><strong>14.</strong></span> 
     </span>
    </p>
   </div>
  </div>
 </body>
</html>
