1848 3261
394 213 479 253 332
823 220 859 252 s.
893 222 1124 255 Aucus-nm
1156 225 1339 257 Emscom

392 287 566 343 matriS,
589 301 669 333 nec
696 289 786 349 ejus
808 304 908 350 quae
928 291 1095 351 peperit
1123 288 1326 352 aliquem.
1351 294 1409 337 Et
1436 300 1583 337 tamen
1604 291 1711 352 quid
1733 292 1772 337 ei

392 358 582 403 dicitur?
618 359 835 415 «Dicent,
862 360 1026 420 inquit,
1060 361 1105 405 in
1129 362 1306 407 auribus
1329 362 1415 407 tuis
1440 361 1519 406 filii
1550 361 1638 417 tui,
1663 378 1773 418 quos

395 447 417 473 »
451 429 676 475 amiseras:
695 431 905 489 Angustia
927 432 1052 477 nobis
1075 442 1138 478 est
1158 433 1204 478 in
1225 433 1307 479 isto
1328 432 1425 478 loco
1441 468 1452 489 ‚
1476 431 1604 478 facite
1624 433 1773 494 itaque

394 519 415 544 »
450 502 577 546 nobis
597 510 640 546 et
660 517 778 546 nunc
799 500 946 547 locum
967 504 1013 548 in
1030 520 1118 566 quo
1139 519 1472 550 commoremur.
1499 507 1565 549 Tu
1585 520 1688 550 vero
1709 505 1774 550 di-

394 589 416 615 »
451 587 520 617 ces
542 572 588 615 in
604 570 829 616 cordetuo
847 590 857 617 ε
881 573 985 626 Quis
1003 576 1222 632 generavit
1244 576 1350 620 mihi
1370 573 1471 621 istos
1485 609 1496 631 ,
1520 590 1622 619 cum
1638 576 1774 620 sciam

394 660 416 685 »
450 657 521 686 me
543 656 632 686 esse
652 642 742 686 sine
763 641 861 687 filiis
881 651 925 688 et
944 643 1153 690 viduam?
1190 648 1291 700 Quis
1324 661 1425 705 ergo
1450 645 1552 691 istos
1571 645 1774 691 educavit

394 730 414 754 »
449 712 587 756 mihi?
609 714 703 771 Ego
729 712 845 756 enim
880 711 1083 759 derelicta
1104 714 1169 760 fui
1187 716 1298 772 sola,
1325 717 1372 761 hi
1394 726 1540 762 autem
1562 717 1669 761 mihi
1695 715 1775 760 ubi

395 802 414 824 »
450 784 628 826 erant¹?
653 800 673 823 »
697 785 761 826 Ex
790 798 837 827 ea
868 798 969 842 ergo
992 795 1114 844 parte
1135 787 1215 832 ista
1235 787 1342 832 dicit
1363 786 1575 843 Ecclesia,
1599 802 1687 847 qua
1706 786 1775 832 vi-

392 851 520 896 detur
552 852 660 897 nihil
690 868 839 913 parere
874 854 922 898 in
954 855 1044 900 istis
1070 856 1235 912 turbis,
1266 874 1366 918 quae
1394 873 1484 902 non
1519 857 1776 902 dimiserunt

392 925 538 969 omnia
559 933 610 968 ut
630 934 915 985 sequerentur
936 927 1170 971 Dominum
1189 963 1200 983 ,
1225 937 1269 972 et
1289 928 1491 973 sederent
1511 943 1640 987 super
1662 927 1775 974 duo-

392 994 533 1038 decim
554 995 776 1040 thronos2.
805 995 888 1040 Sed
909 1012 1041 1056 quam
1073 998 1202 1042 multi
1221 999 1266 1042 in
1285 998 1438 1042 eadem
1460 998 1589 1043 turba
1611 997 1776 1042 facien-

391 1074 454 1110 tes
475 1065 557 1109 sibi
580 1066 739 1110 amicos
758 1065 812 1110 de
829 1082 1078 1112 mammona
1095 1068 1378 1129 iniquitatis³‚
1403 1085 1480 1129 per
1502 1083 1632 1128 opera
1653 1069 1778 1113 mise·

392 1136 589 1181 ricordiae
612 1137 667 1181 ad
689 1137 908 1182 dexteram
930 1139 1133 1183 stabunt?
1154 1142 1251 1184 Non
1272 1139 1414 1184 solum
1444 1155 1545 1198 ergo
1574 1140 1700 1198 erigit
1721 1140 1776 1184 de

392 1217 580 1254 stercore
595 1243 606 1263 ‚
632 1223 762 1268 quem
789 1208 972 1253 collocet
994 1223 1094 1253 cum
1113 1209 1382 1270 principibus
1405 1210 1556 1270 populi
1577 1211 1640 1254 sui
1671 1229 1680 1255 :
1701 1209 1777 1255 sed

394 1278 523 1323 etiam
556 1298 565 1323 :
601 1279 837 1322 «Habitare
870 1277 972 1323 facit
1000 1279 1187 1324 sterilem
1208 1280 1254 1324 in
1275 1281 1429 1336 domo,
1456 1290 1639 1324 matrem
1660 1279 1775 1325 filio-

396 1367 418 1391 »
454 1364 551 1393 rum
573 1347 837 1394 laetantem⁴.
859 1349 944 1402 Qui
966 1349 1011 1393 in
1033 1349 1129 1393 altis
1150 1351 1346 1405 habitat,
1372 1360 1415 1395 et
1434 1349 1618 1395 humilia
1639 1351 1776 1410 respi-

397 1437 418 1461 >›
453 1420 512 1464 cit
533 1419 579 1463 in
600 1418 713 1464 coelo
736 1428 779 1463 ct
799 1419 846 1463 in
867 1428 1000 1475 terra,
1024 1440 1041 1461 »
1077 1435 1223 1464 semen
1241 1421 1461 1465 Abraham
1491 1421 1601 1466 sicut
1632 1420 1776 1466 stellas

394 1489 518 1545 coeli,
553 1490 822 1534 sanctitatem
844 1489 1076 1533 sublimem
1092 1490 1138 1534 in
1160 1491 1356 1551 supernis
1378 1490 1550 1535 sedibus
1585 1490 1776 1536 colloca-

393 1569 508 1615 tam,
533 1568 576 1604 et
595 1560 706 1604 sicut
728 1575 901 1604 arenam
929 1561 974 1603 in
1004 1576 1078 1605 ora
1107 1561 1254 1615 maris,
1296 1562 1618 1606 misericordem
1645 1571 1775 1622 atque

394 1632 669 1675 innumeram
694 1630 1022 1676 multitudinem
1046 1648 1069 1676 a
1090 1633 1269 1678 sinistris
1291 1634 1495 1679 fluctibus
1514 1643 1644 1694 atque
1662 1648 1776 1678 ama-

395 1701 586 1746 ritudine
607 1701 738 1761 impia
757 1711 1039 1762 segregatam.

444 1816 453 1832 ¹
474 1810 546 1841 Isa'i.
565 1820 660 1852 xmx,
678 1818 733 1852 20,
756 1818 810 1843 21.
831 1827 873 1834 --
899 1817 911 1833 2
934 1811 1048 1844 Matth.
1075 1822 1128 1844 xlx
1143 1836 1152 1853 ,
1174 1811 1226 1846 28.
1248 1828 1290 1835 --
1309 1809 1414 1846 3Luc.
1441 1822 1509 1854 xvn,
1534 1811 1566 1844 8.
1588 1828 1630 1835 —
1658 1810 1672 1835 ⁶
1693 1810 1773 1844 Psal.

393 1875 466 1907 exn,
483 1876 516 1907 9.
