1848 3261
316 238 558 271 ENAnnAno
589 244 635 270 m
667 240 870 271 rsALMtJM
901 239 1063 277 cxvm,
1097 237 1236 266 semim
1267 239 1312 266 x.
1415 224 1497 266 421

117 305 445 367 quantumlibet
482 307 668 367 quisque
693 303 892 367 proficiat
920 303 967 347 in
996 303 1378 363 justificationibus
1412 305 1503 347 Do-

116 377 245 432 mini,
270 376 433 421 habcre
463 392 564 420 eum
588 376 781 422 mortalis
801 374 940 418 carnis
962 373 1170 417 affectum
1187 373 1300 417 circa
1320 373 1398 417 ista
1417 382 1505 417 ter-

116 463 236 503 rena,
259 448 305 491 in
341 448 503 508 quibus
521 448 609 493 vita
629 449 821 492 humana
843 445 1026 489 tentatio
1054 453 1118 488 est
1141 459 1270 503 super
1291 453 1448 488 terram
1462 446 1501 500 13

116 526 160 561 et
182 518 237 561 ab
260 518 342 562 hac
365 527 505 562 morte
527 519 561 561 si
583 525 907 577 perseveranter
928 515 1101 575 proficit
1118 550 1129 570 ,
1164 514 1359 575 quotidie
1390 514 1504 556 revi-

116 589 299 643 viscere,
325 589 570 633 vivificante
592 588 668 632 illo
685 623 695 642 ,
721 589 844 648 cujus
863 587 996 646 gratia
1017 587 1149 630 homo
1166 593 1312 630 noster
1327 584 1506 628 interior

116 669 350 704 renovatur
371 659 425 703 de
448 658 518 703 die
550 659 596 703 in
632 658 798 703 diem2‘?
829 661 938 703 Nam
959 668 1002 702 et
1022 657 1133 701 illud
1154 655 1385 716 Apostolus
1406 670 1508 699 cum

117 728 315 773 dicebat:
354 748 374 771 «
404 729 611 782 Quandiu
645 744 792 773 sumus
821 729 866 772 in
891 743 1092 787 corpore,
1125 727 1450 787 peregrinamur
1485 740 1509 768 a

118 816 138 840 »ι
175 799 361 843 Domino
376 801 390 825 ³
409 821 420 856 -,
465 818 485 840 »
522 809 566 844 et
601 799 938 858 concupiscebat
973 797 1174 853 dissolvi,
1217 806 1260 841 et
1290 812 1379 841 esse
1406 809 1508 840 cum

117 869 289 914 Christo
306 870 348 925 43
373 868 613 914 adhaeserat
637 870 885 929 pavimento
905 868 1047 912 anima
1071 869 1176 927 ejus.
1199 866 1324 912 Unde
1345 875 1388 910 et
1410 880 1509 910 cor-

115 954 197 999 pus
215 939 358 998 ipsum
374 974 385 994 ,
411 940 513 999 quia
530 955 581 983 ex
604 949 718 984 terra
738 948 822 994 est,
844 955 933 983 non
951 938 1136 983 absurde
1155 937 1413 995 intelligitur
1429 952 1508 996 pa-

116 1011 358 1054 vimentum
380 1031 390 1068 3
417 1010 539 1070 quod
557 1011 701 1055 adhuc
721 1011 820 1071 quia
844 1009 1127 1069 corruptibile
1144 1018 1230 1063 est,
1251 1018 1294 1052 et
1305 1016 1511 1066 aggravat

117 1080 364 1137 animam⁵;
409 1091 526 1125 recte
560 1082 606 1125 in
637 1082 712 1126 illo
744 1080 1098 1139 congemiscitur,
1131 1088 1174 1121 et
1202 1078 1361 1121 dicitur
1386 1081 1505 1121 Deo:

120 1170 141 1193 «
174 1150 372 1196 Adhaesit
389 1152 640 1210 pavimento
662 1153 805 1196 anima
827 1167 951 1205 mea,
981 1148 1151 1193 vivifica
1173 1162 1243 1191 me
1266 1147 1509 1202 secundum

118 1238 138 1261 »
173 1221 358 1264 verbum
372 1230 512 1265 tuum.
528 1240 548 1262 »
561 1223 712 1280 Neque
728 1220 842 1263 enim
859 1235 948 1263 non
962 1234 1065 1263 cum
1081 1218 1338 1278 corporibus
1354 1219 1508 1262 nostris

114 1305 283 1349 semper
300 1304 399 1333 cum
414 1289 599 1333 Domino
614 1290 792 1334 crimusG
809 1289 906 1334 :sed
924 1298 1030 1333 tuuc
1045 1290 1147 1349 quia
1165 1304 1254 1332 non
1272 1297 1401 1331 erunt
1417 1304 1511 1332 cor-

113 1359 335 1419 ruptibilia
354 1395 364 1414 ,
389 1376 469 1404 nec
492 1361 654 1404 animas
672 1361 992 1419 aggravabunt,
1014 1358 1293 1417 sidiligenter
1315 1359 1511 1403 conside-

113 1446 286 1484 remus,
307 1447 395 1474 non
416 1431 475 1474 eis
505 1446 603 1485 nos,
636 1431 711 1475 sed
740 1431 830 1490 ipsa
862 1430 988 1474 nobis
1017 1430 1161 1489 potius
1190 1429 1504 1484 adhaerebunt‚

113 1516 193 1545 nos
229 1510 375 1545 autem
409 1505 513 1545 Deo.
550 1501 675 1545 Unde
713 1501 888 1545 alterius
923 1501 1078 1544 Psalmi
1111 1500 1243 1544 verba
1274 1499 1346 1544 illa
1370 1509 1507 1544 sunt:

117 1589 137 1612 «
171 1571 278 1615 Mihi
313 1581 459 1615 autem
497 1571 717 1615 adhaerere
746 1575 836 1615 Deo
872 1572 1039 1615 bonum
1062 1572 1152 1614 est⁷
1179 1587 1190 1614 .-
1218 1588 1239 1610 »
1276 1579 1326 1613 ut
1356 1570 1508 1614 vivant

118 1655 302 1700 corpora
325 1658 375 1685 ex
397 1642 543 1695 nobis,
565 1641 830 1685 adhaerendo
849 1641 1001 1697 nobis,
1027 1656 1105 1684 nos
1136 1650 1282 1684 autem
1312 1641 1508 1685 vivamus

112 1727 162 1755 ex
185 1715 274 1756 Deo
289 1747 300 1767 ,
326 1713 428 1772 quia
454 1731 474 1754 «
501 1712 634 1757 Nobis
655 1711 876 1755 adhaerere
900 1714 991 1755 Deo
1016 1711 1181 1754 bonum
1203 1719 1280 1754 est.
1302 1729 1322 1752 »
1345 1710 1507 1754 Adhae-

110 1782 171 1825 sio
194 1782 356 1842 quippe
382 1783 483 1836 ista,
509 1781 564 1825 de
586 1798 672 1841 qua
690 1781 855 1825 dictum
879 1789 942 1824 est
961 1799 969 1824 ε
994 1799 1014 1822 «
1037 1780 1231 1824 Adhaesit
1253 1781 1504 1839 pavimento

113 1870 133 1893 »
151 1853 293 1897 anima
308 1868 447 1907 mea,»
465 1868 553 1896 non
571 1853 926 1912 conjunctionem
944 1852 1083 1895 carnis
1101 1860 1144 1894 et
1159 1852 1331 1906 animae,
1347 1868 1502 1912 quam-

109 1923 171 1967 vis
201 1933 243 1966 et
268 1923 406 1981 ipsam
441 1922 619 1982 quidam
657 1921 976 1978 intellexerint,
1010 1920 1086 1965 sed
1119 1921 1334 1966 carnalem
1368 1924 1503 1982 magis

110 1993 264 2035 animae
282 1993 504 2047 affectum,
523 2009 611 2052 quo
629 2008 728 2036 caro
751 1992 1018 2051 concupiscit
1032 1991 1236 2036 adversus
1257 1993 1498 2052 spiritumss,

107 2062 351 2120 significare
373 2063 478 2106 mihi
502 2062 689 2106 videtur.
715 2063 843 2115 Quod
861 2064 1028 2106 sirecte
1047 2063 1278 2122 accipitur,
1304 2063 1502 2122 profecto

108 2132 183 2192 qui
206 2131 312 2176 dicit
333 2151 341 2176 ε
373 2150 392 2172 «
413 2131 608 2175 Adhaesit
629 2134 879 2190 pavimento
902 2133 1044 2177 anima
1073 2149 1195 2189 mea3
1227 2134 1396 2178 vivifica
1430 2150 1499 2179 me

110 2221 130 2244 »
166 2202 408 2266 secundum
431 2203 613 2246 verbum
638 2212 784 2257 tuum,
805 2221 824 2243 »
845 2219 935 2247 non
954 2204 1000 2247 id
1021 2213 1115 2248 orat
1135 2239 1145 2256 ,
1167 2213 1217 2248 ut
1240 2204 1294 2248 de
1317 2221 1498 2265 corpore

107 2273 256 2316 mortis
268 2273 413 2331 hujus,
427 2282 567 2316 morte
582 2273 713 2331 ipsius
726 2274 917 2331 corporis
932 2274 1265 2329 interveniente,
1281 2276 1495 2332 solvatur,

107 2342 228 2402 quod
245 2342 335 2386 dies
352 2342 531 2387 ultimus
547 2344 649 2387 vitae
666 2345 737 2403 huj
746 2359 792 2387 us
810 2379 820 2398 ,
837 2342 911 2404 qui
929 2353 1106 2404 propter
1128 2346 1218 2405 ejus
1240 2345 1497 2390 brevitatem

106 2428 196 2457 non
218 2422 360 2471 potest
381 2428 469 2457 esse
502 2412 759 2469 diuturnus,
795 2415 1061 2474 quandoque
1084 2414 1277 2460 facturus
1300 2426 1389 2462 est:
1420 2417 1496 2461 sed

154 2514 163 2530 ¹
185 2508 257 2539 Job.
286 2520 346 2549 vn,
372 2521 398 2540 1.
421 2526 462 2530 —
484 2516 495 2531 ²
516 2518 535 2541 2
557 2511 631 2541 Cor.
652 2521 684 2549 V,
704 2509 736 2541 6.
761 2527 801 2531 --
823 2508 835 2532 3
855 2509 935 2541 Ibid.
961 2527 1002 2532 ——
1032 2510 1047 2540 4
1069 2511 1179 2553 Philip.
1198 2523 1228 2551 1,
1249 2512 1303 2544 73.
1324 2529 1365 2535 -—
1384 2511 1398 2535 5
1417 2514 1491 2555 Sap.

105 2574 151 2603 lx,
176 2563 225 2595 15.
245 2581 286 2587 —-
311 2563 551 2606 ‘²1'shess.1v,
572 2568 688 2597 12-163.
713 2567 998 2605 —-7t³s:11.1,xxu,
1032 2568 1083 2598 228.
1108 2583 1147 2589 *α
1166 2566 1179 2585 ⁰²
1201 2568 1267 2599 Gal.
1289 2580 1322 2608 v,
1350 2579 1402 2610 17.
