1848 3261
252 260 494 291 mutinum
525 264 571 291 m
602 260 805 291 PsALMUM
835 262 996 302 cxv111,
1030 261 1169 292 smmo
1196 263 1310 292 xxx1.
1374 253 1456 294 537

78 326 176 372 filiis
200 327 318 371 triste
352 327 421 372 lex
442 329 605 388 patris?
627 331 696 373 An
716 327 924 388 quoniam
950 346 971 370 «
996 330 1136 382 Quem
1159 330 1302 390 diligit
1321 331 1458 375 corri-

78 398 171 457 pit,
198 407 242 442 et
271 398 462 458 flagellat
486 415 660 444 omnem
695 399 833 443 filium
865 414 997 459 quem
1019 399 1236 459 recipit1?
1259 419 1280 442 »
1305 402 1460 463 Atqui

79 469 174 513 haec
201 469 363 530 judicia
388 472 582 531 respuit,
607 471 814 531 promissa
839 485 928 515 non
958 471 1126 531 recipit.
1152 474 1335 517 Paterna
1357 488 1460 532 ergo

74 540 239 597 judicia
266 540 500 587 laudentur
521 551 564 586 et
584 542 630 586 in
653 540 848 601 flagello,
875 542 909 587 si
931 542 1138 602 promissa
1160 541 1394 601 diligantur
1416 544 1461 589 in

79 625 275 671 praemio.

142 684 218 725 IV.
247 684 310 726 Ita
329 681 457 742 plane
477 681 584 727 facit
605 682 699 739 iste,
720 683 796 744 qui
816 683 922 727 dicit
947 701 956 728 ε
982 701 1003 726 «
1029 682 1193 743 Septies
1213 683 1260 728 in
1282 683 1351 729 die
1371 683 1465 729 lau-

84 769 106 793 »
141 751 241 796 davi
277 762 320 796 te
340 787 351 808 ,
379 769 508 813 super
531 752 692 813 judicia
715 754 892 814 justitiae
928 762 1016 798 tuae
1031 757 1063 798 2.
1092 754 1256 814 Septies
1278 754 1323 799 in
1345 754 1414 799 die
1439 773 1459 797 »

82 823 202 884 quod
226 824 285 868 ait
301 859 312 879 ,
337 824 551 883 significat
569 841 752 885 semper.
781 824 898 870 Solet
917 841 1006 870 esse
1029 826 1191 887 quippe
1211 827 1290 871 iste
1310 842 1465 871 nume-

83 910 156 938 rus
177 894 466 939 univcrsitatis
488 894 696 940 indicium
722 915 731 941 :
756 905 934 955 propter
963 897 1083 958 quod
1113 912 1184 940 sex
1214 896 1368 941 diebus
1396 897 1466 942 di-

83 965 195 1009 vinae
216 964 499 1025 operationis,
525 967 731 1026 septimus
758 965 951 1027 adjectus
988 975 1051 1011 est
1073 966 1229 1027 quietis
1247 968 1263 993 3
1290 986 1299 1012 :
1326 976 1368 1012 et
1389 982 1467 1027 per

82 1044 248 1095 septem
276 1035 363 1080 dies
392 1046 614 1081 currentes
637 1046 681 1081 et
710 1045 979 1081 recurrentes
998 1071 1009 1092 ,
1045 1046 1240 1097 tempora
1267 1038 1467 1082 universa

84 1106 336 1151 volvuntur.
361 1109 450 1152 Nec
471 1107 528 1151 ob
551 1106 671 1151 aliud
692 1107 859 1152 dictum
881 1117 945 1152 est
966 1126 975 1153 ε
1005 1125 1024 1149 «
1048 1108 1212 1166 Septies
1229 1108 1355 1152 cadet
1371 1108 1466 1168 jus-

86 1195 106 1220 »
139 1187 229 1233 tus,
267 1187 310 1223 et
342 1188 570 1237 resurget:
598 1197 618 1221 »
650 1178 696 1223 id
728 1187 818 1234 est,
855 1194 944 1223 non
975 1178 1088 1238 perit
1121 1180 1291 1239 justus,
1326 1178 1465 1224 modis

84 1249 287 1294 omnibus
304 1249 583 1304 humiliatus,
604 1248 680 1293 sed
704 1264 794 1293 non
814 1249 1138 1308 praevaricatus,
1165 1248 1358 1309 alioquin
1377 1265 1467 1295 non

85 1319 165 1364 erit
182 1320 338 1379 justus.
370 1321 479 1364 Nam
505 1335 586 1379 pro
621 1319 741 1364 omni
775 1334 930 1378 genere
961 1319 1280 1375 tribulationis,
1312 1319 1465 1380 quain

85 1398 322 1449 conspectu
342 1389 571 1434 hominum
592 1388 808 1450 dejicitur,
836 1390 1026 1449 positum
1049 1399 1126 1445 est,
1145 1389 1299 1449 septies
1321 1388 1437 1435 cadit
1455 1409 1464 1436 :

85 1470 128 1505 et
150 1476 229 1520 pro
251 1476 301 1504 eo
325 1459 445 1521 quod
475 1476 525 1504 ex
546 1460 646 1520 ipsis
668 1460 870 1504 omnibus
900 1460 1254 1505 tribulationibus
1271 1461 1466 1520 proficit,

85 1531 276 1592 positum
294 1539 358 1575 est
381 1549 390 1576 z
415 1549 436 1573 (ι
459 1533 688 1589 Resurget.
717 1548 738 1572 »
762 1530 870 1575 Satis
891 1530 1078 1575 illustrat
1099 1530 1145 1574 in
1167 1546 1218 1575 eo
1235 1530 1349 1576 libro
1370 1547 1471 1576 con-

86 1617 271 1663 sequens
292 1601 504 1647 sententia
525 1600 845 1661 praecedentem
871 1620 879 1645 :
902 1601 960 1645 ibi
982 1601 1097 1645 enim
1114 1601 1330 1662 sequitur:
1351 1621 1372 1644 «
1388 1604 1475 1646 Im-

90 1692 111 1716 »
127 1674 188 1734 pii
207 1683 350 1718 autem
373 1673 716 1718 infirmabuntur
731 1672 777 1717 in
798 1672 984 1717 malis⁴.»
1001 1674 1094 1717 Hoc
1112 1682 1175 1718 est
1190 1674 1338 1734 itaque
1355 1674 1472 1734 justo

88 1745 243 1805 septies
263 1743 418 1789 cadere
439 1753 483 1788 et
505 1758 746 1802 resurgere,
772 1743 818 1787 in
848 1743 1052 1788 omnibus
1079 1743 1202 1788 malis
1237 1759 1327 1788 non
1347 1744 1474 1789 infir-

88 1815 213 1861 mari.
235 1815 392 1860 Merito
413 1814 546 1872 igitur
567 1814 724 1874 septies
748 1814 794 1858 in
813 1813 884 1858 die
904 1812 1099 1859 laudavit
1119 1813 1313 1859 Ecclesia
1335 1817 1474 1859 Deum

89 1902 220 1947 super
248 1884 412 1946 judicia
434 1885 613 1945 justitiae
636 1884 797 1944 ipsius3
824 1884 926 1945 quia
962 1900 1062 1929 cum
1097 1894 1269 1945 tempus
1292 1894 1401 1930 esset
1428 1894 1478 1931 ut

85 1956 302 2019 judicium
321 1954 531 2014 inciperet
553 1971 576 1999 a
598 1953 730 1999 domo
752 1955 926 2000 Domini
940 1957 955 1981 ⁵
973 1990 984 2010 ,
1009 1955 1054 1999 in
1076 1955 1280 2000 omnibus
1298 1955 1478 2002 tribula·

91 2027 286 2073 tionibus
308 2026 393 2071 suis
417 2041 507 2071 non
529 2025 767 2083 infirmata,
791 2025 866 2070 sed
887 2026 1056 2071 coronis
1078 2028 1322 2085 Martyrum
1345 2026 1479 2086 glori-

93 2100 219 2144 ficata
242 2107 320 2142 est.

153 2171 207 2213 V.
235 2187 256 2210 «
281 2172 369 2212 Pax
390 2166 527 2212 multa
549 2202 560 2223 ,
585 2166 751 2228 inquit,
792 2166 1071 2226 diligentibus
1093 2166 1234 2227 legem
1257 2176 1377 2212 tuam
1397 2203 1409 2223 ,
1437 2177 1481 2213 et

97 2259 118 2283 »
153 2255 240 2284 non
276 2248 340 2285 est
370 2238 428 2282 eis
463 2237 717 2283 scandalum
739 2239 770 2283 ⁶.
805 2256 825 2280 »
853 2241 1007 2283 Utrum
1045 2239 1133 2299 ipsa
1155 2238 1224 2283 lex
1259 2239 1480 2298 diligenti-

94 2312 178 2356 bus
210 2326 254 2355 se
275 2308 529 2355 scandalum
551 2325 640 2354 non
673 2318 766 2365 est,
793 2326 847 2354 an
869 2308 1152 2369 diligentibus
1186 2325 1281 2354 eam
1306 2309 1481 2354 nullum

97 2390 161 2426 est
181 2380 490 2440 undecumque
512 2378 796 2424 scandalum?
815 2378 898 2425 Sed
922 2389 1159 2440 utrumque
1181 2389 1296 2424 recte
1317 2378 1481 2425 intelli-

98 2452 227 2512 gitur.
252 2451 338 2504 Qui
359 2451 474 2495 enim
496 2449 638 2510 diligit
659 2450 735 2494 Dei
756 2449 923 2509 legem,
951 2450 1079 2495 etiam
1107 2450 1227 2511 quod
1248 2450 1294 2494 in
1322 2465 1371 2495 ea
1391 2466 1481 2495 non

145 2553 157 2571 ¹
178 2546 278 2581 Hebr.
298 2557 354 2588 ¹11,
367 2546 400 2579 6.
420 2562 463 2570 —
480 2552 494 2570 ¹
513 2546 592 2578 Psal.
609 2555 714 2587 cxviii,
735 2543 808 2588 164.
827 2562 869 2569 —-
889 2544 902 2570 ³
917 2547 996 2581 Gen.
1021 2557 1057 2589 ιι,
1076 2554 1156 2580 2.-
1171 2544 1186 2577 6
1203 2547 1296 2581 Prov.
1317 2557 1401 2582 xxiv.
1425 2545 1478 2579 16.

99 2601 172 2630 -3
195 2615 208 2640 ι
226 2605 379 2647 Petr.1v,
400 2613 451 2646 ¹7·
476 2619 519 2630 ·—
540 2600 556 2631 ⁶
574 2600 654 2637 Psal.
674 2611 786 2645 cxvm,
809 2601 883 2636 165.
