1848 3261
391 238 473 278 550
816 249 849 276 s.
885 240 1116 276 AUGUSTffli
1148 249 1328 277 1121500121

392 330 465 359 mo
484 317 624 358 Deum
645 312 905 373 deprecatur
934 331 944 357 ε
968 313 1027 357 ait
1049 313 1164 356 enim
1186 331 1196 358 ε
1226 331 1243 353 «
1264 311 1333 358 Ad
1355 321 1398 357 te
1413 348 1424 369 ,
1449 313 1653 369 Domine,
1671 329 1772 358 cum

392 403 415 428 »
450 383 698 440 tribularer,
715 384 912 436 clamavi,
927 393 971 428 et
982 384 1191 428 exaudisti
1203 386 1306 428 me¹.
1322 402 1342 426 »
1361 385 1486 429 Unde
1499 384 1621 428 illum
1637 401 1773 429 exau-

387 457 525 502 divit?
548 459 604 501 Ut
619 457 709 516 jam
730 455 1014 500 constitueret
1029 471 1130 499 eum
1150 456 1205 500 ad
1227 455 1383 514 gradus
1404 455 1681 500 ascendendi.

444 530 519 572 IV.
556 530 612 571 Et
634 526 734 586 quia
751 527 841 585 jam
876 540 1128 570 ascensurus
1153 535 1216 571 est
1237 525 1465 570 exauditus
1481 561 1492 581 ,
1517 526 1626 587 quid
1653 528 1774 571 orat?

394 618 414 641 «
447 598 652 651 Domine,
679 611 782 640 erue
804 596 993 640 animam
1014 612 1155 642 meam
1177 613 1201 641 a
1221 597 1346 642 labiis
1376 598 1546 658 injustis
1565 607 1609 642 et
1642 615 1663 642 a
1686 598 1774 642 lin-

390 687 412 711 »
449 684 533 728 gua
550 667 699 712 dolosa
715 669 747 711 ².
767 685 786 708 »
812 671 916 720 Quae
938 675 1001 711 est
1015 666 1164 726 lingua
1183 667 1356 712 dolosa?
1375 667 1590 723 Subdola,
1611 669 1774 713 habens

381 740 615 799 imaginem
648 737 930 793 consulendi,
972 747 1016 783 et
1052 740 1288 799 perniciem
1311 739 1513 784 nocendi.
1554 741 1641 800 Ipsi
1673 750 1775 785 sunt

387 811 465 871 qui
484 810 663 854 dicunt:
701 812 758 854 Et
781 818 829 853 tu
849 808 933 853 hoc
955 808 1149 854 facturus
1171 825 1214 854 es
1229 845 1240 865 ,
1267 811 1389 870 quod
1418 825 1548 855 nemo
1582 809 1708 867 fecit,
1733 819 1778 856 et

387 891 437 926 tu
459 879 575 925 solus
597 880 679 924 eris
696 879 988 925 Christianus?
1005 882 1063 924 Et
1083 879 1118 924 si
1136 881 1375 924 ostenderit
1388 880 1492 925 alios
1507 881 1592 926 hoc
1614 879 1772 935 facere,

381 962 426 998 et
447 952 600 1011 legerit
621 950 911 1010 Evangelium
932 950 1010 994 ubi
1031 951 1240 1011 praecepit
1262 952 1474 996 Dominus
1497 952 1589 995 fieri
1603 986 1613 1003 ‚
1644 961 1688 995 et
1708 951 1777 994 le-

385 1024 496 1084 gerit
520 1026 653 1068 Actus
683 1020 1016 1081 Apostolorum,
1039 1021 1102 1067 illi
1129 1023 1237 1082 quid
1258 1022 1413 1067 dicunt
1434 1022 1481 1066 in
1501 1022 1650 1081 lingua
1672 1022 1779 1066 sub-

383 1095 486 1141 dola
505 1104 548 1138 et
569 1093 689 1138 [abiis
711 1093 901 1153 iniquis?
923 1096 1022 1139 Non
1046 1094 1205 1154 poteris
1224 1093 1336 1139 forte
1357 1092 1560 1153 implere,
1591 1092 1776 1137 multum

390 1173 453 1222 est
481 1165 602 1225 quod
635 1163 893 1223 aggrederis.
919 1163 1003 1208 Alii
1026 1164 1304 1223 prohibendo
1322 1163 1568 1220 deterrent,
1592 1163 1663 1207 alii
1684 1163 1781 1207 lau-

391 1235 538 1281 dando
561 1234 658 1294 plus
680 1243 901 1294 premunt.
928 1234 1039 1288 Quia
1062 1235 1179 1279 enim
1201 1234 1296 1279 talis
1320 1244 1384 1279 est
1415 1235 1502 1278 vita
1517 1270 1528 1289 ,
1561 1250 1661 1294 quae
1689 1235 1780 1294 jam

388 1305 667 1365 occupaverit
688 1303 927 1359 mundum,
949 1313 1068 1348 tanta
1087 1305 1320 1350 auctoritas
1342 1305 1501 1349 Christi
1523 1314 1607 1359 est,
1640 1313 1690 1348 ut
1712 1320 1780 1348 re-

388 1377 661 1439 prehendere
674 1377 764 1436 jam
777 1376 999 1420 Christum
1017 1391 1097 1420 nec
1114 1379 1312 1435 Paganus
1328 1375 1486 1420 audeat
1503 1391 1511 1417 :
1532 1375 1692 1434 legitur
1707 1374 1781 1420 ifle

389 1450 467 1512 qui
494 1445 755 1507 reprehendi
789 1461 878 1490 non
916 1455 1083 1505 potest,
1114 1447 1217 1506 quia
1239 1446 1344 1490 dixit
1369 1466 1378 1491 :
1410 1466 1427 1487 «
1454 1447 1601 1502 Vade,
1641 1445 1782 1491 vende

394 1538 416 1561 »
451 1518 596 1564 omnia
613 1533 713 1578 quae
734 1516 892 1571 habes,
917 1525 959 1561 et
983 1516 1199 1561 distribue
1221 1517 1488 1577 pauperibus
1509 1552 1519 1572 ,
1546 1526 1589 1561 et
1603 1531 1783 1576 sequere

394 1609 415 1633 »
449 1590 544 1634 me³
568 1604 577 1630 ε
606 1607 626 1629 »
648 1588 817 1632 Christo
839 1586 1079 1632 contradici
1100 1603 1190 1632 non
1217 1597 1381 1647 potest,
1416 1587 1654 1646 Evangelio
1676 1602 1783 1631 con-

390 1658 545 1705 tradici
565 1674 653 1703 non
670 1666 835 1717 potest,
859 1657 1120 1716 reprehendi
1141 1657 1337 1702 Christus
1359 1674 1447 1703 non
1470 1667 1612 1717 potest
1638 1677 1647 1703 ι
1673 1673 1783 1702 con-

390 1730 521 1775 vertit
542 1744 586 1773 se
609 1728 760 1787 lingua
778 1726 927 1772 dolosa
950 1726 1006 1771 ad
1020 1726 1196 1772 laudem
1212 1728 1532 1787 prohibentem.
1556 1728 1598 1773 Si
1612 1728 1778 1783 laudas,

388 1803 577 1847 hortare.
600 1805 739 1853 Quare
755 1798 978 1843 laudando
990 1799 1169 1858 premis?
1181 1798 1336 1844 Melius
1350 1799 1631 1859 vituperares,
1648 1816 1782 1860 quam

391 1874 541 1920 dolose
578 1871 792 1916 laudares.
820 1870 934 1924 Quid
965 1870 1082 1914 enim
1112 1870 1274 1915 diceres
1296 1870 1613 1930 vituperando?
1639 1871 1779 1916 Absit.

389 1944 527 1990 Foeda
549 1943 636 1987 vita
658 1943 737 1987 ista
749 1951 812 1986 est
827 1977 837 1996 ,
859 1941 972 1986 mala
991 1942 1079 1986 vita
1098 1942 1177 1986 ista
1194 1952 1272 1987 est.
1296 1942 1380 1987 Sed
1402 1943 1504 2003 quia
1522 1943 1658 1998 nosti,
1680 1959 1780 1987 cum

391 2017 485 2061 haec
508 2015 686 2069 dixeris,
713 2013 851 2074 premi
874 2022 916 2058 te
937 2029 1060 2073 posse
1082 2014 1337 2059 auctoritate
1374 2012 1646 2074 evangelica,
1673 2031 1783 2060 con·

390 2087 521 2131 vertis
543 2095 586 2129 te
609 2084 663 2128 ad
686 2083 804 2128 aliud
826 2082 1104 2129 dissuadendi
1132 2100 1288 2143 genUS,
1317 2094 1366 2128 ut
1397 2083 1620 2129 laudando
1645 2083 1752 2130 falso
1767 2121 1778 2140 ,

392 2173 461 2203 me
494 2173 517 2202 a
538 2172 639 2201 vera
679 2154 808 2199 laude
838 2155 1092 2214 prohibeas3
1116 2156 1202 2199 imo
1224 2154 1448 2199 laudando
1472 2156 1696 2201 Christum
1715 2191 1726 2211 ‚
1753 2172 1777 2200 a

391 2228 562 2275 Christo
580 2226 830 2286 prohibeas,
842 2224 1004 2279 dicens,
1021 2224 1139 2279 Quid
1156 2225 1313 2270 esthoc
1326 2227 1344 2268 ἱ)
1358 2228 1471 2270 Ecce
1482 2224 1545 2273 illi
1563 2225 1778 2280 fecerunt,

389 2299 502 2344 forte
524 2307 573 2343 tu
594 2313 684 2341 non
704 2297 878 2356 poteris.
903 2297 1062 2356 Incipis
1084 2295 1330 2351 ascendere,
1356 2296 1487 2341 cadis.
1514 2300 1694 2341 Monere
1710 2297 1777 2342 vi-

387 2369 536 2424 detur,
555 2383 728 2428 serpens
742 2376 821 2422 est,
836 2366 984 2412 dolosa
996 2367 1145 2426 lingua
1160 2377 1239 2422 est,
1257 2383 1476 2412 venenum
1488 2369 1542 2412 ha
1550 2368 1636 2412 bet.
1660 2372 1780 2427 Roga

387 2450 539 2487 contra
555 2438 697 2494 illam,
723 2438 757 2482 si
778 2438 840 2482 vis
865 2437 1119 2493 ascendere,
1144 2447 1187 2482 et
1209 2437 1279 2483 dic
1297 2442 1387 2484 Deo
1404 2448 1506 2484 tuo:
1527 2458 1547 2481 «
1572 2439 1774 2494 Domine,

391 2530 412 2554 n
446 2526 550 2556 erue
567 2510 755 2555 animam
773 2524 914 2552 meam
927 2508 1086 2554 alabiis
1109 2509 1278 2569 injustis
1294 2518 1338 2554 et
1359 2526 1382 2554 a
1399 2509 1550 2568 lingua
1564 2508 1727 2554 dolosa.
1752 2528 1773 2551 »

440 2602 449 2618 ¹
472 2593 551 2628 Paal.
569 2604 654 2633 cxix,
679 2605 706 2627 ι.
727 2606 768 2617 -³
792 2598 804 2617 ¹
822 2593 902 2627 thid.
920 2602 952 2627 2.
972 2609 1014 2618 -ν
1034 2592 1047 2618 3
1067 2594 1180 2628 matth.
1197 2605 1244 2635 xx,
1261 2601 1316 2627 21.
