1848 3261
382 165 462 203 118
813 174 846 203 s.
882 173 1112 204 Auousnm
1143 178 1325 206 Emscom

436 246 603 288 XVIII.
634 261 653 285 «
678 243 870 301 Abyssus
904 243 1015 287 sicut
1040 244 1347 288 vestimentum
1377 245 1558 290 amictus
1592 246 1753 306 ipsius:

384 335 402 357 »
437 328 567 373 super
588 322 757 358 montes
785 313 963 357 stabunt
985 329 1124 374 aquae.
1156 314 1225 358 Ab
1254 315 1548 375 increpatione
1575 325 1650 360 tua
1683 316 1757 360 fu-

379 404 400 428 »
436 385 554 444 gient
575 420 586 440 ‚
631 402 655 429 a
691 400 798 429 voce
839 385 1025 428 tonitrus
1056 386 1121 429 tui
1153 384 1468 431 formidabunt.
1505 387 1758 433 Ascendunt

377 476 397 500 »
432 466 622 512 montes,
659 466 702 500 et
724 455 994 500 descendunt
1015 457 1157 516 campi
1177 457 1223 501 in
1243 457 1389 502 locum
1411 474 1541 518 quem
1563 457 1757 504 fundasti

376 546 397 570 ³>
434 528 508 572 eis.
543 528 794 571 Terminum
825 527 1027 586 posuisti,
1067 544 1200 588 quem
1236 544 1327 572 non
1361 529 1753 587 transgredientur,

374 617 395 640 »
431 613 574 658 neque
596 606 868 641 revertentur
889 606 1034 656 tegere
1057 607 1229 642 terram.
1262 598 1347 652 Qui
1369 599 1526 642 emittis
1547 598 1689 644 fontes
1711 601 1757 644 in

375 687 396 711 »
432 667 702 713 convallibus
722 702 732 722 ,
782 667 895 711 inter
937 668 1127 712 medium
1174 669 1388 713 montium
1431 669 1758 728 pertransibunt

375 758 396 781 »
432 754 571 799 aquae.
599 737 821 781 Potabunt
842 753 992 782 omnes
1019 738 1167 782 bestiae
1204 739 1291 798 agri
1312 774 1322 792 ,
1354 740 1587 798 suscipient
1607 740 1757 799 onagri

377 828 398 852 »
435 810 480 853 in
503 809 617 853 sitim
635 824 773 853 suam.
799 811 936 869 Super
957 809 1053 853 illos
1081 809 1268 855 volatilia
1291 810 1391 854 eceli
1414 810 1723 855 inhabitabunt
1740 847 1751 867 ,

375 898 396 922 n
433 880 487 924 de
509 879 654 924 medio
675 889 896 939 petrarum
918 879 1090 925 dabunt
1111 896 1262 925 vocem
1285 896 1422 925 suam.
1448 882 1606 939 Rigans
1627 897 1756 926 mon-

375 972 393 994 »
430 960 492 995 tes
512 950 566 995 de
584 951 877 1010 superioribus
895 951 980 995 suis
1005 970 1014 995 :
1040 951 1094 995 de
1112 950 1257 996 fructu
1280 967 1462 1012 operum
1486 961 1662 996 tuorum
1684 969 1753 997 sa·
1790 968 1794 969 ⁷

374 1039 398 1063 »
431 1022 611 1066 tiabitur
632 1031 761 1065 terra.
790 1021 1040 1065 Produccns
1063 1021 1232 1066 foenum
1250 1023 1458 1082 jumentis
1475 1057 1485 1077 ,
1512 1031 1555 1066 et
1575 1023 1757 1067 herbam

374 1111 395 1135 »
430 1093 627 1137 servituti
648 1093 892 1136 hominum.
929 1095 981 1136 Ut
1004 1092 1161 1137 educat
1183 1109 1339 1152 panem
1369 1093 1422 1136 de
1444 1104 1557 1137 terra
1591 1112 1600 1138 ε
1626 1103 1668 1136 et
1688 1094 1756 1137 vi-

375 1183 396 1207 »
431 1180 537 1208 num
560 1163 751 1207 laetificat
774 1180 847 1207 cor
868 1164 1070 1208 hominis.
1098 1167 1154 1208 Ut
1171 1164 1378 1208 exhilaret
1397 1165 1550 1208 faciem
1568 1166 1612 1208 in
1635 1165 1752 1209 oleo:

371 1254 393 1277 »
428 1244 472 1279 et
495 1234 618 1293 panis
636 1250 709 1278 cor
724 1234 910 1278 hominis
932 1236 1174 1279 confirmat.
1197 1235 1479 1279 Satiabuntur
1496 1234 1612 1293 ligna
1635 1251 1754 1279 cam-

371 1325 392 1349 »
426 1307 493 1366 pi,
513 1315 556 1350 et
578 1305 695 1350 cedri
718 1305 869 1349 Libani
887 1322 992 1365 quas
1014 1306 1240 1365 plantavit.
1275 1306 1367 1350 Illic
1399 1322 1584 1365 passeres
1608 1307 1754 1351 nidifi-

371 1396 392 1420 »
427 1377 592 1420 cabunt
613 1396 621 1420 ε
643 1374 787 1420 fulicae
813 1376 967 1420 domus
1000 1375 1088 1419 dux
1110 1385 1173 1419 est
1195 1391 1347 1420 eorum
1365 1378 1394 1419 ¹.
1421 1395 1440 1416 »
1465 1376 1754 1421 Animadver-

370 1448 457 1494 titis
477 1456 700 1491 extentum
723 1445 907 1500 coelum,
932 1446 1063 1490 vultis
1085 1445 1311 1491 intellectu
1333 1447 1563 1491 ascendere
1580 1482 1591 1503 ‚
1616 1457 1660 1491 et
1675 1463 1754 1507 ego

368 1520 512 1564 video.
526 1521 664 1571 Quam
688 1527 833 1561 tamen
852 1516 986 1561 altum
1008 1517 1076 1571 sit,
1097 1527 1205 1576 puto
1224 1517 1341 1577 quod
1362 1533 1533 1562 mecum
1556 1518 1755 1563 conside—

371 1599 435 1634 ret
470 1589 665 1634 Charitas
698 1582 863 1649 vestra.⁴
886 1590 994 1632 Nam
1023 1586 1121 1632 ideo
1156 1587 1316 1632 multos
1343 1603 1489 1632 versus
1512 1587 1631 1632 volui
1654 1605 1757 1649 pro-

374 1661 601 1713 nuntiare,
636 1669 685 1703 ut
721 1659 900 1702 videatis
936 1674 1067 1719 quam
1091 1658 1175 1702 alte
1197 1659 1282 1703 sint
1318 1659 1456 1718 posita
1491 1669 1757 1704 sacramenta

370 1732 464 1783 Dei,
490 1746 544 1775 ne
563 1729 829 1774 fastidiamus
851 1729 1013 1785 oblata,
1038 1746 1092 1773 ne
1113 1739 1313 1791 prompta
1330 1729 1554 1785 vilescant,
1571 1740 1620 1774 ut
1641 1747 1756 1774 sem-

372 1819 449 1863 per
472 1802 653 1862 quaesita
675 1801 753 1844 etsi
770 1816 870 1844 cum
892 1800 1165 1856 difficultate,
1191 1816 1292 1845 cum
1315 1801 1464 1861 majori
1480 1800 1756 1861 jucunditate

369 1874 661 1918 inveniantur.
688 1875 808 1915 Inter
841 1881 996 1915 caetera
1032 1881 1178 1915 tamen
1196 1907 1207 1926 ,
1238 1870 1389 1915 fratres
1408 1907 1418 1926 ‚
1456 1887 1554 1931 quae
1576 1882 1757 1931 possunt

372 1944 506 2002 accipi
518 1942 574 1986 ad
587 1941 773 1985 litteram
787 1962 797 1999 3
812 1940 1028 2001 numquid
1041 1951 1083 1985 et
1099 1942 1183 1985 hoc
1198 1941 1317 2002 quod
1331 1941 1496 1986 dictum
1515 1952 1577 1986 est
1599 1962 1608 1987 z
1631 1942 1755 1997 «Illic

373 2034 393 2056 »
429 2028 616 2073 passeres
639 2011 951 2067 nidificabunt,
980 2012 1125 2056 fulicae
1147 2013 1303 2056 domus
1325 2012 1415 2056 dux
1438 2022 1502 2056 est
1524 2015 1706 2057 eorum?
1731 2032 1750 2054 »

369 2083 595 2145 Numquid
613 2084 768 2127 domus
792 2083 935 2127 fulicae
953 2085 1041 2128 dux
1059 2094 1121 2128 est
1138 2099 1356 2143 passerum
1374 2086 1391 2127 Ρ
1412 2093 1486 2128 aut
1508 2084 1663 2129 domus
1680 2085 1755 2129 fu-

366 2156 462 2200 lieae
480 2190 490 2206 ,
516 2156 605 2198 dux
627 2164 690 2197 est
713 2154 975 2198 cedrorum?
999 2159 1054 2199 Et
1076 2156 1158 2199 hoc
1186 2155 1300 2198 enim
1324 2155 1385 2198 ibi
1408 2164 1487 2209 est⁷
1519 2175 1537 2197 «
1563 2159 1619 2200 Et
1637 2156 1754 2200 cedri

370 2244 391 2267 »
427 2225 603 2279 Libani⁷
630 2240 736 2284 quas
761 2223 992 2283 plantavit,
1018 2226 1105 2270 illic
1127 2242 1313 2286 passeres
1335 2225 1650 2279 nidificabunt,
1680 2225 1754 2270 fu-

370 2316 391 2339 »
408 2296 521 2351 ›licae
552 2295 708 2341 domus
739 2294 827 2339 dux
853 2306 915 2340 est
937 2312 1102 2341 eorum.
1130 2316 1149 2338 »
1175 2300 1230 2341 Et
1260 2296 1438 2357 quidem
1471 2297 1604 2340 latina
1626 2297 1753 2341 locu-

369 2369 487 2412 tione
502 2402 512 2420 ,
532 2382 683 2410 eorum
703 2365 930 2410 cedrorum
947 2403 957 2421 ,
983 2384 1069 2412 non
1093 2383 1319 2427 possumus
1342 2366 1581 2426 intelligere
1599 2389 1610 2426 3
1635 2368 1752 2412 cedri

371 2438 485 2481 enim
515 2436 684 2480 soemini
714 2437 878 2495 generis
916 2448 1030 2482 sunt.
1070 2438 1231 2483 Fulicae
1255 2440 1402 2498 itaque
1436 2437 1612 2494 domus,
1638 2455 1751 2499 quo-

422 2528 429 2543 ¹
452 2520 528 2570 Bsal.
549 2532 613 2561 (ῑιιῐ,
634 2521 728 2562 6-17.
