1848 3261
382 218 465 256 182
812 228 845 254 s.
880 225 1110 255 Aucusnm
1141 227 1321 255 13121500121

384 311 405 334 »
440 292 560 335 ribus
583 291 754 336 bonis1.
792 308 813 332 »
846 294 884 335 A
907 291 1062 350 spiritu
1093 291 1185 351 ejus
1213 291 1458 351 accepimus
1491 290 1687 350 gratiam,
1716 299 1766 335 ut

379 361 558 423 justitiae
590 361 812 406 vivamus:
851 361 954 420 quia
982 362 1072 420 ipse
1103 371 1166 404 est
1197 362 1273 421 qui
1297 362 1507 421 justificat
1537 361 1760 420 impium2.

390 451 411 474 (ι
443 430 626 476 Auferes
641 431 840 491 spiritum
861 446 1028 486 eorum,
1053 440 1096 474 et
1117 430 1319 475 deficient
1344 451 1353 476 2
1378 431 1547 475 emittes
1565 431 1763 489 spiritum

388 519 410 544 »
445 511 588 556 tuum,
615 512 659 546 et
679 501 942 545 creabuntur
969 520 979 545 z
1003 510 1046 545 et
1069 501 1297 545 innovabis
1318 500 1473 545 faciem
1489 511 1643 546 terrae:
1671 519 1691 542 »
1717 500 1762 544 id

381 581 460 628 est,
491 573 613 616 novis
643 570 921 625 hominibus,
958 571 1269 615 confitentibus
1299 586 1342 615 se
1364 570 1619 631 justificatos
1647 586 1759 626 esse,

381 658 473 687 non
493 658 515 685 a
539 657 582 685 se
604 642 759 701 justos,
784 649 834 684 ut
853 640 986 697 gratia
1004 641 1079 684 Dei
1102 641 1156 684 sit
1176 642 1220 684 in
1236 640 1333 684 illis.
1356 640 1467 684 Vide
1487 639 1637 700 quales
1658 640 1759 696 sint,

379 713 538 773 quibus
555 711 760 755 innovata
781 719 846 754 est
862 708 990 754 facies
1014 719 1153 753 terrae.
1180 710 1340 755 Paulus
1361 709 1480 766 dicit,
1502 730 1521 752 «
1548 710 1650 754 Plus
1667 726 1762 754 om-

383 800 404 823 »
438 782 567 825 nibus
588 780 671 824 illis
702 779 942 823 laboravi.»
967 779 1081 832 Quid
1103 789 1182 835 est,
1211 780 1369 825 Paule?
1390 780 1620 825 Attendite
1636 781 1671 824 si
1693 790 1758 834 tu,

377 853 412 896 si
432 853 606 911 spiritus
625 862 740 896 tuus.
761 869 780 892 ι(
795 853 892 895 Non
909 865 1005 909 ego,
1019 851 1176 910 inquit,
1193 851 1267 894 sed
1286 851 1421 909 gratia
1433 852 1510 895 Dei
1520 852 1758 894 mecum3.»

436 925 533 967 XV.
560 922 674 975 Quid
693 923 823 979 crgo?
840 921 948 975 Quia
969 936 1070 965 cum
1093 920 1319 966 abstulerit
1331 922 1533 981 spiritum
1546 930 1760 976 nostrum,

377 995 423 1038 in
444 993 670 1053 pulverem
702 1002 897 1037 nostrum
931 1001 1250 1046 convertemur,
1275 992 1440 1036 utiliter
1460 992 1678 1036 intuentes
1695 994 1765 1036 in-

378 1064 628 1108 firmitatem
655 1073 846 1108 nostram
863 1098 874 1118 ,
905 1072 955 1106 ut
986 1072 1164 1121 accepto
1199 1063 1351 1121 spiritu
1379 1063 1472 1122 ejus
1498 1077 1758 1106 recreemur.

378 1133 490 1178 Vide
510 1133 619 1194 quid
645 1134 841 1193 sequitur
863 1152 872 1178 :
901 1152 921 1174 «
944 1133 1006 1177 Sit
1025 1131 1159 1191 gloria
1181 1133 1353 1176 Domini
1374 1132 1418 1176 in
1447 1141 1660 1176 aeternum
1673 1133 1704 1176 4.
1737 1151 1758 1174 »

375 1207 474 1250 Non
503 1214 601 1259 tua,
626 1220 717 1249 non
750 1219 861 1259 mea,
897 1219 986 1247 non
1014 1203 1145 1258 illius,
1171 1214 1245 1247 aut
1274 1203 1411 1260 illius,
1437 1203 1570 1261 gloria
1589 1203 1764 1247 Domini

377 1274 448 1328 sit,
473 1290 563 1318 non
580 1273 635 1317 ad
653 1283 840 1331 tempus,
856 1274 931 1315 sed
944 1274 990 1315 in
1007 1282 1237 1326 aeternum,
1260 1292 1279 1313 «
1302 1273 1541 1315 Laetabitur
1553 1273 1764 1316 Dominus

382 1364 399 1385 »
436 1345 482 1387 in
516 1343 721 1402 operibus
755 1343 855 1385 suis.
889 1360 908 1382 »
946 1344 1044 1386 Non
1083 1343 1129 1385 in
1167 1342 1268 1397 tuis,
1304 1343 1426 1402 quasi
1455 1343 1539 1385 tuis
1567 1362 1576 1386 ;
1601 1343 1704 1402 quia
1721 1353 1765 1388 et

379 1430 508 1474 opera
529 1424 606 1458 tua
637 1414 671 1457 si
700 1413 829 1467 mala,
861 1428 938 1471 per
964 1413 1238 1472 iniquitatem
1271 1423 1420 1470 tuam3
1454 1414 1489 1456 si
1525 1414 1656 1469 bona,
1686 1430 1764 1473 per

377 1485 559 1544 gratiam
581 1484 674 1528 Dei.
705 1483 982 1527 «Laetabitur
996 1483 1206 1527 Dominus
1227 1483 1272 1526 in
1294 1484 1497 1542 operibus
1519 1484 1620 1530 suis.

433 1557 555 1600 XVI.
586 1574 606 1596 «
630 1553 715 1607 Qui
746 1554 896 1612 aspicit
928 1562 1101 1607 terram,
1139 1562 1181 1597 et
1203 1552 1307 1598 facit
1331 1570 1427 1598 eam
1450 1563 1661 1612 tremere,
1686 1555 1763 1615 qui

377 1644 398 1668 »
433 1625 572 1683 tangit
589 1633 773 1677 montes,
795 1633 838 1667 et
858 1622 1179 1682 fumigabunff.
1209 1644 1228 1665 »
1250 1626 1286 1668 Ο
1311 1634 1440 1680 terra,
1467 1625 1691 1670 exultabas
1707 1626 1762 1670 de

374 1698 571 1741 bonitate
595 1705 683 1749 tua,
705 1695 786 1739 tibi
810 1694 1030 1738 tribuebas
1044 1696 1154 1739 vires
1168 1695 1404 1755 opulentiae
1422 1705 1511 1740 tuae
1532 1716 1540 1740 ε
1563 1712 1662 1740 ecce
1677 1712 1761 1740 res·

373 1767 479 1827 picit
501 1765 726 1819 Dominus,
759 1774 802 1807 et
824 1762 927 1808 facit
948 1774 990 1808 te
1018 1774 1218 1808 tremere.
1243 1767 1460 1824 Respiciat
1482 1776 1541 1821 te,
1567 1776 1610 1810 et
1632 1765 1761 1811 faciat

372 1848 416 1882 te
436 1847 642 1882 tremere:
659 1835 810 1879 melior
830 1845 894 1879 est
909 1836 1024 1879 enim
1038 1845 1200 1880 tremor
1216 1837 1490 1891 humilitatis,
1506 1853 1636 1898 quam
1651 1853 1759 1882 con-

373 1907 554 1952 fidentia
575 1906 804 1965 superbiae.
830 1905 981 1949 Videte
1003 1906 1226 1966 quomodo
1244 1907 1420 1966 aspiciat
1441 1911 1556 1951 Deus
1580 1917 1755 1962 terram,

374 1987 417 2021 et
440 1976 571 2021 faciat
593 1992 686 2019 eam
719 1985 914 2019 tremere.
940 1975 1009 2019 Ad
1034 1986 1190 2020 terram
1211 1977 1332 2036 quasi
1354 1977 1653 2036 praefidentem
1676 1978 1759 2021 sibi

309 2051 314 2053 ’
372 2058 416 2093 et
439 2046 706 2091 exultantem
729 2045 924 2106 loquitur
948 2045 1181 2105 Apostolus
1212 2066 1220 2091 :
1252 2066 1271 2088 «
1297 2049 1410 2091 Cum
1433 2047 1588 2092 timore
1606 2055 1649 2090 et
1666 2057 1756 2091 tre-

374 2137 394 2161 »
430 2134 550 2163 more
570 2127 757 2161 vestram
779 2117 972 2176 ipsorum
989 2117 1173 2161 salutem
1191 2117 1447 2176 operamini.
1465 2120 1578 2162 Cum
1600 2118 1756 2162 timore

374 2208 393 2231 »
430 2199 473 2234 et
500 2199 686 2233 tremore
721 2208 729 2232 :
766 2191 880 2232 Deus
913 2189 1028 2231 enim
1054 2197 1117 2232 est
1142 2189 1217 2248 qui
1240 2197 1442 2247 operatur
1464 2189 1508 2231 in
1534 2189 1701 2233 vobisss.
1732 2207 1753 2231 η

368 2259 497 2315 Dicis,
523 2276 549 2304 o
567 2259 714 2303 Paule.
745 2277 766 2300 «
791 2258 1068 2317 Operamini,
1091 2259 1233 2302 »dicis
1250 2268 1299 2302 ut
1321 2274 1554 2318 operemur
1573 2278 1582 2303 ;
1599 2274 1752 2319 quare,

373 2350 395 2373 «
428 2332 543 2376 Cum
565 2330 776 2374 tremore?
799 2334 908 2372 Deus
939 2329 1053 2373 enim
1075 2344 1163 2384 est,
1187 2329 1332 2390 inquit
1348 2364 1359 2384 ,
1385 2329 1462 2389 qui
1480 2338 1682 2389 operatur
1709 2329 1754 2374 in

418 2444 428 2460 ¹
452 2439 568 2481 Ephes.
596 2450 645 2479 11,
670 2449 720 2470 10.
743 2454 784 2460 —
801 2444 813 2459 ²
833 2439 924 2469 Rom.
944 2447 996 2479 lv,
1017 2436 1047 2468 5.
1068 2453 1110 2460 —-
1131 2435 1144 2460 3
1166 2448 1179 2469 1
1199 2438 1273 2469 Cor.
1289 2447 1343 2478 xv,
1363 2447 1413 2469 10.
1433 2453 1475 2458 —
1489 2434 1505 2465 4
1528 2435 1607 2468 Psal.
1627 2446 1675 2477 111,
1697 2436 1751 2468 31.

373 2510 415 2517 -·
436 2491 451 2516 5
471 2494 553 2527 Ibid.
575 2493 628 2527 32.
648 2491 718 2527 —-,⁶
740 2492 853 2535 Philip.
872 2503 907 2534 u,
932 2501 984 2532 12,
1006 2492 1058 2524 13.
