1848 3261
230 226 473 259 EMRRA'no
505 229 551 258 m
582 226 785 260 ιἐΑιΜυΜ
815 230 981 268 cxvm,
1014 227 1154 261 smum
1184 232 1302 262 xxm.
1368 223 1454 265 529

76 311 98 336 »
131 294 301 340 vivifica
322 296 432 339 me¹.
461 313 481 336 >›
507 294 630 339 Prius
653 295 768 339 enim
802 297 917 338 Deus
951 296 1191 342 secundum
1215 299 1457 346 misericor-

73 363 188 408 diam
214 364 356 409 aufert
378 380 401 408 a
425 365 725 424 peccatoribus
747 379 948 424 poenam,
981 365 1129 426 cisque
1158 377 1304 426 postea
1331 370 1456 429 justis

73 434 315 479 secundum
330 434 546 494 judicium
562 435 684 478 dabit
703 434 838 478 vitam
859 453 869 480 ε
893 435 995 494 quia
1013 451 1102 480 non
1118 435 1278 482 frustra
1292 438 1355 482 illi
1374 440 1458 485 hoc

73 503 226 548 ordine
250 503 434 550 dicitur:
456 524 477 547 «
501 502 840 550 Misericordiam
863 514 906 549 et
917 505 1134 565 judicium
1156 508 1340 552 cantabo
1362 510 1455 565 tibi,

75 594 95 617 »
130 575 341 619 Domine²
357 595 366 620 ε
382 576 612 636 »quamvis
632 584 674 619 et
691 575 832 635 ipsum
852 584 1024 636 tempus
1042 577 1347 622 misericordiae
1368 595 1460 625 non

73 654 136 690 est
163 645 254 689 sine
275 645 467 706 judicio3
490 645 546 690 de
578 661 667 706 quo
695 645 801 690 dicit
828 645 1061 706 Apostolus
1083 666 1093 692 ε
1121 666 1141 689 «
1168 648 1211 692 Si
1234 648 1350 693 enim
1382 665 1461 695 nos

75 734 96 759 >›
131 717 246 777 ipsos
268 716 587 778 judicaremus,
622 733 646 761 a
671 717 858 762 Domino
884 733 973 762 non
1000 718 1326 778 judicaremur:
1360 736 1462 766 cum

74 805 96 830 »
125 788 377 849 judicamur
394 798 556 844 autem,
572 805 595 833 a
613 789 800 833 Domino
818 789 1091 848 corripimur,
1108 806 1163 834 ne
1179 806 1279 835 cum
1294 791 1461 838 mundo

74 875 96 901 »
130 859 391 903 damnemur
407 861 439 903 3.
468 878 488 901 »
512 861 569 904 Et
591 860 680 919 ejus
701 858 1024 920 co-apostoluS‚
1053 879 1074 902 «
1096 863 1283 921 Tempus
1304 871 1382 917 est,
1399 863 1463 907 in-

74 946 96 971 »
129 929 242 990 quit,
259 938 309 973 ut
325 928 541 990 judicium
563 930 743 989 incipiat
760 946 783 974 a
805 929 937 975 domo
955 931 1128 975 Domini
1146 950 1155 976 :
1175 941 1218 976 et
1234 932 1267 976 si
1290 933 1464 977 initium

75 1015 96 1040 »
131 1013 155 1042 a
176 998 326 1054 nobis,
360 999 500 1060 qualis
537 999 635 1044 finis
664 1000 744 1044 erit
776 1000 835 1044 eis
867 1001 944 1060 qui
975 1016 1066 1045 non
1088 1000 1273 1046 credunt
1296 1003 1464 1047 Domini

75 1085 97 1110 »
131 1068 430 1127 Evangelio4?
454 1088 474 1112 »
494 1073 551 1114 Et
573 1069 779 1114 ultimum
797 1079 969 1130 tempus
987 1071 1142 1132 judicii
1163 1087 1253 1116 non
1275 1073 1356 1116 erit
1372 1073 1463 1116 sine

71 1140 362 1185 misericordia
381 1176 392 1197 ‚
422 1160 442 1183 «
464 1141 575 1194 Quia
594 1151 774 1186 coronat
795 1150 836 1185 te
856 1176 866 1196 ‚
888 1143 946 1185 ait
968 1142 1163 1186 Psalmus
1181 1176 1192 1197 ,
1216 1143 1261 1186 in
1282 1143 1463 1187 misera-

74 1228 96 1253 »
131 1211 249 1256 tione
272 1220 315 1255 et
346 1211 639 1256 misericordia
656 1214 687 1255 ⁵.
712 1230 732 1253 »
755 1214 781 1256 J
785 1212 978 1256 udicium
1013 1221 1159 1256 autem
1181 1213 1272 1257 sine
1295 1215 1463 1259 miseri-

71 1280 219 1326 cordia
235 1316 247 1337 ,
277 1281 354 1326 sed
374 1281 554 1326 sinistris
574 1282 651 1342 qui
672 1297 762 1326 non
777 1280 976 1327 fecerunt
998 1283 1379 1328 misericordiamss.

130 1354 230 1396 VII.
262 1371 282 1395 «
312 1353 815 1413 Appropinquaverunt,
846 1353 1018 1414 inquit,
1053 1365 1361 1414 persequentes
1392 1371 1461 1401 me

75 1442 94 1466 »
130 1423 386 1484 iniquitate⁷
413 1442 422 1468 t
446 1442 467 1465 n
486 1423 571 1478 vel,
592 1425 705 1468 sicut
725 1423 928 1468 nonnulli
950 1424 1121 1468 codices
1140 1425 1321 1481 habent,
1341 1444 1361 1468 «
1379 1426 1465 1470 Ini-

71 1510 93 1535 »
128 1509 230 1553 que.
260 1512 280 1534 »
308 1496 432 1537 Tunc
454 1493 809 1552 appropinquant
829 1493 906 1553 qui
928 1503 1268 1554 persequuntur‚
1285 1495 1462 1555 quando

67 1579 209 1624 usque
222 1562 277 1607 ad
291 1578 467 1607 carnem
484 1561 762 1607 cruciandam
781 1562 1168 1624 perimendamque
1181 1566 1459 1624 perveniunt.

69 1634 195 1679 Unde
218 1633 414 1678 Psalmus
434 1632 857 1692 vigesimus-primus
874 1666 885 1688 ,
905 1633 983 1676 ubi
1006 1633 1146 1693 passio
1162 1635 1338 1679 Domini
1360 1651 1464 1696 pro-

68 1705 247 1765 phetata
269 1713 359 1760 est,
388 1723 410 1747 «
444 1706 508 1750 Ne
530 1703 723 1748 discedas
739 1738 750 1759 ,
776 1703 941 1763 inquit,
967 1719 992 1748 a
1018 1719 1088 1748 me
1108 1739 1120 1760 ‚
1145 1706 1353 1766 quoniam
1382 1707 1463 1752 tri-

72 1794 95 1819 »
129 1775 298 1821 bulatio
318 1775 512 1836 proxima
537 1776 630 1819 est8
649 1793 701 1819 21»
729 1790 831 1818 cum
853 1790 902 1818 ea
925 1775 1142 1830 dicantur,
1159 1793 1258 1836 quac
1277 1792 1366 1821 non
1384 1779 1462 1823 im-

69 1848 286 1902 minente,
328 1846 403 1890 sed
419 1848 510 1906 jam
545 1854 757 1905 praesente
779 1845 868 1905 ipsa
892 1845 1088 1905 passione
1119 1862 1345 1907 perpessus
1378 1857 1457 1894 est.

72 1918 157 1965 Sed
177 1918 417 1978 proximam
435 1915 545 1960 dixit
567 1915 919 1971 tribulationem,
945 1933 1044 1976 quse
1066 1917 1200 1962 fiebat
1222 1919 1266 1962 in
1290 1935 1418 1964 carne·
1445 1939 1454 1965 ε

69 1989 179 2033 nihil
202 1996 266 2032 est
287 1987 450 2048 quippe
480 1986 635 2030 animae
658 1985 836 2045 propius
865 2001 996 2030 carne
1021 1987 1154 2047 quam
1177 1997 1329 2046 gestat.
1358 1992 1461 2035 Pro-

68 2060 395 2120 pinquaverunt
416 2072 520 2115 ergo
541 2065 852 2116 persequentes
869 2091 880 2111 ‚
920 2057 1155 2116 affligendo
1191 2073 1341 2103 corum
1364 2076 1459 2105 car-

70 2144 193 2185 nem,
219 2143 328 2189 quos
350 2126 739 2187 persequebantur.
774 2124 858 2171 Sed
886 2126 1063 2171 attende
1085 2127 1203 2187 quod
1228 2129 1424 2189 sequitur
1445 2149 1455 2176 ι

76 2220 96 2244 α
130 2204 168 2246 Α
189 2200 283 2258 lege
301 2209 448 2244 autem
470 2208 545 2243 tua
566 2197 697 2257 longe
720 2197 822 2242 facti
844 2207 990 2242 sunt.»
1005 2201 1179 2251 Quanto
1202 2200 1335 2258 magis
1357 2217 1460 2260 pro-

70 2271 396 2331 pinquaverunt
415 2268 724 2330 persequendis
739 2268 884 2329 justiS,
910 2277 1033 2313 tanto
1055 2269 1186 2327 magis
1203 2269 1333 2329 longe
1355 2270 1458 2318 facti

73 2351 175 2387 sunt
196 2358 219 2386 a
242 2341 424 2403 justitia.
467 2341 552 2386 Sed
579 2338 688 2401 quid
717 2348 962 2384 nocuerunt
984 2339 1042 2384 eis
1060 2374 1071 2396 ‚
1112 2340 1272 2400 quibus
1309 2357 1457 2402 perse—

122 2455 130 2471 ¹
148 2448 230 2480 Psai.
246 2458 350 2488 cxviii,
370 2446 491 2490 149-
509 2454 522 2470 ²
537 2447 584 2480 Id.
604 2458 633 2488 c,
652 2456 728 2479 1.-
748 2444 762 2469 3
779 2457 792 2478 1
812 2447 885 2479 Cor.
905 2457 950 2487 xi,
969 2445 1006 2478 31
1025 2445 1141 2487 ‚32.-
1156 2445 1173 2476 4
1195 2457 1206 2479 1
1228 2448 1313 2480 Petr.
1333 2460 1379 2493 xv,
1402 2462 1455 2495 17.Δ

75 2520 117 2527 -—
131 2502 245 2537 ⁵1>sa1.
263 2513 315 2544 cn,
335 2502 414 2544 4.-
432 2501 448 2526 6
463 2501 576 2536 Jacob.
592 2511 627 2544 n,
649 2501 701 2535 13.
719 2517 759 2524 --
773 2507 787 2535 7
807 2499 889 2534 Psal.
908 2510 1016 2543 cum,
1045 2500 1116 2533 150.
1135 2517 1177 2524 —-
1196 2499 1274 2535 ⁸1d.
1295 2513 1360 2540 xxi,
1380 2515 1431 2540 12.

262 2579 416 2609 cxvui.
1247 2569 1295 2609 3273
