1848 3261
368 219 452 259 536
588 261 595 267 ,
801 229 834 256 s.
870 226 1102 256 Auens-rim
1134 227 1316 256 Emscom

360 295 584 341 hominem
599 301 923 355 persecutorem
943 307 1091 339 meum
1111 326 1122 348 ,
1143 301 1187 337 et
1202 293 1286 338 vici
1304 292 1531 340 diabolum
1553 293 1750 338 seducto·

362 382 455 414 rem
473 381 636 411 meum.

421 441 481 484 II.
518 437 716 498 Denique
748 435 944 497 sequitur
978 454 988 482 ε
1016 454 1036 478 «
1059 435 1278 481 Exultabo
1314 451 1395 496 ego
1429 450 1558 496 super
1579 434 1752 496 eloquia

364 526 387 552 »
422 515 527 565 tua,
566 508 677 552 sieut
706 506 783 566 qui
818 505 984 550 invenit
1016 506 1152 566 spolia
1181 505 1365 551 multa1.
1393 524 1414 548 »
1440 510 1523 551 Per
1550 521 1601 550 ea
1621 505 1752 551 verba

362 579 492 634 vicit,
517 595 541 623 a
562 578 724 638 quibus
747 575 1013 621 formidavit.
1036 577 1170 622 Victis
1205 577 1322 621 enim
1355 575 1490 637 spolia
1509 575 1753 621 detrahun-

364 659 437 695 tur
462 668 472 695 :
496 649 609 693 sicut
633 647 772 692 victus
804 656 848 691 et
878 645 1085 706 spoliatus
1114 656 1176 691 est
1211 647 1285 691 ille
1304 683 1315 701 ,
1342 648 1397 691 de
1420 663 1509 708 quo
1531 646 1688 691 dieitur
1707 645 1754 690 in

362 719 601 779 Evangelio
627 737 637 764 :
666 737 686 761 «
712 720 851 764 Nemo
870 718 1006 762 intrat
1026 718 1070 761 in
1089 717 1269 762 domum
1292 716 1436 774 sortis,
1468 727 1518 761 ut
1538 733 1635 762 vasa
1663 717 1755 777 ejus

365 809 388 834 »
424 790 599 850 diripiat
619 825 630 845 ,
665 789 745 833 nisi
782 790 901 850 prius
930 789 1170 848 alligaverit
1208 788 1407 834 fortem2.
1435 807 1456 831 »
1500 788 1584 834 Sed
1620 787 1755 848 spolia

366 862 504 908 multa
525 862 701 906 inventa
720 871 821 905 sunt
836 896 847 917 ,
872 860 1051 922 quando
1072 861 1323 921 patientiam
1346 861 1489 905 mirati
1511 863 1757 918 Martyrum

367 934 496 980 etiam
521 934 597 994 qui
627 933 843 994 persecuti
864 942 967 977 sunt
988 931 1290 988 crediderunt,
1316 941 1359 977 et
1380 933 1458 993 qui
1487 946 1632 990 regem
1653 945 1757 976 nos-

365 1014 484 1050 trum
510 1003 774 1049 detrimento
804 1002 996 1047 militum
1027 1003 1119 1063 ejus
1151 1012 1252 1047 sunt
1275 1001 1555 1047 damnificare
1584 1001 1755 1057 moliti,

367 1076 422 1121 ab
439 1075 516 1121 illo
539 1085 641 1120 sunt
661 1076 838 1136 insuper
859 1074 1072 1134 acquisiti.
1100 1074 1305 1135 Quisquis
1327 1089 1430 1133 ergo
1452 1090 1476 1118 a
1496 1073 1640 1118 verbis
1661 1072 1756 1128 Dei,

366 1163 423 1192 ne
460 1149 506 1192 in
537 1147 774 1191 certamine
799 1146 1000 1192 vincatur
1029 1143 1259 1202 formidat,
1295 1160 1425 1206 super
1453 1145 1605 1190 eadem
1628 1143 1760 1190 verba

365 1218 506 1263 victor
531 1216 713 1261 exultat.

425 1291 509 1334 HI.
527 1290 638 1334 Nam
660 1303 715 1332 ne
736 1296 990 1348 putaremus
1013 1302 1063 1331 ex
1080 1287 1154 1332 illa
1177 1286 1411 1332 formidine
1433 1286 1584 1332 odium
1606 1285 1762 1331 verbo-

367 1375 467 1405 rum
488 1359 565 1403 Dei
584 1358 778 1419 potuisse
800 1358 1050 1418 subrepere,
1068 1358 1265 1419 quamvis
1283 1358 1372 1419 jam
1395 1356 1547 1402 dixerit
1567 1376 1574 1402 :
1595 1375 1615 1399 «
1630 1356 1763 1401 Exul-

373 1451 392 1473 »
427 1429 516 1474 tavi
539 1444 670 1489 super
691 1427 864 1488 eloquia
886 1438 961 1472 tua
983 1449 994 1486 3
1023 1446 1043 1469 »
1070 1427 1192 1488 quod
1214 1427 1368 1487 utique
1389 1443 1479 1472 non
1513 1426 1702 1482 diceret,
1728 1427 1763 1471 si

370 1500 531 1546 odisset
548 1515 597 1543 ea
618 1533 629 1554 ,
655 1507 803 1542 tamen
824 1498 969 1542 adhuc
1001 1497 1193 1553 addidit,
1221 1507 1263 1542 et
1285 1498 1391 1543 dicit
1414 1517 1422 1543 :
1453 1517 1473 1541 «
1498 1497 1763 1558 Injustitiam

371 1590 392 1615 »
428 1570 529 1616 odio
546 1569 699 1624 habui,
720 1578 764 1613 et
785 1569 1062 1613 abominatus
1080 1584 1203 1627 sum,
1225 1569 1367 1628 legem
1388 1578 1535 1613 autem
1558 1578 1678 1613 tuam
1697 1567 1764 1612 di-

371 1660 393 1684 »
428 1641 556 1686 lexi3.
585 1658 605 1681 »
632 1642 800 1699 Nempe
825 1655 848 1684 a
868 1639 1011 1683 verbis
1033 1640 1124 1699 ejus
1144 1638 1218 1683 illa
1241 1638 1431 1684 formido
1453 1654 1543 1684 non
1565 1637 1669 1683 feeit
1689 1654 1765 1683 eo-

369 1711 573 1757 rumdem
594 1710 832 1756 verborum
854 1709 1030 1765 odium,
1066 1708 1141 1753 sed
1169 1710 1382 1769 integram
1414 1711 1552 1754 tenuit
1573 1710 1764 1755 eharita-

369 1794 474 1830 tem.
498 1785 652 1843 Neque
676 1781 793 1825 enim
815 1780 884 1825 lex
907 1781 985 1825 Dei
1008 1795 1098 1825 non
1120 1789 1222 1825 sunt
1245 1780 1376 1825 verba
1407 1789 1450 1825 et
1471 1780 1643 1841 eloquia
1666 1781 1760 1825 Dei.

371 1854 495 1900 Absit
516 1868 620 1912 ergo
641 1861 691 1896 ut
723 1851 878 1895 timore
911 1859 1060 1911 pereat
1086 1866 1208 1894 amor
1223 1886 1234 1907 ,
1259 1851 1337 1894 ubi
1360 1860 1501 1896 castus
1524 1861 1587 1896 est
1614 1851 1760 1896 timor.

374 1925 442 1972 Sic
463 1934 606 1985 patres
628 1939 652 1968 a
681 1922 778 1967 filiis
799 1922 879 1983 piis
903 1931 946 1967 et
967 1922 1178 1966 timentur
1197 1931 1240 1966 et
1260 1931 1463 1967 amantur
1487 1942 1496 1968 :
1523 1923 1582 1968 sic
1604 1923 1764 1983 pudica

372 1997 534 2057 conjux
565 1995 709 2039 virum
731 2003 774 2038 et
810 1994 959 2049 timet,
983 2009 1038 2038 ne
1062 1993 1116 2038 ab
1140 1993 1216 2039 illo
1238 1993 1460 2039 deseratur
1475 2030 1487 2050 ,
1512 2003 1554 2039 et
1577 2004 1693 2040 amat
1715 2004 1766 2040 ut

372 2067 560 2114 fruatur.
595 2065 637 2111 Si
665 2080 768 2124 ergo
791 2074 834 2109 et
855 2074 978 2124 pater
998 2065 1156 2120 homo,
1182 2073 1225 2110 et
1253 2067 1413 2125 conjux
1445 2066 1578 2111 homo
1598 2101 1609 2122 ,
1635 2075 1678 2110 et
1704 2066 1765 2111 ti-

371 2139 480 2184 meri
502 2147 546 2183 et
569 2137 703 2182 amari
734 2137 866 2181 debet
891 2156 899 2182 :
924 2136 1065 2182 multo
1086 2137 1222 2196 magis
1247 2156 1268 2179 «
1293 2141 1420 2182 Pater
1440 2147 1587 2182 noster
1614 2138 1691 2199 qui
1718 2139 1764 2183 in

374 2229 394 2251 »
430 2208 552 2254 coelis
574 2208 662 2253 est⁴
679 2243 691 2263 ,
716 2216 759 2252 et
780 2206 853 2251 ille
875 2223 1080 2267 sponsus,
1107 2223 1197 2252 non
1219 2223 1347 2252 carne
1368 2224 1459 2268 prae
1492 2208 1588 2253 filiis
1617 2208 1764 2253 homi-

372 2295 480 2325 num
498 2315 508 2336 ,
530 2279 605 2324 sed
626 2278 788 2323 virtute
810 2277 1026 2323 formosus
1042 2281 1072 2322 ⁵.
1100 2282 1137 2323 Α
1160 2279 1319 2339 quibus
1337 2280 1452 2323 enim
1476 2279 1673 2338 diligitur
1694 2279 1765 2325 lex

371 2351 475 2407 Dei,
501 2351 582 2394 nisi
609 2366 632 2394 a
656 2348 816 2410 quibus
841 2348 1033 2409 diligitur
1055 2351 1200 2395 Deus?
1232 2352 1289 2394 Et
1325 2349 1434 2411 quid
1469 2350 1604 2395 habet
1637 2350 1764 2395 bonis

419 2466 427 2482 ¹
451 2458 531 2491 Psal.
551 2469 657 2499 cxviii,
681 2458 805 2490 162—-
825 2465 838 2481 ²
856 2457 968 2490 Matth.
990 2469 1048 2501 xn,
1066 2466 1108 2501 ἲς)
1127 2475 1165 2481 -
1188 2456 1201 2481 3
1219 2456 1299 2490 Psal.
1319 2468 1430 2501 cxvm,
1457 2457 1578 2491 163.-
1599 2456 1612 2488 4
1636 2457 1761 2492 Matth.

371 2526 418 2557 vr,
433 2525 466 2557 9.
487 2532 529 2538 --
543 2511 557 2537 5
577 2513 657 2547 Psal.
681 2523 767 2556 niv,
781 2513 810 2545 3.
