1848 3261
373 220 456 260 486
795 230 829 259 S.
866 231 1097 260 AUGUSTINI
1130 234 1312 260 EPISCOPI

383 315 403 338 >›
440 306 527 340 tem
567 311 666 356 quae
701 311 791 340 non
822 312 871 339 ex
906 296 992 340 fide
1024 306 1087 340 est
1115 316 1124 340 ε
1166 297 1297 341 Israel
1330 305 1476 341 autem
1501 312 1764 357 persequens

375 386 397 409 »
432 367 571 425 legem
590 367 767 426 justitiae
781 402 792 421 ,
812 368 856 410 in
879 366 1016 425 legem
1036 368 1214 427 justitiae
1235 383 1325 412 non
1346 369 1556 427 pervenit.
1583 370 1756 422 Quare?

367 455 388 479 »
425 437 535 490 Quia
565 453 654 480 non
688 453 739 481 ex
763 435 873 485 fide„
905 437 980 481 sed
1001 439 1123 497 quasi
1146 453 1197 481 ex
1218 439 1444 497 operibUS,
1471 438 1754 483 offenderunt

365 526 386 549 »
424 507 470 551 in
490 506 680 566 lapidem
702 506 952 550 offensionis
967 510 997 551 1.
1028 526 1048 549 »
1076 512 1142 552 Ita
1163 508 1268 553 facti
1289 517 1392 553 sunt
1412 508 1576 553 inimici
1592 509 1721 569 hujus
1737 543 1748 565 ,

365 578 443 639 qui
464 578 532 621 hic
550 578 597 620 in
621 577 849 636 prophetia
866 575 1080 637 loquitur.

424 651 484 692 ΙΙ.
509 650 571 691 Ac
594 646 752 690 deinde
771 647 998 707 conjungit
1019 667 1028 692 2
1053 667 1073 689 «
1092 650 1230 708 Super
1251 649 1448 693 inimicos
1465 664 1584 693 meos
1605 664 1752 708 sapere

364 737 385 760 »
421 717 562 762 fecisti.
580 733 650 761 me
671 716 928 760 mandatum
952 727 1093 773 tuum,
1115 719 1323 778 quoniam
1340 719 1387 762 in
1410 728 1623 763 aeternum
1645 719 1753 763 mihi

363 807 384 831 >›
420 790 528 833 est2.
558 806 577 829 »
605 787 674 832 Illi
695 803 885 848 namque
904 788 1046 832 zelum
1070 789 1248 849 quidem
1267 790 1343 834 Dei
1365 791 1546 846 habent,
1571 789 1646 834 sed
1662 805 1751 834 non

362 858 604 904 secundum
637 859 876 903 scientiam.
912 862 1166 917 Ignorantes
1200 860 1316 904 enim
1340 861 1418 905 Dei
1446 861 1688 921 justitiam,
1711 870 1754 904 et

360 947 482 975 suam
510 939 754 990 quaerentes
785 930 1050 975 constituere
1065 967 1076 986 ,
1107 931 1288 991 justitiae
1316 932 1394 976 Dei
1415 947 1506 976 non
1528 941 1629 976 sunt
1646 931 1751 976 sub-

353 1002 502 1063 jecti³.
516 1005 602 1045 Iste
625 1016 727 1045 vero
745 1001 821 1061 qui
839 1016 968 1060 super
987 1001 1090 1046 istos
1111 1001 1310 1046 inimicos
1331 1018 1430 1047 suos
1452 1003 1562 1062 sapit
1576 1003 1754 1046 manda-

363 1082 458 1117 tum
480 1073 573 1127 Dei,
591 1073 773 1116 inveniri
791 1073 1002 1117 vulteum
1018 1072 1225 1133 Apostolo
1247 1088 1336 1117 non
1359 1073 1524 1117 habens
1541 1073 1751 1133 Justitiam

362 1161 510 1200 suam,
532 1160 631 1204 quae
653 1143 817 1203 exlege
839 1153 903 1188 est
923 1179 933 1199 ‚
959 1143 1035 1188 sed
1061 1145 1275 1204 justitiam
1298 1160 1375 1204 per
1398 1144 1530 1188 fidem
1557 1144 1718 1189 Christi
1739 1179 1749 1199 ‚

360 1231 460 1276 quae
477 1224 541 1275 est
562 1230 615 1258 ex
636 1216 754 1259 Deo4
774 1235 782 1259 :
808 1231 898 1259 non
920 1216 1022 1275 quia
1043 1215 1114 1259 lex
1135 1231 1268 1275 quam
1285 1215 1439 1274 legunt
1462 1215 1626 1259 inimici
1643 1216 1749 1275 ejus,

360 1303 452 1332 non
473 1296 535 1331 est
563 1302 616 1330 ex
637 1289 754 1344 Dc03
775 1286 851 1330 sed
872 1287 975 1346 quia
997 1303 1093 1330 eam
1113 1303 1203 1331 non
1227 1288 1423 1346 sapiunt,
1451 1286 1563 1330 sicut
1580 1287 1660 1330 iste
1677 1287 1754 1346 qui

360 1366 490 1417 super
511 1350 708 1401 inimicos
730 1373 829 1401 suos
852 1373 947 1401 eam
969 1357 1095 1416 sapit,
1118 1357 1380 1401 cohaerendo
1402 1356 1534 1416 lapidi
1556 1357 1600 1400 in
1623 1372 1754 1416 quem

359 1429 424 1474 illi
446 1428 774 1474 ostenderuntf’.
797 1448 817 1470 «
843 1429 962 1472 Finis
988 1428 1103 1472 enim
1126 1428 1232 1487 legis
1254 1428 1451 1473 Christus
1474 1429 1528 1472 ad
1540 1429 1755 1488 justitiam

363 1518 384 1542 »
420 1500 540 1544 omni
569 1497 792 1543 credenti⁶
815 1534 826 1553 ‚
854 1517 874 1540 »
911 1507 961 1542 ut
987 1499 1284 1558 justificentur
1317 1499 1446 1556 gratis
1473 1513 1550 1558 per
1572 1498 1754 1558 gratiam

359 1571 522 1631 ipsius⁷
549 1590 557 1615 :
595 1586 685 1614 non
707 1571 819 1614 sicut
850 1569 914 1613 illi
948 1570 1026 1629 qui
1059 1571 1223 1615 viribus
1260 1570 1346 1613 suis
1373 1585 1417 1613 se
1439 1569 1581 1629 legem
1613 1569 1754 1614 facere

363 1643 638 1696 existimant,
675 1650 719 1685 et
738 1642 837 1685 ideo
869 1656 922 1684 ex
943 1640 1036 1698 lege
1061 1642 1242 1700 quidem
1265 1641 1364 1695 Dei,
1392 1640 1468 1684 sed
1489 1657 1608 1685 suam
1623 1641 1754 1701 justi-

362 1714 466 1758 tiam
490 1713 755 1757 constituere
773 1721 1006 1772 quaernnt3
1031 1711 1107 1755 sed
1129 1713 1351 1771 quomodo
1372 1711 1485 1755 filius
1502 1712 1753 1771 promissio-

363 1784 452 1838 nis,
483 1784 559 1844 qui
587 1783 777 1826 esuriens
808 1791 851 1825 et
873 1781 1018 1825 sitiens
1050 1784 1175 1824 eam8
1193 1816 1204 1835 ‚
1236 1781 1427 1840 petendo
1447 1817 1458 1837 ‚
1485 1781 1750 1842 quaerendo,

359 1852 576 1914 pulsando
595 1851 787 1913 quodam
810 1850 942 1896 modo
966 1868 989 1895 a
1007 1855 1133 1895 Patre
1150 1850 1372 1895 mendicat
1386 1854 1401 1877 9
1419 1887 1430 1906 ,
1450 1864 1501 1896 ut
1523 1851 1754 1912 adoptatus

359 1940 437 1985 per
452 1924 734 1983 Unigenitum
752 1923 948 1981 accipiat.
964 1922 1031 1967 Sic
1049 1931 1196 1966 autem
1214 1922 1469 1966 mandatum
1485 1923 1558 1966 Dei
1574 1922 1752 1983 quando

362 1996 571 2055 sapuisset
586 2029 596 2048 ‚
623 1986 710 2037 nisi
721 2009 821 2037 eum
839 1993 927 2052 ipse
947 1993 1005 2037 sic
1028 2008 1176 2052 sapere
1192 1992 1360 2037 fecisset
1381 1993 1452 2037 cui
1473 1992 1599 2038 dicit:
1628 2013 1648 2036 «
1671 1996 1753 2038 Su-

363 2084 384 2107 »
420 2080 498 2124 per
518 2064 716 2108 inimicos
732 2079 849 2108 meos
867 2078 1014 2123 sapere
1030 2062 1170 2107 fecisti
1189 2078 1259 2106 me
1278 2062 1535 2107 mandatum
1552 2073 1679 2107 tuum
1693 2065 1710 2105 ‘?
1726 2082 1746 2105 »

362 2136 531 2180 Inimici
554 2136 717 2196 quippe
737 2136 828 2194 ejus
846 2134 930 2189 illi,
957 2134 1078 2178 velut
1102 2149 1153 2177 ex
1175 2137 1308 2191 Agar,
1334 2134 1379 2177 in
1398 2135 1649 2178 servitutem
1674 2149 1749 2192 ge-

364 2207 502 2251 nerati
519 2209 552 2232 10
573 2242 583 2261 ,
601 2222 652 2250 ex
680 2205 834 2250 eodem
858 2205 1062 2249 mandato
1087 2203 1340 2264 temporalia
1364 2205 1541 2264 praemia
1563 2205 1750 2265 quaesie-

363 2286 497 2321 runt:
538 2285 580 2320 et
611 2275 711 2321 ideo
743 2291 832 2320 non
856 2274 939 2319 fuit
958 2275 1042 2319 illis
1063 2275 1109 2318 in
1139 2284 1376 2330 aeternum,
1403 2276 1513 2319 sicut
1545 2285 1608 2319 est
1629 2276 1746 2320 huic.

361 2346 517 2392 Melius
532 2348 694 2408 quippe
711 2345 1018 2390 intellexerunt
1036 2346 1112 2406 qui
1128 2346 1397 2405 interpretati
1414 2355 1516 2390 sunt
1529 2365 1549 2387 «
1561 2349 1612 2389 In
1630 2355 1748 2389 aeter-

415 2468 423 2483 ¹
445 2463 536 2493 Rom.
563 2472 608 2500 lx,
627 2460 743 2492 30-32.
766 2477 808 2482 -—-
827 2466 838 2481 ²
864 2459 943 2491 Psal.
964 2470 1073 2499 cxvm,
1091 2461 1146 2502 98.
1168 2476 1208 2481 —
1232 2457 1246 2481 ³
1264 2461 1354 2491 Rom.
1375 2470 1408 2501 x,
1432 2468 1464 2500 2,
1487 2460 1516 2491 3.
1538 2476 1580 2481 —
1597 2457 1612 2487 4
1631 2459 1745 2501 Philip.

363 2528 410 2558 ιιι,
425 2529 457 2558 ς).
476 2535 517 2539 -
532 2516 545 2539 5
564 2520 654 2549 Rom.
678 2528 722 2557 lx,
743 2517 797 2548 32.
824 2533 864 2538 —
879 2514 893 2538 6
915 2517 960 2547 Id.
983 2527 1015 2558 x,
1037 2515 1068 2557 4.
1090 2533 1131 2538 —-
1151 2523 1164 2549 7
1179 2516 1225 2548 Id.
1246 2527 1298 2556 111,
1318 2515 1371 2557 24.
1394 2533 1434 2538 -
1454 2514 1468 2538 8
1486 2515 1597 2548 Matth.
1614 2527 1648 2556 v,
1669 2518 1747 2548 6,-

368 2580 382 2604 9
409 2574 452 2605 Id.
475 2585 532 2615 vu,
552 2585 581 2615 7.
602 2591 644 2596 —
667 2580 696 2597 ¹0
711 2572 814 2606 Galat.
835 2585 882 2614 1v,
903 2572 956 2613 24.
