1848 3261
0 335 3 352 Ι

241 225 482 255 ENARRAno
513 227 556 254 xv
586 227 631 254 IN
663 224 866 255 PsALMUM
897 226 996 263 0111,
1031 222 1170 254 semro
1203 227 1263 254 1v.
1360 215 1443 253 173

64 293 319 352 adjutricem
342 307 484 348 suam,
516 308 606 336 non
635 292 779 336 mariti
805 289 1148 345 consolatricem,
1186 289 1263 334 sed
1299 291 1445 350 potius

0 385 2 414 5
63 363 366 420 tentatricem3
399 362 514 422 cepit
537 362 668 406 etiam
692 361 828 421 ipsam
856 376 947 405 non
974 360 1280 404 observantem
1314 369 1446 420 caput

0 445 2 482 3
64 434 169 493 ejus.
200 433 358 477 Adhuc
380 433 496 477 enim
518 432 591 477 illa
614 436 704 477 Eva
726 441 817 476 erat
843 451 853 477 :
884 433 958 476 sed
978 433 1069 491 jam
1094 430 1167 474 ille
1191 430 1332 475 Adam
1355 447 1446 476 non

63 512 168 547 erat.
209 502 378 547 Ablatis
416 503 635 558 omnibus,
673 502 878 546 remansit
921 501 1004 546 Job
1048 516 1149 546 cum
1182 516 1330 554 uxore,
1369 516 1446 560 per

63 588 193 634 quam
217 582 486 631 tentaretur3
511 582 553 617 et
569 588 670 617 cum
691 576 798 628 Deo,
824 589 847 617 a
864 588 951 632 quo
973 581 1208 631 regeretur.
1237 570 1354 624 Quid
1370 569 1446 614 illo

61 643 293 703 pauperius
314 644 458 688 subito
477 642 659 699 factum,
685 644 716 688 si
733 643 913 687 domum
936 644 1027 703 ejus
1048 642 1319 687 consideres?
1333 639 1447 694 Quid

62 713 138 758 illo
156 713 302 769 ditius,
334 713 368 757 si
390 729 464 758 cor
485 715 576 774 ejus
598 714 785 773 cogites?
803 713 912 758 Vide
928 722 1230 772 paupertatem
1252 711 1407 757 domus
1434 730 1444 756 :

63 784 206 828 ablata
226 792 329 827 sunt
349 784 508 838 omnia,
546 783 656 827 Vide
678 783 848 829 divitias
877 782 1018 828 cordis
1046 802 1054 827 :
1092 802 1111 825 «
1137 782 1345 827 Dominus
1367 782 1447 825 de-

65 871 86 895 »
121 852 200 908 dit,
232 853 439 897 Dominus
468 852 674 910 abstulit3
709 853 821 897 sicut
843 853 1029 897 Domino
1061 853 1242 912 placuit,
1274 852 1333 896 ita
1355 851 1448 896 fac-

64 941 86 965 »
120 933 216 967 tum
235 931 298 966 est
321 942 329 967 :
359 923 412 967 sit
433 938 593 967 nomen
617 923 791 967 Domini
808 923 1105 968 benedictum.
1135 924 1343 968 Dominus
1367 924 1447 966 dc—

64 1012 86 1035 »
121 993 211 1049 dit,
244 994 452 1038 Dominus
480 993 679 1038 abstulit¹
707 1014 716 1039 ι
746 1003 966 1039 »noverat
995 1003 1206 1038 rectorem
1235 1008 1384 1047 suum,
1405 1001 1449 1036 et

64 1073 323 1108 tentatorem
365 1080 514 1120 suum,
553 1065 853 1124 permissorem
885 1065 1110 1109 tentatoris
1147 1064 1213 1108 sui
1250 1073 1444 1108 noverat.

63 1135 180 1180 Nihil
199 1135 296 1190 sibi,
325 1135 481 1195 inquit,
502 1135 700 1179 diabolus
716 1135 903 1194 tribuat3
928 1135 1200 1180 voluntatem
1216 1135 1350 1179 habet
1366 1150 1449 1179 no-

63 1205 215 1261 cendi,
246 1214 503 1265 potestatem
540 1215 685 1249 autem
715 1206 797 1250 nisi
833 1206 1074 1265 acciperet,
1115 1222 1205 1250 non
1234 1205 1446 1249 haberet:

63 1285 278 1335 quantum
307 1276 473 1335 accepit
494 1275 568 1319 ille
590 1276 835 1335 potestatis,
862 1285 1034 1319 tantum
1056 1291 1135 1333 ego
1157 1277 1297 1335 patior
1325 1294 1333 1319 :
1360 1291 1451 1319 non

64 1362 166 1405 ergo
205 1347 260 1390 ab
293 1346 369 1390 illo
403 1346 560 1406 patior,
600 1345 675 1390 sed
703 1347 758 1390 ab
788 1362 838 1390 eo
875 1347 952 1406 qui
992 1355 1251 1405 potestatem
1289 1345 1410 1390 dedit
1438 1365 1446 1390 :

64 1426 369 1462 contemnatur
383 1417 584 1476 superbia
604 1415 830 1460 tentatoris
845 1416 947 1471 mei⁷
969 1416 1264 1460 sustineantur
1281 1415 1451 1474 flagella

63 1489 196 1549 patris
223 1489 322 1532 mei.
352 1487 568 1547 Repulsus
589 1496 652 1532 est
684 1497 898 1542 tentator,
929 1487 1206 1531 observatum
1231 1497 1295 1531 est
1318 1496 1451 1546 caput

64 1560 171 1619 ejus,
196 1567 423 1618 penetrare
443 1573 531 1602 non
552 1557 696 1617 potuit
722 1557 768 1600 in
789 1573 877 1601 cor.
904 1560 1121 1602 Muratam
1143 1558 1362 1601 civitatem
1379 1556 1450 1601 so-

65 1629 255 1673 rinsecus
276 1628 559 1688 oppugnavit,
591 1626 666 1672 sed
696 1643 785 1671 non
816 1628 1098 1687 expugnavit.
1145 1628 1334 1672 Accessit
1368 1627 1451 1672 alia

64 1700 261 1755 tentatio,
284 1699 515 1759 permissus
529 1708 592 1743 est
613 1698 669 1742 ad
686 1714 841 1758 corpus
855 1700 963 1758 ejus,
984 1699 1199 1758 percussit
1221 1698 1340 1757 gravi
1356 1698 1452 1743 vul-

65 1787 168 1816 nere
191 1787 214 1815 a
236 1770 375 1830 capite
398 1786 537 1831 usque
561 1770 615 1814 ad
646 1769 792 1829 pedes,
833 1770 1166 1814 contabescebat
1198 1770 1447 1829 putredine,

65 1842 257 1887 scatebat
277 1842 512 1896 vermibus,
546 1841 697 1885 amissa
730 1840 861 1884 domo
885 1839 1061 1885 sedebat
1090 1841 1136 1884 in
1159 1850 1359 1884 stercore.
1383 1841 1451 1884 Ibi

65 1916 157 1957 Eva
178 1912 412 1972 captivata,
439 1928 463 1956 a
483 1910 659 1955 diabolo
681 1926 770 1955 non
794 1910 849 1955 ad
876 1910 1143 1971 adjutorium
1169 1911 1323 1955 marito
1345 1926 1451 1970 sup-

65 1984 218 2043 posita,
245 1982 320 2027 sed
345 1982 402 2028 ad
428 1982 623 2043 lapsum,
663 1982 852 2040 suggerit
886 1992 937 2027 ut
958 1982 1285 2042 blasphemetur
1318 1986 1447 2026 Deus.

67 2054 211 2098 Primo
234 2053 501 2112 suggessitin
519 2052 715 2112 paradiso
737 2061 788 2096 ut
802 2061 1154 2097 contemneretur
1172 2056 1301 2108 Deus,
1319 2051 1452 2097 modo

65 2133 116 2168 ut
154 2123 461 2183 blaphemetur
497 2126 626 2168 Deus.
674 2122 822 2167 Valuit
854 2132 960 2167 tunc
996 2123 1041 2168 in
1074 2123 1311 2182 integrum,
1333 2139 1452 2167 nunc

66 2194 205 2240 victus
227 2203 291 2239 est
313 2210 336 2238 a
361 2194 480 2254 putri
512 2212 521 2238 ε
552 2193 598 2237 in
619 2192 817 2253 paradiso
846 2193 1017 2253 dejecit,
1048 2193 1094 2238 in
1116 2203 1302 2238 stercore
1324 2209 1452 2253 supe-

66 2274 184 2310 ratus
202 2274 279 2309 est.
303 2264 572 2309 Attendebat
594 2274 739 2308 autem
771 2263 843 2308 ille
874 2263 1005 2308 draco
1026 2273 1175 2309 utrum
1198 2264 1282 2309 Job
1304 2263 1453 2321 lingua

67 2335 303 2381 laberetur.
329 2335 478 2379 Omnis
495 2335 610 2379 enim
627 2335 759 2379 homo
770 2334 814 2378 in
828 2343 928 2378 actu
944 2350 1022 2379 suo
1040 2335 1170 2394 pedes
1188 2335 1321 2379 habet
1339 2334 1384 2378 in
1401 2349 1453 2379 eo

69 2406 190 2467 quod
213 2407 324 2465 agit,
352 2406 398 2450 in
421 2422 508 2467 quo
530 2416 747 2461 movetur,
772 2405 832 2449 ibi
850 2416 1057 2467 tanquam
1092 2405 1301 2450 ambulat.
1328 2405 1453 2449 Dice-

70 2475 240 2522 batille
257 2476 417 2535 multa,
438 2486 602 2539 quanta
624 2475 739 2522 enim
769 2475 875 2521 dixit
896 2476 996 2534 Job,
1026 2476 1102 2537 qui
1126 2475 1294 2535 legunt,
1323 2490 1454 2521 nove-

119 2570 127 2587 ¹
155 2564 228 2596 Job.
245 2574 268 2604 1,
287 2572 340 2596 21.
