1848 3261
394 188 478 230 452
806 196 839 223 s.
875 193 1103 223 Auousrrm
1134 195 1316 223 Emscom

396 285 416 307 »
453 263 671 322 gloriam1.
707 279 726 302 >›
757 261 823 305 Sic
845 262 960 305 enim
983 261 1168 321 quisque
1190 276 1280 304 non
1312 261 1357 304 in
1390 276 1465 305 sua
1485 295 1496 316 ,
1521 259 1595 305 sed
1630 259 1675 303 in
1695 258 1774 303 Dei

392 335 524 394 gloria
542 368 553 388 ,
578 333 704 393 (quia
726 347 804 376 nee
826 332 871 375 in
895 348 986 387 sua,
1013 331 1151 376 sedin
1172 331 1443 391 Deijustitia,
1463 332 1507 376 id
1529 340 1612 386 est,
1638 346 1661 374 a
1685 333 1773 373 Deo

389 405 471 450 sibi
489 403 647 447 donata
665 404 708 460 ‚)
730 401 918 446 custodit
939 401 1079 459 legem
1102 401 1178 445 Dei
1201 420 1210 446 ;
1231 401 1340 445 sieut
1357 402 1435 445 iste
1457 402 1514 445 ait
1532 421 1540 445 :
1564 421 1583 443 «
1608 403 1775 445 Memor

391 494 412 518 »
448 474 513 520 fui
534 473 580 516 in
601 481 728 516 nocte
749 470 936 515 nominis
966 471 1052 526 tui,
1092 470 1294 526 Domine,
1328 480 1371 514 et
1393 471 1605 515 custodivi
1631 470 1774 528 legem

390 564 411 589 »
447 554 583 589 tuam.
613 560 633 583 »
656 544 797 594 Quam
826 555 914 584 non
937 541 1211 595 custodisset,
1238 541 1271 584 si
1294 541 1338 585 in
1360 557 1436 585 sua
1457 541 1616 585 virtute
1637 540 1774 584 eonfi-

386 616 514 669 dens,
538 611 726 657 nominis
745 611 821 654 Dei
840 625 1006 654 memor
1027 627 1115 655 non
1139 610 1304 656 fuisset.
1321 631 1340 653 «
1357 611 1636 672 Adjutorium
1657 609 1772 654 enim

388 705 409 728 »
444 694 641 729 nostrum
664 681 709 725 in
730 681 907 724 nomine
927 680 1142 725 Domini‘2.
1170 699 1191 722 »

442 758 566 800 VIII.
593 757 778 812 Propter
799 751 920 812 quod
943 761 1116 796 secutus
1145 751 1346 811 adjunxit
1367 770 1376 797 :
1403 771 1423 794 «
1449 755 1554 797 Haec
1576 751 1690 796 facta
1710 759 1775 795 est

385 846 407 871 >›
442 825 566 880 mihi,
587 823 795 884 quoniam
812 822 999 882 justitias
1021 832 1120 866 tuas
1137 822 1344 882 exquisivi
1359 820 1389 866 ³.
1409 826 1433 867 J
1438 822 1602 867 ustitias
1620 822 1774 882 utique

385 918 407 941 >›
443 906 560 951 tuas,
577 913 597 936 ))
626 894 786 954 quibus
806 892 1017 953 justificas
1034 892 1218 952 impium
1240 913 1251 950 3
1277 908 1367 937 non
1387 908 1519 948 meas,
1543 909 1642 953 quae
1665 908 1774 936 nun-

383 983 517 1030 quam
538 981 608 1011 me
631 966 754 1025 pium
774 963 957 1018 faciunt,
976 964 1052 1007 sed
1068 965 1320 1023 superbum.
1333 966 1430 1008 Non
1445 964 1562 1008 enim
1585 973 1677 1007 erat
1695 964 1774 1008 iste

383 1040 538 1100 aliquis
566 1051 716 1080 eorum
735 1070 745 1090 ‚
782 1035 859 1094 qui
886 1053 906 1076 «
936 1037 1190 1092 Ignorantes
1212 1035 1287 1079 Dei
1306 1035 1519 1094 justitiam
1539 1069 1550 1089 ,
1588 1044 1631 1079 et
1651 1049 1775 1079 suam

383 1133 404 1156 »
439 1109 634 1155 volentes
656 1107 919 1151 constituere
934 1141 944 1159 ‚
961 1106 1140 1165 justitiae
1163 1106 1236 1150 Dei
1258 1122 1348 1150 non
1369 1116 1471 1150 sunt
1491 1106 1676 1166 subjecti
1693 1107 1724 1149 4.
1749 1124 1770 1147 »

383 1188 471 1230 Has
493 1196 596 1239 ergo
617 1178 803 1238 justitias
820 1212 830 1232 ‚
857 1177 1016 1237 quibus
1029 1177 1325 1237 justificantur
1345 1177 1473 1235 gratis
1495 1193 1572 1236 per
1595 1177 1775 1234 gratiam

382 1254 486 1307 Dei,
520 1250 595 1311 qui
614 1264 690 1308 per
713 1263 756 1291 se
778 1248 891 1306 ipsos
910 1247 1016 1306 justi
1042 1262 1131 1290 esse
1169 1262 1258 1291 non
1292 1256 1494 1306 possunt,
1526 1246 1679 1293 melius
1702 1246 1775 1291 alii

381 1319 655 1382 interpretati
682 1327 782 1362 sunt
810 1336 828 1359 «
858 1316 1193 1360 Justifieatioues
1217 1335 1225 1360 :
1250 1335 1269 1357 ))
1297 1317 1398 1376 quia
1420 1332 1567 1361 revera
1590 1333 1680 1361 non
1716 1321 1774 1357 δι-

383 1404 558 1435 καιωοῡνας
576 1425 587 1444 ,
615 1388 661 1432 id
692 1396 755 1431 est
774 1422 785 1442 ‚
823 1406 842 1428 «
873 1386 1093 1443 Justitias3
1128 1385 1202 1429 sed
1224 1393 1402 1439 διιιώματκ
1425 1402 1588 1445 graecus
1612 1388 1771 1444 habet,

383 1478 482 1524 quae
505 1469 645 1504 sunt«
669 1461 691 1502 J
698 1457 1019 1501 ustificationes.
1040 1475 1059 1496 n
1079 1455 1162 1500 Sed
1186 1456 1293 1516 quid
1319 1456 1398 1500 sibi
1421 1456 1516 1501 vult
1538 1459 1657 1518 quod
1680 1459 1739 1502 ait
1760 1477 1771 1505 ι

387 1553 409 1576 ι(
440 1535 543 1576 Haec
578 1529 688 1574 faeta
715 1538 778 1572 est
800 1528 937 1571 mihi?
964 1530 1067 1571 Haec
1094 1545 1114 1567 »
1148 1526 1286 1587 quid?
1307 1530 1375 1570 An
1393 1526 1505 1572 forte
1527 1531 1647 1573 Lex?
1666 1530 1774 1582 Quia

383 1604 550 1647 dixerat
572 1621 580 1646 ;
607 1619 627 1642 ι(
648 1602 704 1643 Εῖ
726 1597 939 1642 custodivi
961 1597 1100 1654 legem
1123 1606 1244 1640 tuam
1263 1616 1271 1641 :
1294 1616 1312 1637 »
1334 1598 1492 1657 quibus
1509 1599 1650 1643 verbis
1673 1601 1774 1644 sub-

378 1674 528 1736 junxit
551 1691 560 1716 2
591 1674 727 1715 «Haec.
757 1669 871 1713 facta
902 1677 965 1711 est
988 1667 1094 1710 mihi
1111 1686 1119 1711 2
1139 1686 1157 1708 ι)
1180 1677 1389 1727 tanquam
1411 1668 1572 1714 diceret
1598 1690 1606 1715 ε
1632 1690 1652 1713 «
1669 1674 1773 1718 Haec

386 1764 408 1787 >›
442 1744 512 1788 lex
535 1741 647 1786 facta
670 1749 734 1783 est
756 1738 927 1782 mihiP»
944 1736 1028 1781 Sed
1050 1752 1138 1780 non
1162 1747 1225 1781 est
1249 1739 1553 1783 remorandum
1574 1741 1619 1784 in
1641 1757 1773 1802 expo-

383 1813 533 1862 nendo
548 1848 559 1867 ,
586 1808 810 1871 quomodo
831 1808 885 1851 sit
916 1807 954 1849 ei
976 1805 1090 1849 facta
1116 1805 1184 1849 lex
1208 1808 1297 1850 Dei.
1336 1809 1485 1853 Graeca
1508 1810 1623 1854 enim
1644 1811 1773 1856 locu-

383 1887 445 1931 tio
480 1884 599 1928 unde
636 1880 716 1924 ista
745 1877 951 1922 translata
981 1885 1045 1920 est
1070 1910 1080 1930 ‚
1116 1876 1216 1919 satis
1259 1877 1421 1922 indicat
1454 1895 1543 1923 non
1583 1879 1638 1924 de
1678 1881 1772 1940 lege

385 1956 554 2000 dictum
575 1966 664 1995 esse
684 1985 694 2005 ‚
726 1968 746 1990 «
774 1951 877 1992 Haec
899 1946 1013 1991 sacta
1033 1955 1092 1990 est
1116 1947 1222 1990 mihi
1249 1966 1257 1991 :
1286 1966 1305 1988 »
1333 1949 1433 2007 quia
1462 1949 1531 1993 lex
1553 1950 1598 1994 in
1620 1951 1773 1997 eadem

388 2027 539 2083 lingua
577 2020 744 2081 generis
782 2017 1009 2062 masculini
1043 2026 1128 2072 est,
1165 2026 1208 2061 et
1243 2016 1472 2064 foeminino
1494 2036 1572 2079 pro
1597 2023 1773 2068 nomine

389 2096 521 2140 etiam
544 2092 606 2136 ibi
628 2090 834 2149 scriptum
859 2097 943 2142 est,
969 2107 988 2129 «
1013 2090 1116 2131 Haec
1140 2086 1251 2131 tacta
1275 2097 1338 2131 est
1359 2090 1478 2134 mihi.
1507 2109 1527 2132 »
1553 2093 1773 2145 Quaeritur

385 2182 491 2227 ergo
507 2164 625 2225 prius
647 2176 746 2222 quae
768 2159 829 2204 illi
852 2158 965 2202 faeta
988 2158 1057 2213 sit,
1075 2157 1231 2201 deinde
1243 2160 1465 2218 quomodo
1487 2160 1550 2205 illi
1571 2163 1683 2208 saeta
1700 2166 1768 2221 sit,

385 2247 677 2299 quaecumque
693 2230 767 2274 illa
790 2229 857 2273 sit.
889 2248 908 2271 «
930 2231 1032 2273 Haec
1048 2263 1059 2282 ‚
1082 2228 1246 2287 inquit,
1272 2228 1385 2274 facta
1411 2241 1473 2275 est
1494 2232 1599 2276 mihi
1617 2253 1625 2278 :
1643 2253 1660 2275 »
1680 2251 1771 2280 non

385 2309 539 2368 utique
559 2339 571 2361 ‚
598 2306 701 2348 Haee
717 2300 787 2344 lex
806 2335 816 2355 ‚
842 2298 942 2359 quia
965 2300 1083 2342 hunc
1105 2313 1276 2342 sensum
1293 2334 1303 2352 ‚
1328 2300 1440 2345 sicut
1458 2301 1572 2359 dixi,
1607 2320 1770 2363 graeeus

383 2378 576 2439 expellit.
605 2377 736 2419 Forte
764 2387 887 2430 ergo,
922 2372 1026 2414 Haec
1064 2385 1178 2414 nox:
1207 2370 1308 2430 quia
1340 2380 1430 2416 tota
1452 2375 1646 2434 superior
1668 2391 1769 2421 sen-

382 2450 519 2497 tentia
541 2449 599 2494 sie
633 2462 677 2491 se
698 2443 831 2490 habet
857 2461 865 2487 :
895 2461 914 2484 ‹<
938 2445 1104 2487 Memor
1136 2441 1200 2486 fui
1230 2442 1277 2485 in
1314 2453 1440 2488 nocte
1461 2446 1646 2491 nominis
1670 2449 1733 2492 tui
1750 2484 1765 2504 ,

430 2531 774 2573 1Psa1.cxu1seeun1i,
792 2541 866 2562 1.-
885 2528 958 2560 21d.
979 2538 1086 2568 cxxm,
1106 2525 1185 2559 8.-
1208 2524 1220 2550 3
1238 2527 1285 2561 n.
1301 2540 1414 2570 cxvui,
1427 2529 1528 2563 56.-
1545 2529 1560 2556 4
1579 2534 1670 2566 Rom.
1683 2543 1714 2575 x,
1731 2533 1766 2571 ἰὴ
