1848 3261
392 236 477 276 444
822 245 856 278 s.
892 247 1122 279 Aucusnm
1152 250 1334 280 zmscorr

392 314 472 358 ista
495 328 585 358 non
602 322 735 369 esset,
760 313 834 358 sed
856 331 879 359 a
902 317 1172 375 superiorum
1190 317 1457 362 connexione
1479 316 1616 362 libera
1635 316 1772 362 infer-

392 393 513 428 retur
533 393 577 428 et
597 384 737 429 soluta
758 386 992 440 sententia,
1024 405 1044 428 «
1085 385 1379 431 Ambulabam
1400 387 1446 431 in
1467 387 1722 445 latitudine3
1747 405 1769 430 »

391 453 502 497 nihil
524 454 577 498 de
607 454 778 498 inusato
799 453 1010 514 loquendi
1040 456 1171 500 modo
1193 456 1264 501 hic
1286 455 1464 501 deberet
1486 472 1658 501 movere
1684 457 1775 502 lec-

390 533 529 568 torem
547 560 557 579 ,
582 534 633 568 ut
654 523 851 569 occultus
868 539 1015 570 sensus
1040 525 1303 586 quaerendus
1322 526 1393 571 hic
1421 525 1574 586 aliquis
1596 536 1774 587 putare-

391 603 478 638 tur.
504 594 717 638 Nimirum
740 609 842 653 ergo
864 595 984 654 quod
1002 611 1091 640 non
1104 596 1209 640 dixit
1238 595 1418 654 intelligi
1439 596 1578 641 voluit
1593 632 1604 652 ,
1625 596 1672 641 id
1688 606 1773 653 est,

393 664 646 709 exauditum
679 679 722 708 se
752 664 915 722 fuisse3
946 681 994 710 ac
1023 666 1182 710 deinde
1212 667 1436 727 subjunxit
1457 667 1597 728 qualis
1635 667 1778 713 factus

392 734 526 780 fuerit
552 745 792 796 :tanquam
831 737 1019 791 diceret,
1062 740 1165 782 Haec
1197 754 1299 782 cum
1332 754 1527 795 orarem,
1569 739 1778 784 exaudisti

391 820 461 850 me
479 841 490 861 ‚
521 825 540 848 α
565 809 622 851 Et
640 806 920 852 ambulabam
936 807 982 852 in
996 806 1228 853 latitudine
1252 829 1263 867 3
1291 827 1311 869 γ)
1338 818 1381 854 et
1402 818 1555 854 caetera
1577 825 1676 871 quae
1698 810 1778 855 isto

391 877 524 921 modo
547 876 663 921 dicta
686 877 923 921 contexuit.

451 950 508 992 II.
529 946 645 1000 Quid
667 956 731 991 est
759 947 917 1006 igitur,
946 967 967 991 «
998 950 1055 993 Et
1088 947 1368 994 ambulabam
1394 948 1442 994 in
1471 949 1728 1005 latitudine,
1754 968 1776 992 »

391 1018 471 1063 nisi
494 1017 775 1062 ambula'bam
797 1018 843 1061 in
864 1019 1089 1075 charitate,
1105 1022 1249 1073 «Quae
1264 1019 1422 1064 diffusa
1440 1029 1504 1065 est
1520 1021 1564 1064 in
1578 1020 1782 1065 cordibus

394 1088 584 1132 »nostris
608 1103 684 1147 per
704 1088 911 1147 Spiritum
931 1098 1146 1144 sanctum,
1167 1090 1244 1150 qui
1266 1089 1393 1134 datus
1410 1099 1472 1135 est
1494 1091 1619 1135 nobis
1632 1091 1711 1134 13³»
1730 1093 1783 1135 In

390 1160 474 1204 hac
495 1158 726 1202 latitudine
755 1158 1010 1203 ambulabat
1037 1159 1110 1205 ille
1138 1161 1214 1220 qui
1236 1159 1438 1206 dicebat:
1468 1180 1488 1203 «
1508 1163 1566 1206 Os
1583 1170 1779 1205 nostrum

395 1247 417 1270 »
452 1236 573 1287 patet
590 1227 645 1271 ad
666 1243 758 1281 VOS,
778 1229 1047 1283 oCorinthii,
1065 1245 1140 1273 cor
1161 1239 1359 1274 nostrum
1382 1231 1613 1275 dilatatum
1636 1235 1743 1275 est2.
1758 1249 1780 1273 »

395 1301 499 1343 Haec
527 1307 672 1342 autem
695 1298 877 1341 charitas
895 1297 1068 1343 duobus
1080 1298 1164 1343 illis
1179 1299 1393 1344 mandatis
1410 1310 1500 1345 tota
1523 1310 1653 1360 atque
1675 1301 1786 1345 inte-

395 1385 468 1428 gra
491 1369 761 1423 continetur,
786 1369 1017 1414 dilectione
1046 1369 1205 1414 scilicet
1227 1371 1331 1425 Dei,
1367 1380 1410 1415 et
1431 1371 1662 1417 dilectione
1683 1388 1785 1431 pro-

394 1441 500 1484 ximi
516 1477 526 1495 ,
551 1441 597 1484 in
626 1440 786 1500 quibus
809 1449 899 1485 tota
920 1444 1007 1485 Lex
1027 1440 1192 1501 pendet
1212 1451 1256 1487 et
1286 1444 1564 1502 Prophetae-3.
1592 1443 1718 1488 Unde
1742 1453 1785 1488 et

394 1510 466 1555 hic
489 1526 590 1554 cum
614 1511 816 1565 dixisset,
838 1529 857 1552 «
886 1513 942 1554 Et
965 1510 1245 1555 ambulabam
1267 1511 1312 1556 in
1336 1511 1567 1556 latitudine
1592 1534 1603 1570 3
1632 1532 1652 1554 »
1678 1529 1783 1558 cau-

398 1596 488 1624 sam
511 1580 733 1639 subjunxit
749 1615 760 1633 ,
782 1589 913 1639 atque
930 1580 987 1623 ait
1008 1599 1017 1625 :
1036 1581 1179 1634 «Quia
1193 1581 1396 1626 mandata
1419 1592 1492 1627 tua
1516 1583 1739 1643 exquisivi.
1760 1602 1781 1625 »

396 1649 606 1694 Nonnulli
626 1659 769 1694 autem
784 1649 952 1693 codices
970 1664 1060 1694 non
1075 1651 1129 1694 ha
1137 1651 1240 1695 bent
1258 1671 1277 1693 «
1296 1652 1517 1707 Mandata,
1541 1654 1682 1697 »sed«
1700 1663 1785 1698 tes-

399 1738 420 1762 »
445 1720 624 1764 timonia
643 1738 680 1764 2»
701 1718 777 1763 sed
795 1738 814 1761 «
830 1719 1034 1764 mandata
1049 1737 1070 1760 η
1085 1720 1130 1764 in
1146 1720 1344 1780 pluribus
1358 1722 1618 1777 invenimus,
1640 1732 1683 1767 et
1699 1739 1786 1768 ma-

397 1790 511 1834 xime
534 1789 708 1847 graecis:
734 1789 805 1833 cui
831 1789 993 1847 linguae
1019 1798 1228 1849 tanquam
1262 1792 1550 1849 praecedenti,
1590 1793 1708 1836 unde
1730 1794 1786 1837 ad

397 1879 476 1907 nos
498 1863 577 1906 ista
599 1860 804 1906 translata
821 1870 923 1905 sunt
940 1896 950 1915 ‚
976 1861 1109 1919 magis
1131 1861 1399 1905 credendum
1421 1877 1510 1905 esse
1527 1863 1622 1922 quis
1645 1863 1787 1907 ambi-

400 1935 505 1992 gat?
530 1932 572 1977 Si
596 1948 698 1990 ergo
728 1933 834 1975 scire
860 1931 1058 1975 volumus
1080 1932 1301 1990 quomodo
1319 1932 1412 1975 haec
1434 1932 1638 1976 mandata
1660 1949 1787 1993 quae-

399 2003 517 2047 sierit
540 2038 551 2056 ‚
587 2001 656 2046 vel
694 2000 929 2061 quaerenda
966 2002 1050 2044 sint
1072 2036 1082 2055 ‚
1108 2000 1218 2045 illud
1253 2002 1502 2045 intueamur
1539 2001 1657 2061 quod
1680 2003 1786 2047 dicit

399 2073 602 2132 Magister
616 2072 772 2126 boum,
794 2080 836 2115 et
853 2070 1022 2126 doctor⁷
1043 2080 1086 2114 et
1104 2070 1229 2115 dator
1248 2090 1256 2115 ε
1279 2090 1299 2111 «
1319 2073 1528 2126 Petite,et
1541 2072 1782 2132 accipietis3

402 2162 423 2184 »
458 2143 641 2202 quaerite
658 2177 668 2196 ‚
695 2151 738 2185 et
769 2141 1024 2198 invenietis3
1050 2140 1245 2200 pulsate,
1283 2150 1326 2185 et
1353 2142 1571 2201 aperietur
1593 2141 1730 2187 vobis.
1759 2160 1782 2184 »

397 2217 454 2258 Et
472 2213 602 2273 paulo
620 2222 717 2272 post
740 2232 747 2257 :
773 2232 792 2255 ‹<
816 2213 857 2256 Si
876 2227 976 2270 ergo
993 2227 1083 2265 vos,
1104 2212 1263 2272 inquit,
1281 2227 1380 2256 cum
1399 2213 1487 2256 sitis
1504 2212 1628 2268 mali,
1651 2214 1786 2258 nostis

400 2303 422 2326 »
457 2285 573 2328 bona
595 2283 694 2327 data
717 2284 819 2345 dare
840 2283 935 2326 filiis
958 2282 1129 2339 vestris3
1154 2291 1320 2342 quanto
1337 2283 1473 2341 magis
1496 2286 1623 2327 Pater
1643 2292 1785 2327 vester

401 2373 422 2396 n
457 2355 597 2414 quiin
619 2353 742 2398 coelis
764 2363 827 2397 est
843 2388 853 2407 ,
880 2353 1002 2396 dabit
1024 2352 1139 2397 bona
1162 2352 1410 2411 petentibus
1432 2355 1532 2397 se4‘?
1548 2371 1568 2394 »
1590 2353 1675 2397 Ubi
1693 2354 1784 2398 evi-

397 2426 551 2470 denter
573 2424 760 2469 ostendit
774 2424 893 2485 quod
908 2423 1089 2479 dixerat,
1115 2443 1134 2466 «
1155 2423 1309 2479 Petite,
1325 2424 1524 2484 quaerite,
1540 2424 1710 2484 pulsate
1725 2459 1737 2480 ‚
1757 2443 1782 2467 n

446 2529 455 2546 ¹
489 2526 580 2555 Rom,
599 2534 631 2566 v,
660 2522 691 2556 5.
713 2539 754 2546 -
775 2529 787 2547 ²
815 2531 834 2554 2
851 2525 922 2556 Cor.
951 2533 1002 2564 vt,
1037 2533 1086 2554 11.
1109 2538 1149 2546 -
1170 2520 1183 2547 3
1207 2521 1321 2555 Matth.
1341 2532 1434 2566 xxu,
1459 2520 1513 2565 4ο.
1536 2538 1576 2547 -
1600 2520 1617 2552 4
1640 2521 1687 2556 Id.
1720 2532 1779 2562 vn,

402 2588 419 2619 ς
439 2581 473 2610 et
494 2589 544 2611 ιι.
