1848 3261
399 220 482 262 548
840 231 874 262 s.
910 232 1141 264 mensum
1171 234 1355 264 nmscom

391 302 582 344 Joannes
617 307 864 344 manentem
891 301 936 345 in
967 316 1010 346 se
1052 301 1281 362 loquitur:
1311 320 1329 343 «
1363 303 1415 346 In
1435 301 1647 361 principio
1675 312 1770 347 erat

396 389 416 411 1»
451 368 646 413 Verbum
659 404 670 425 ‚
691 380 734 415 et
754 371 949 415 Verbum
964 381 1055 416 erat
1072 371 1190 432 apud
1202 376 1355 427 Deum⁷
1370 381 1414 416 et
1429 376 1542 416 Deus
1560 381 1650 416 erat
1669 375 1778 417 Ver-

364 459 374 466 ⁴
394 459 416 483 »
453 441 586 499 bum3
609 442 693 486 hoc
710 451 802 485 erat
822 442 866 484 in
889 442 1101 502 principio
1120 443 1236 502 apud
1255 446 1410 487 Deum.
1436 443 1591 487 Omnia
1612 458 1690 503 per
1711 443 1778 503 ip-

393 534 414 558 »
449 530 544 560 sum
566 514 681 560 sacta
702 524 804 558 sunt
823 550 834 570 ‚
857 523 900 558 et
922 515 1012 558 sine
1027 514 1121 575 ipso
1144 515 1309 560 factum
1333 524 1397 559 est
1412 514 1562 559 nihi11.
1588 533 1608 556 »
1630 518 1746 575 Cape
1760 551 1772 572 ‚

390 588 424 632 si
452 596 602 647 potes3
635 586 798 645 arripe,
829 585 951 629 cibus
981 595 1058 630 est.
1096 586 1180 631 Sed
1217 587 1412 631 dicturus
1444 594 1507 629 est
1535 586 1668 641 mihi,
1697 587 1776 631 Ille

388 657 567 719 quidem
597 656 720 701 cibus
763 665 853 711 est⁷
884 656 959 699 sed
987 671 1068 715 ego
1090 655 1232 701 infans
1257 672 1375 711 sum⁷
1400 655 1628 700 lactandus
1649 673 1743 701 sum
1761 693 1772 713 ‚

387 738 439 774 ut
468 727 652 773 idoneus
674 727 767 771 fieri
789 727 950 787 possim
986 726 1042 770 ad
1069 725 1426 771 manducandum
1463 726 1626 771 cibum.
1658 729 1775 788 Ergo

386 799 489 860 quia
511 807 559 844 tu
580 798 691 842 lacte
712 796 972 842 nutriendus
995 812 1038 840 es
1052 833 1062 852 ‚
1086 796 1160 841 ille
1181 806 1327 842 autem
1350 798 1472 842 cibus
1494 808 1580 853 est,
1605 798 1695 858 ipse
1712 800 1776 844 ci-

384 872 468 916 bus
486 885 562 930 per
577 884 752 915 carnem
777 869 855 913 tibi
880 870 1084 930 trajectus
1105 867 1240 914 estad
1252 868 1411 914 fauces.
1427 869 1659 923 Quomodo
1671 886 1774 931 ergo

384 942 534 988 cibum
552 950 688 985 mater
710 938 900 985 comedit
916 975 926 995 ‚
941 948 990 984 ut
1004 955 1082 999 per
1095 955 1268 985 carnem
1289 939 1474 1000 trajiciat
1488 942 1543 984 ad
1562 941 1775 986 infantem

385 1014 453 1059 lac
476 1011 642 1058 factum
663 1031 672 1057 ε
700 1013 758 1056 sic
781 1011 903 1056 cibus
926 1011 1195 1071 Angelorum
1218 1011 1428 1056 Dominus
1451 1011 1641 1055 Verbum
1674 1028 1774 1058 caro

386 1084 552 1131 factum
575 1087 680 1139 est‘2,
705 1093 748 1128 et
779 1084 920 1128 factus
944 1091 1007 1127 est
1028 1082 1108 1127 lac,
1134 1086 1191 1127 Et
1213 1083 1320 1127 dicit
1350 1081 1581 1142 Apostolus
1603 1101 1612 1128 ε
1641 1102 1662 1125 «
1687 1087 1774 1129 Lac

387 1174 422 1218 >r
443 1150 567 1201 vobis
589 1165 743 1216 potum
761 1154 862 1198 dedi
875 1189 885 1206 ,
904 1170 991 1198 non
1011 1169 1150 1198 escam
1164 1188 1174 1208 7
1197 1153 1395 1197 nondum
1415 1153 1531 1197 enim
1548 1155 1768 1213 poteratis,

387 1248 407 1272 »
442 1226 518 1272 sed
539 1242 619 1271 nec
637 1225 780 1270 adhuc
801 1223 979 1285 quidem
1001 1224 1177 1284 potestis
1191 1226 1221 1267 ³.
1247 1243 1266 1264 »
1289 1227 1404 1283 Ergo
1427 1223 1574 1269 dando
1589 1225 1655 1269 lac
1672 1224 1772 1269 des-

384 1298 533 1345 cendit
553 1297 609 1342 ad
631 1296 857 1357 parvulos7
883 1304 926 1339 et
947 1295 1050 1356 quia
1071 1294 1296 1339 descendit
1310 1330 1320 1349 ,
1348 1294 1684 1340 descendentem
1701 1296 1772 1340 de-

384 1370 464 1415 dit.
487 1369 560 1414 Ait
582 1368 697 1412 enim
719 1387 730 1412 :
759 1365 1021 1426 «Numquid
1037 1365 1123 1409 dixi
1146 1380 1215 1409 me
1237 1365 1403 1425 aliquid
1424 1366 1623 1410 intervos
1639 1367 1768 1422 scire,

384 1460 407 1485 »
441 1441 532 1487 Nisi
553 1442 702 1485 Jesum
724 1439 946 1485 Christum
961 1473 971 1493 ‚
1000 1445 1043 1481 et
1075 1438 1195 1481 hunc
1227 1437 1534 1481 crt1cifixum⁴t2
1558 1456 1578 1479 »
1603 1439 1715 1491 Quia
1737 1439 1772 1483 si

384 1512 547 1558 diceret
568 1519 739 1556 tantum
758 1510 783 1554 J
787 1524 906 1553 esum
927 1508 1178 1562 Christum„
1203 1516 1266 1552 est
1291 1511 1413 1552 Jesus
1430 1508 1627 1553 Christus
1638 1509 1771 1555 etiam

381 1582 624 1631 secundum
645 1581 961 1641 {Divinitaten1‚
987 1577 1228 1623 secundum
1252 1577 1296 1622 id
1318 1578 1439 1639 quod
1461 1588 1553 1623 erat
1574 1580 1771 1625 Verbum

380 1655 500 1717 apud
522 1659 661 1700 Deum
679 1688 690 1707 7
713 1651 849 1696 Filius
871 1650 947 1695 Dei
963 1652 1086 1693 Jesus
1108 1649 1305 1693 Christus
1326 1649 1425 1693 :sed
1443 1650 1584 1704 hunc,
1609 1650 1651 1694 id
1678 1660 1742 1695 est
1756 1686 1767 1706 ,

379 1730 466 1776 hoc
488 1726 620 1771 modo
647 1724 812 1768 dictum
830 1757 841 1777 ‚
886 1719 1054 1780 parvuli
1076 1735 1164 1764 non
1198 1721 1391 1779 capiunt.
1416 1721 1649 1773 Quomodo
1667 1736 1770 1782 ergo

381 1800 562 1860 capiunt
584 1795 737 1857 quilac
753 1793 961 1853 capiunt?
983 1794 1129 1835 Jesum
1147 1790 1365 1835 Christum
1379 1825 1389 1845 ⁷
1407 1791 1572 1851 inquit,
1594 1792 1770 1838 ethunc

383 1870 654 1917 crucifixum.
685 1868 798 1925 Suge
820 1862 939 1924 quod
961 1877 1041 1922 pro
1063 1871 1105 1905 te
1127 1860 1265 1905 factus
1287 1870 1351 1905 est
1366 1896 1376 1916 ,
1403 1871 1445 1906 et
1473 1863 1626 1907 crescis
1649 1863 1702 1908 ad
1724 1864 1771 1909 id

381 1939 504 2004 quod
526 1949 602 1984 est.
644 1939 756 1982 Sunt
785 1950 888 1993 ergo
907 1931 1184 1977 ascendentes
1207 1941 1250 1976 et
1273 1931 1598 1977 descendentes.
1622 1933 1768 1979 Iniliis

381 2011 505 2059 scalis
536 2020 579 2055 et
595 2007 874 2054 ascendentes
909 2012 1010 2048 sunt
1040 2012 1082 2047 ct
1106 2002 1432 2046 descendentes.
1468 2002 1767 2049 Ascendentes

381 2083 459 2146 qui
480 2081 605 2126 sunt?
628 2078 712 2133 Qui
736 2076 968 2137 proficiunt
992 2071 1046 2118 ad
1076 2071 1347 2117 intellectum
1369 2073 1641 2132 spiritalium.
1667 2080 1768 2119 Des-

381 2153 616 2200 cendentes
634 2149 857 2211 quisunt?
877 2146 961 2200 Qui
979 2144 1175 2206 quamvis
1190 2178 1200 2198 ,
1218 2154 1433 2204 quantum
1455 2145 1651 2188 homines
1667 2160 1767 2204 pos-

382 2235 485 2272 sunt
496 2260 507 2280 ,
526 2224 730 2268 fruantur
748 2217 1032 2277 intelligentia
1048 2212 1320 2275 spiritalium,
1344 2225 1485 2259 tamen
1497 2215 1768 2262 descendunt

383 2297 439 2342 ad
461 2293 664 2357 parvulos
681 2327 692 2347 ‚
708 2300 759 2335 ut
781 2289 883 2334 talia
900 2289 958 2333 eis
973 2288 1141 2341 dicant,
1162 2285 1306 2347 qualia
1330 2295 1509 2346 possunt
1523 2302 1675 2346 capere
1687 2323 1698 2342 ‚
1723 2297 1767 2333 et

383 2368 494 2413 lacte
512 2364 666 2410 nutriti
686 2361 853 2422 possint
874 2358 1019 2404 idonei
1036 2357 1128 2401 ficri
1147 2366 1188 2400 et
1207 2355 1337 2400 validi
1352 2356 1406 2400 ad
1424 2357 1682 2416 capiendum
1705 2359 1766 2401 ci-

384 2439 492 2483 bum
516 2433 762 2496 spiritalem.
793 2434 943 2484 isaias„
970 2429 1144 2481 fratres,
1169 2429 1294 2471 etiam
1321 2428 1408 2487 ipse
1425 2426 1479 2472 ad
1492 2444 1568 2471 nos
1592 2429 1645 2471 [ie
1664 2428 1763 2472 des-

434 2543 440 2557 1
464 2537 541 2566 503„
577 2545 597 2574 ι,
630 2540 761 2568 1‚2.-
789 2527 885 2559 'Ibhl
926 2526 1026 2567 ῑ4,-
1048 2524 1087 2556 ³!
1110 2526 1166 2555 svs
1199 2535 1253 2555 πυ.
1276 2531 1293 2555 2
1331 2523 1397 2552 *κά
1417 2524 1517 2566 h].1½
1536 2533 1564 2555 2.
1601 2542 1619 2546 κ
1647 2522 1660 2546 5
1681 2527 1761 2559 Gen.

382 2602 494 2633 xzvu½
521 2598 570 2621 12.
