1848 3261
386 206 442 246 90
823 214 858 244 s.
893 215 1125 244 Avensa-nu
1156 216 1338 244 zprscom

387 300 408 323 »
434 281 650 338 foenum¹‚
682 290 726 326 et
745 281 940 326 Verbum
973 295 1071 325 caro
1092 289 1156 325 est
1184 280 1349 326 tactum
1365 284 1398 325 ².
1426 298 1447 322 »
1473 284 1642 335 Quanta
1664 293 1769 341 ergo

383 367 478 412 spes
499 351 625 408 foeni,
651 351 828 412 quando
856 350 1051 395 Verbum
1085 366 1186 395 caro
1217 351 1382 395 factum
1405 353 1496 396 est‘?
1514 350 1632 396 Illud
1649 351 1770 413 quod

383 432 530 468 manet
543 424 589 467 in
605 433 833 478 aeternum,
854 438 943 467 non
965 421 1251 482 dedignatum
1268 434 1327 467 est
1345 423 1561 483 suscipere
1578 422 1766 478 foenum,

383 510 439 538 ne
461 494 516 538 de
537 510 581 538 se
605 494 851 553 desperaret
871 491 1056 537 foenum.

439 568 603 610 XXIV.
640 568 754 623 Ergo
791 563 912 624 quod
944 563 999 608 ad
1028 574 1071 608 te
1095 562 1308 619 attendis,
1334 562 1626 607 humilitatem
1649 572 1769 608 tuam

383 637 550 696 cogita,
586 635 812 696 pulverem
849 645 977 679 tuum
1005 636 1174 694 cogita,
1210 634 1301 679 noli
1324 634 1472 679 extolli
1509 654 1518 679 :
1553 634 1771 695 quidquid

382 707 536 751 melius
579 708 658 751 eris
674 742 684 761 ‚
727 707 860 765 gratia
898 706 1013 750 illius
1056 707 1136 750 eris
1154 742 1164 760 ‚
1204 705 1499 749 misericordia
1528 704 1642 749 illius
1670 706 1767 749 eris.

382 778 499 822 Audi
529 777 643 821 enim
666 776 786 837 quod
808 777 1001 837 sequitur
1028 796 1037 821 ι
1067 776 1393 820 «Misericordia
1409 791 1513 820 vero
1536 773 1708 820 Domini
1726 776 1772 820 in

385 867 405 889 »
441 847 599 892 saeculo
617 848 721 891 etin
739 847 969 902 saeculum,
996 862 1126 906 super
1143 847 1341 890 timentes
1363 862 1464 890 eum
1483 847 1513 890 3.
1530 865 1549 887 »
1576 847 1661 900 Qui
1682 861 1772 890 non

383 919 542 963 timetis
575 934 674 963 eum
693 954 703 973 ‚
736 918 933 973 foenum,
960 928 1003 962 et
1024 919 1067 962 in
1091 917 1238 970 foeno,
1267 927 1311 962 et
1340 918 1386 961 in
1417 927 1637 962 tormento
1670 932 1771 961 cum

383 988 504 1034 foeno
535 989 664 1033 eritis.
698 993 911 1049 Resurget
943 991 1059 1033 enim
1095 1005 1194 1033 caro
1236 989 1291 1033 ad
1324 998 1610 1033 tormentum.
1651 989 1772 1032 Gau-

383 1059 516 1104 deant
550 1058 613 1104 illi
635 1060 710 1119 qui
732 1059 888 1103 timent
922 1075 1023 1102 eum
1039 1094 1049 1113 ‚
1095 1060 1199 1119 quia
1220 1075 1348 1119 super
1383 1075 1454 1103 eos
1481 1058 1773 1103 misericordia

383 1132 488 1190 ejus.

442 1203 579 1245 XXV.
621 1220 640 1242 «
666 1203 722 1244 Et
738 1200 904 1260 justitia
923 1201 1012 1260 ejus
1036 1215 1164 1259 super
1186 1199 1295 1244 filios
1318 1199 1508 1244 filiorum
1525 1202 1556 1242 4.
1581 1217 1601 1240 »
1627 1199 1773 1243 Retri-

383 1272 608 1316 butionem
642 1270 773 1325 dicit,
811 1286 940 1330 super
968 1270 1078 1314 filios
1104 1269 1309 1313 filiorum.
1344 1275 1481 1322 Quam
1518 1269 1645 1313 multi
1672 1279 1774 1314 sunt

383 1342 493 1387 servi
524 1341 601 1386 Dei
629 1357 716 1385 non
748 1341 958 1385 habentes
980 1341 1116 1395 filios,
1145 1350 1311 1400 quanto
1347 1340 1490 1384 minus
1523 1340 1634 1384 filios
1658 1340 1774 1385 filio-

384 1415 507 1458 rum?
533 1412 614 1458 Sed
638 1412 748 1456 filios
766 1423 934 1456 nostros
958 1411 1062 1456 dicit
1079 1427 1209 1471 opera
1227 1421 1373 1455 nostra
1401 1431 1409 1456 :
1435 1411 1545 1455 filios
1564 1412 1770 1467 filiorum,

384 1484 627 1529 mercedem
661 1499 839 1543 operum
866 1493 1132 1527 nostrorum.
1173 1503 1192 1525 «
1210 1483 1383 1527 Justitia
1405 1484 1497 1542 ejus
1517 1498 1647 1542 super
1666 1482 1776 1527 filios

386 1575 406 1598 »
443 1555 631 1600 filiorum
651 1590 661 1610 ,
688 1555 1038 1599 custodientibus
1062 1563 1370 1598 testamentum
1402 1555 1506 1613 ejus.
1537 1572 1557 1595 »
1587 1553 1777 1598 Videant

384 1643 439 1671 ne
453 1635 609 1686 putent
631 1641 779 1670 omnes
800 1625 854 1670 ad
867 1641 911 1669 se
927 1626 1143 1685 pertinere
1161 1623 1281 1685 quod
1298 1624 1461 1668 dictum
1482 1633 1558 1668 est.
1581 1623 1772 1683 Eligant,

384 1714 484 1743 cum
506 1697 624 1742 licet.
655 1696 1068 1751 «custodientibus,
1086 1696 1251 1755 inquit,
1273 1704 1583 1739 testamentum
1599 1696 1712 1755 ejus,
1733 1705 1776 1740 et

389 1789 406 1811 »
442 1768 647 1812 memoria
684 1767 971 1812 retinentibus
1003 1767 1208 1811 mandata
1238 1767 1354 1825 ejus,
1391 1775 1440 1810 ut
1468 1765 1629 1810 faciant
1657 1782 1721 1810 ea.
1749 1785 1770 1808 »

384 1842 482 1883 Jam
506 1848 548 1882 te
579 1837 837 1897 disponebas
865 1837 1070 1882 extollere
1085 1872 1095 1892 ,
1121 1846 1164 1881 et
1187 1835 1298 1881 forte
1321 1835 1501 1880 reddere
1522 1837 1629 1880 mihi
1653 1836 1774 1881 Psal—

382 1910 568 1965 terium‚
588 1909 708 1969 quod
731 1925 811 1969 ego
832 1925 921 1954 non
940 1919 1089 1964 teneo,
1121 1918 1196 1954 aut
1226 1918 1364 1953 totam
1387 1911 1548 1967 Legem
1571 1909 1777 1953 memori-

384 1990 450 2026 ter
479 1980 776 2040 pronuntiare.
814 1980 947 2024 Plane
984 1980 1030 2024 in
1059 1979 1266 2024 memoria
1296 1978 1450 2023 melior
1483 1993 1553 2022 me
1577 2014 1588 2033 ‚
1622 1977 1776 2023 melior

384 2051 537 2111 quovis
554 2052 672 2111 justo
688 2085 698 2104 ‚
719 2050 752 2094 si
774 2052 916 2110 justus
938 2050 992 2094 ad
1012 2051 1197 2094 verbum
1226 2053 1387 2108 Legem
1407 2065 1497 2093 non
1519 2057 1641 2093 tenet
1667 2068 1675 2093 :
1699 2047 1775 2093 sed

384 2122 483 2166 vide
506 2130 555 2165 ut
572 2129 789 2181 praecepta
814 2130 975 2165 teneas.
1006 2120 1091 2166 Sed
1113 2120 1335 2181 quomodo
1364 2121 1544 2163 teneas?
1565 2122 1663 2164 Non
1685 2135 1776 2163 me-

385 2194 546 2249 moria,
579 2192 655 2236 sed
676 2193 778 2236 vita.
808 2212 826 2234 «
854 2193 1063 2237 Memoria
1086 2192 1375 2236 retinentibus
1389 2191 1594 2235 mandata
1613 2192 1729 2251 ejus:
1749 2209 1770 2232 »

383 2280 473 2309 non
494 2274 544 2308 ut
564 2262 747 2307 reddant
769 2279 840 2319 ea3
858 2263 958 2318 sed,
984 2284 1004 2306 «
1024 2267 1078 2308 Ut
1096 2262 1256 2308 faciant
1268 2278 1332 2306 ea.
1357 2281 1375 2302 »
1394 2264 1491 2306 Jam
1508 2262 1626 2306 forte
1642 2261 1774 2307 modo

383 2336 666 2394 perturbatur
686 2335 1027 2395 uniuscujusque
1048 2335 1206 2378 anima.
1225 2333 1329 2386 Quis
1353 2341 1473 2376 tenet
1490 2333 1634 2377 omnia
1649 2348 1775 2377 man-

385 2404 486 2449 data
510 2405 608 2449 Dei?
638 2405 734 2465 quis
762 2414 882 2448 tenet
909 2420 1056 2448 omnes
1090 2405 1272 2448 Litteras
1300 2402 1540 2447 DeiPEcce
1562 2402 1663 2448 volo
1684 2419 1775 2448 non

386 2475 527 2521 solum
550 2475 756 2520 memoria
788 2484 936 2519 tenere
953 2510 964 2531 ‚
989 2474 1066 2520 sed
1083 2484 1127 2520 et
1149 2474 1353 2535 operibus
1373 2474 1479 2518 meis
1500 2473 1642 2519 facere
1664 2493 1673 2519 ε
1699 2472 1774 2519 sed

435 2569 443 2585 ¹
470 2564 542 2595 lsai.
557 2574 610 2605 ιι,
627 2562 660 2595 6.
679 2580 719 2587 -
739 2569 750 2586 ¹
766 2564 857 2595 Joan.
880 2574 902 2604 1,
928 2562 979 2604 14.
1002 2578 1042 2586 —-
1065 2561 1078 2586 ³
1093 2562 1174 2596 Psal.
1193 2573 1244 2603 cu,
1268 2574 1317 2604 ¹7·
1341 2578 1383 2585 —
1400 2560 1517 2594 41bid.
1544 2561 1593 2595 18.
