1848 3261
241 266 483 298 ENARRAno
515 271 561 299 IN
593 268 795 299 PsALMUM
825 270 986 307 cxvm,
1020 265 1158 297 sEnmo
1189 271 1263 298 xv.
1381 256 1466 298 453

87 353 109 378 »
143 335 344 391 Domine,
361 344 404 380 et
425 335 639 381 custodivi
654 335 795 396 legem
816 344 935 380 tuam
953 355 964 392 3
991 352 1012 376 »
1034 344 1077 379 et
1093 336 1304 395 sequitur,
1325 338 1467 381 «Haec

88 424 109 448 »
143 406 256 452 facta
279 416 342 451 est
363 407 469 451 mihi
495 427 504 453 :
528 426 547 450 ))
574 408 675 469 quia
690 408 837 467 itaque
858 422 948 450 non
968 405 1059 461 lex,
1086 406 1282 466 profecto
1301 422 1387 451 nox
1403 416 1467 452 est

84 492 184 538 quae
220 476 334 521 facta
370 487 432 522 est
454 477 530 522 illi.
557 477 672 531 Quid
695 486 759 521 est
795 477 950 535 igitur,
977 479 1070 521 Nox
1090 476 1198 520 mihi
1230 475 1345 521 facta
1375 485 1463 531 est,

87 565 109 590 «
143 547 252 601 Quia
269 549 598 608 justificationes
620 558 714 593 tuas
735 547 940 608 exquisivi
956 549 1005 591 P»
1027 550 1121 591 Lux
1142 548 1306 607 quippe
1323 547 1468 607 potius

83 626 147 661 est
168 619 206 661 ei
228 616 340 662 facta
356 653 367 674 ‚
398 635 486 663 non
508 634 592 663 nox
612 653 623 670 ‚
647 619 749 679 quia
767 618 1092 680 justificationes
1120 618 1347 678 exquisivit
1370 616 1462 662 Dei.

83 689 145 731 Ac
162 688 220 732 sic
241 698 356 733 recte
373 688 642 747 intelligitur,
662 692 828 733 «Facta
850 697 913 732 est
935 688 1086 742 mihi,»
1104 704 1152 733 ac
1174 688 1207 732 si
1229 688 1462 742 diceretur,

81 757 195 804 facta
219 769 281 804 est
304 775 382 819 pro
404 776 472 804 me
487 760 556 814 ,id
583 769 661 814 est,
688 759 851 804 factum
873 768 936 803 est
952 768 1001 802 ut
1033 759 1254 818 prodesset
1270 758 1390 802 mihi.
1420 757 1464 801 Si

82 829 199 873 enim
225 829 446 874 humilitas
473 829 546 874 illa
570 829 840 874 mortalitatis
868 845 956 873 non
990 828 1177 873 absurde
1209 827 1464 886 intelligitur

80 914 166 943 nox
187 934 197 954 ,
221 900 298 943 ubi
319 900 503 943 invicem
525 899 662 944 latent
694 898 823 944 corda
850 899 1121 953 mortalium,
1155 908 1205 943 ut
1226 898 1280 943 de
1301 898 1477 952 talibus„

81 970 268 1014 tenebris
291 970 628 1014 innumerabiles
649 979 692 1013 et
715 986 862 1029 graves
883 970 1143 1014 tentationes
1164 970 1379 1023 oriantur,
1405 968 1464 1012 ita

80 1049 130 1083 ut
150 1040 195 1083 in
218 1039 368 1084 eadem
398 1049 527 1084 nocte
554 1049 851 1099 pertranseant
872 1041 1000 1084 etiam
1035 1039 1186 1082 bestiae
1207 1038 1340 1096 sylvae
1357 1073 1366 1091 ‚
1393 1054 1465 1082 ca-

80 1109 160 1153 tuli
195 1109 373 1154 leonum
402 1111 620 1169 rugientes
640 1146 651 1165 ,
685 1120 927 1170 quaerentes
957 1126 979 1154 a
1017 1113 1107 1153 Deo
1143 1123 1283 1153 escam
1317 1108 1462 1153 sibi¹:

78 1180 198 1223 unde
220 1181 348 1223 etiam
371 1179 425 1223 de
457 1180 532 1225 illo
554 1181 680 1224 leone
703 1181 900 1238 rugiente
918 1189 961 1223 ct
982 1187 1205 1239 quaerente
1226 1193 1356 1238 quem
1384 1178 1464 1221 de-

77 1258 201 1294 voret
215 1284 225 1301 ,
246 1249 448 1293 dominus
472 1250 530 1293 ait
548 1249 668 1309 quod
681 1251 770 1310 jam
793 1265 923 1308 supra
940 1248 1297 1302 commemoravi,
1327 1267 1348 1289 «
1373 1250 1465 1292 Hac

81 1337 102 1361 »
137 1329 265 1363 nocte
286 1318 521 1378 postulavit
546 1322 722 1364 Satanas
742 1335 897 1363 vexare
918 1335 993 1363 vos
1015 1320 1125 1363 sicut
1146 1318 1337 1362 triticum
1356 1321 1373 1343 ‘2
1400 1336 1409 1362 z
1441 1338 1460 1359 »

78 1388 124 1433 id
145 1398 229 1442 est,
267 1389 347 1432 hac
378 1398 506 1433 nocte
533 1389 579 1432 in
602 1405 686 1448 qua
710 1399 1016 1448 pertranseunt
1037 1389 1186 1433 bestiae
1211 1388 1365 1446 sylvae,
1389 1403 1465 1432 vos

76 1458 146 1503 leo
167 1458 241 1502 ille
263 1473 442 1516 magnus
464 1459 661 1518 quaesivit
684 1475 707 1502 a
730 1463 819 1503 Deo
851 1475 990 1503 escam
1020 1459 1102 1503 sibi
1130 1478 1138 1503 :
1158 1458 1354 1518 profecto
1371 1459 1466 1501 haee

77 1531 167 1590 ipsa
189 1529 408 1574 humilitas
426 1531 470 1573 in
485 1529 581 1574 loco
599 1530 952 1589 peregrinationis
969 1532 1113 1590 hujus,
1130 1546 1229 1590 quae
1247 1546 1332 1573 nox
1348 1538 1465 1573 recte

75 1599 357 1657 intelligitur,
393 1599 570 1659 prodest
597 1600 655 1643 eis
679 1602 754 1660 qui
783 1601 1012 1644 salubriter
1044 1610 1299 1645 exercentur
1319 1600 1365 1642 in
1388 1615 1462 1654 ea,

77 1679 128 1714 ut
149 1670 314 1714 discant
337 1686 425 1714 non
447 1670 671 1729 superbire
693 1691 703 1726 3
726 1680 903 1729 propter
938 1671 1058 1730 quod
1080 1670 1241 1714 malurn
1272 1670 1316 1713 in
1338 1671 1464 1713 istam

76 1750 250 1785 noctem
275 1739 422 1799 pulsus
443 1749 506 1784 est
522 1741 670 1784 homo.
702 1759 718 1779 «
748 1741 927 1784 Initium
949 1741 1066 1783 enim
1085 1730 1299 1799 superbiae
1321 1739 1466 1783 homi-

81 1831 98 1851 »
134 1810 199 1854 nis
223 1819 464 1868 apostatare
487 1825 508 1852 a
532 1812 667 1853 Deoss.
697 1809 779 1853 Sed
803 1810 934 1868 gratis
951 1811 1237 1870 justificatus,
1262 1818 1392 1869 atque
1414 1818 1466 1853 ut

78 1881 124 1924 in
146 1881 224 1924 ista
248 1880 494 1923 humilitate
508 1880 709 1938 proficiat
728 1880 853 1923 variis
870 1881 1186 1925 tentationibus
1207 1881 1337 1940 hujus
1359 1895 1466 1925 noc-

77 1951 129 1994 tis
155 1951 405 2009 oppositus,
424 1951 515 2010 jam
544 1950 788 2008 intelligens
811 1950 927 1995 dicat
942 1986 952 2005 ,
980 1950 1099 2011 quod
1122 1951 1167 1994 in
1190 1952 1274 1995 hoc
1296 1950 1467 1996 Psalmo

76 2020 300 2080 aliquanto
333 2029 430 2078 post
452 2019 611 2063 dicitur
644 2040 653 2064 :
683 2039 699 2058 «
728 2023 899 2064 Bonum
923 2031 987 2066 est
1007 2021 1116 2065 mihi
1143 2021 1351 2081 quoniam
1378 2021 1466 2064 hu-

82 2110 100 2131 »
136 2090 308 2134 miliasti
328 2105 396 2133 me
411 2124 422 2143 ,
442 2100 492 2132 ut
515 2089 675 2133 discam
695 2091 1023 2149 justificationes
1046 2095 1181 2135 tuas⁴.
1208 2094 1346 2136 »Nam
1360 2090 1469 2151 quid

78 2169 142 2204 est
163 2159 327 2213 aliud,«
345 2161 515 2203 Bonum
539 2168 602 2202 est
624 2159 746 2214 mihi,
765 2162 972 2220 quoniam
987 2160 1226 2205 humiliasti
1243 2177 1356 2215 me,»
1369 2161 1467 2216 nisi,

76 2230 170 2274 haee
201 2228 420 2273 humilitas
451 2244 549 2288 quae
578 2245 662 2272 nox
688 2240 870 2273 vocatur
890 2266 900 2285 ,
931 2250 951 2292 «Ι
972 2235 1105 2275 Facta
1128 2240 1192 2276 est
1222 2231 1350 2286 mihi,
1382 2252 1397 2271 »
1424 2230 1472 2274 id

78 2310 157 2355 est,
180 2299 343 2345 factum
365 2309 427 2343 est
447 2310 496 2344 ut
519 2300 741 2360 prodesset
763 2301 901 2347 mihi?
924 2294 1008 2346 Sed
1031 2317 1166 2361 quare
1186 2302 1270 2346 hoc
1289 2303 1306 2343 ⁴?
1324 2321 1340 2341 «
1360 2301 1471 2354 Quia

83 2392 100 2412 »
136 2371 298 2414 scilicet
320 2371 650 2430 justificationes
677 2382 791 2423 tvos,
823 2393 839 2413 ›>
869 2388 958 2416 non
981 2389 1099 2417 meas
1120 2392 1138 2413 «
1164 2373 1390 2432 exquisivi.
1418 2391 1440 2413 »

142 2443 217 2483 IX.
244 2444 474 2484 Possumus
497 2443 624 2485 etiam
651 2440 770 2500 quod
791 2442 957 2485 &ictum
983 2452 1046 2485 est
1072 2463 1079 2486 :
1111 2462 1127 2479 «
1154 2446 1257 2486 Hoec
1277 2441 1390 2487 facta
1410 2449 1474 2485 est

145 2542 154 2558 ¹
190 2536 270 2568 Psai.
306 2547 378 2573 cm,
406 2546 458 2567 21.
483 2553 523 2559 —
557 2544 569 2559 ²
605 2549 613 2567 ι
645 2539 726 2567 Pois.
765 2548 809 2568 V.
837 2538 868 2567 S.
900 2536 969 2560 -w3
1004 2537 1089 2569 ‘dccli
1140 2549 1180 2579 x,
1207 2536 1256 2573 15.
1283 2555 1323 2564 m
1348 2538 1367 2563 l*
1386 2536 1468 2569 Psat.

79 2603 183 2632 cuni,
202 2603 254 2633 7¹-
