1848 3261
456 212 698 243 ENARRATIO
729 215 774 242 IN
806 211 1009 241 PSALMUM
1041 216 1112 241 cu.
1399 200 1455 238 69

75 302 95 325 «
130 283 215 336 Qui
236 290 357 326 sanat
371 296 520 326 omnes
538 281 767 340 languores
784 288 879 323 tuos
891 314 901 333 ,
921 279 996 339 qui
1014 277 1185 321 redimit
1201 276 1254 321 de
1272 291 1456 335 corrup-

73 370 93 394 »
129 352 247 397 tione
267 352 401 397 vitam
422 360 560 396 tuam.
590 370 609 392 >›
632 351 699 394 Ibi
717 349 940 394 sanabitur
962 348 1100 393 omnis
1123 348 1306 405 languor
1329 356 1427 390 tuus
1443 381 1454 401 ‚

71 438 169 467 cum
187 421 470 482 corruptibile
486 422 569 464 hoc
581 419 1126 478 induetincorruptionem.
1143 417 1382 475 Redempta
1395 424 1459 459 est

71 495 186 537 enim
214 494 300 537 vita
323 503 396 537 tua
424 492 478 536 de
508 492 808 551 corruptione,
841 492 931 550 jam
961 504 1137 534 securus
1168 497 1257 531 esto
1291 506 1300 531 ε
1326 487 1458 530 initus

70 573 133 608 est
147 565 275 608 bonae
297 563 398 607 fidei
417 572 663 607 contractus
676 583 687 620 3
704 577 831 605 nemo
848 560 959 605 fallit
976 559 1296 618 redemptorem
1311 567 1455 612 tuum,

70 650 198 678 nemo
221 634 505 678 circumvenit
526 668 535 688 ‚
564 648 690 676 nemo
708 632 878 691 premit.
902 630 1003 689 Egit
1024 630 1094 673 hic
1118 627 1454 682 commercium,

63 706 151 765 jam
172 705 358 763 pretium
377 704 520 758 solvit,
537 702 790 760 sanguinem
804 700 932 745 fudit.
955 700 1216 757 Sanguinem
1229 734 1239 753 ,
1257 698 1454 758 inquam,

69 774 186 819 fudit
200 775 353 818 unicus
372 773 508 817 Filius
525 775 603 817 Dei
624 788 704 832 pro
724 772 847 815 nobis
876 791 883 815 :
901 787 926 814 o
950 771 1090 814 anima
1107 805 1118 824 ‚
1137 769 1251 826 erige
1264 778 1306 812 te
1321 803 1331 822 ,
1348 766 1460 811 tanti

69 846 200 890 vales.
241 864 260 886 «
281 845 472 889 Redimit
500 844 554 888 de
583 837 862 903 corruptione
885 843 1018 887 vitam
1042 851 1175 884 tuam.
1212 858 1231 880 »
1258 838 1460 883 Ostendit

69 914 292 974 exemplo,
320 914 441 974 quod
457 914 654 973 promisit
676 914 720 956 in
742 913 938 972 praemio.
972 914 1171 955 Mortuus
1197 919 1259 953 est
1281 917 1460 968 propter

70 984 227 1029 delicta
255 994 399 1029 nostra
419 1019 430 1039 ‚
451 994 494 1028 et
515 983 747 1028 resurrexit
776 992 953 1042 propter
975 981 1331 1042 justificationem
1359 995 1461 1023 nos-

70 1057 224 1099 tram¹.
253 1057 434 1114 Sperent
469 1054 692 1108 membra,
723 1054 846 1113 quod
877 1054 922 1096 in
946 1053 1086 1112 capite
1115 1051 1460 1095 demonstratum

70 1134 148 1169 est.
175 1128 273 1170 Non
308 1124 479 1169 curabit
515 1123 710 1167 membra
733 1139 835 1177 sua,
872 1137 1059 1182 quorum
1084 1130 1216 1180 caput
1242 1120 1402 1164 levavit
1418 1120 1465 1163 in

71 1196 233 1241 coelum
248 1199 266 1238 ἶ)
281 1199 396 1253 Ergo
426 1214 444 1236 «
470 1194 662 1238 Redimit
680 1194 734 1238 de
753 1193 1031 1253 corruptione
1049 1193 1184 1237 vitam
1212 1202 1348 1235 tuam.
1379 1209 1399 1231 »

130 1270 228 1311 VII.
259 1286 279 1309 «
302 1267 384 1320 Qui
408 1274 586 1310 coronat
606 1275 649 1308 te
676 1265 721 1309 in
744 1265 1018 1308 miseratione
1042 1273 1084 1308 et
1103 1261 1412 1307 misericordia.
1437 1279 1458 1302 »

72 1341 96 1383 J
101 1353 166 1382 am
192 1338 307 1381 enim
329 1336 441 1381 sorte
457 1336 579 1396 quasi
595 1351 800 1395 arrogans
814 1351 902 1379 esse
920 1351 1128 1394 coeperas,
1145 1349 1245 1378 cum
1264 1331 1433 1376 audires
1451 1350 1460 1377 z

75 1429 96 1451 «
130 1411 321 1454 Coronat
355 1417 414 1452 te.
442 1425 463 1448 >i
488 1410 605 1466 Ergo
633 1422 816 1466 magnus
850 1422 971 1461 sum,
999 1422 1100 1464 ergo
1137 1404 1327 1448 luctatus
1347 1418 1460 1447 sum.

72 1481 208 1540 Cujus
228 1479 422 1523 viribus?
447 1479 547 1522 Tuis
564 1513 574 1532 ‚
596 1477 671 1521 sed
689 1477 744 1521 ab
768 1477 844 1522 illo
866 1476 1216 1520 subministratis.
1242 1478 1350 1519 Nam
1366 1473 1465 1517 iuc-

73 1551 174 1594 taris
190 1586 200 1605 ‚
226 1550 506 1594 manifestum
530 1558 618 1605 est3
645 1557 687 1592 et
714 1548 813 1592 ideo
835 1547 1112 1591 coronaberis
1127 1581 1138 1599 ‚
1163 1545 1265 1605 quia
1287 1545 1432 1588 vinces
1453 1562 1462 1587 ε

73 1621 150 1665 sed
171 1620 272 1664 vide
304 1620 401 1679 quis
423 1620 541 1679 prior
568 1619 742 1672 vicerit,
773 1618 872 1662 vide
902 1617 999 1677 quis
1025 1626 1065 1660 te
1088 1614 1216 1660 faciat
1246 1615 1374 1658 etiam
1398 1631 1466 1658 se-

72 1691 218 1736 cundo
233 1691 458 1735 victorem.
480 1709 499 1731 «
516 1692 633 1747 Ego,
652 1689 797 1747 inquit
814 1723 824 1743 ,
841 1689 923 1731 vici
938 1686 1147 1731 saeculum
1164 1721 1174 1741 ‚
1196 1684 1382 1744 gaudete
1395 1689 1426 1728 ¹2.
1443 1703 1463 1726 η

72 1765 129 1806 Et
152 1762 270 1805 unde
289 1760 550 1819 gaudemus,
576 1759 609 1803 si
631 1759 704 1802 ille
721 1759 824 1803 vicit
846 1757 1082 1802 saeculum?
1099 1756 1220 1816 quasi
1249 1771 1327 1800 nos
1348 1755 1467 1799 vicc-

73 1831 232 1875 rimus‘?
257 1834 321 1874 {ta
357 1830 486 1888 plane
522 1828 787 1887 gaudeamus
804 1864 813 1882 ‚
853 1828 953 1887 quia
979 1842 1057 1871 nos
1082 1826 1278 1869 vicimus.
1315 1825 1399 1878 Qui
1423 1826 1468 1868 in

73 1901 199 1945 nobis
217 1900 320 1944 victi
340 1915 510 1953 sumus,
538 1899 584 1941 in
605 1898 681 1942 illo
702 1898 900 1942 vicimus.
928 1900 1042 1954 Ergo
1073 1905 1254 1940 coronat
1275 1905 1339 1949 te,
1368 1895 1469 1954 quia

75 1970 190 2014 dona
212 1985 287 2012 sua
321 1978 522 2021 coronat,
549 1984 638 2011 non
666 1968 818 2010 merita
853 1977 942 2009 tua.
985 1985 1003 2006 «
1030 1966 1132 2009 Plus
1159 1965 1363 2008 omnibus
1387 1964 1471 2007 illis

79 2059 99 2081 )›
135 2038 357 2092 laboravi,
395 2056 416 2078 »
451 2037 511 2080 ait
549 2035 783 2095 Apostolus
821 2055 829 2080 :
863 2034 938 2079 sed
970 2034 1070 2078 vide
1100 2034 1207 2094 quid
1244 2035 1468 2094 adjungit,

81 2129 101 2152 «
125 2112 222 2154 Non
250 2124 330 2167 ego
362 2116 533 2162 autem,
567 2106 640 2150 sed
664 2106 799 2165 gratia
823 2105 900 2149 Dei
923 2105 1137 2148 mecum3.
1169 2123 1187 2145 »
1214 2107 1270 2147 Et
1292 2114 1389 2163 post
1406 2104 1471 2148 la-

77 2182 203 2225 bores
226 2195 374 2224 omnes
398 2187 594 2238 expectat
610 2178 748 2237 ipsam
770 2192 998 2229 coronam,
1025 2184 1068 2219 et
1091 2175 1195 2218 dicit
1225 2194 1232 2218 :
1260 2193 1278 2215 «
1297 2177 1469 2219 Bonum

81 2270 102 2292 »
138 2265 324 2309 agonem
359 2249 544 2303 certavi,
570 2263 745 2292 cursum
768 2246 1086 2299 consummavi,
1113 2245 1243 2288 fidem
1268 2246 1432 2288 servavi
1460 2264 1469 2289 :

82 2339 103 2361 n
139 2320 193 2363 de
226 2328 383 2363 caetero
416 2327 609 2377 superest
646 2317 752 2360 mihi
782 2332 938 2360 corona
963 2316 1163 2376 justitias,
1204 2330 1335 2374 quam
1363 2315 1473 2358 mihi

83 2409 104 2431 ³>
140 2389 293 2434 reddet
314 2388 579 2433 Dominusin
600 2386 674 2430 illa
693 2386 762 2430 die
775 2387 916 2446 justus
934 2384 1112 2445 judex&
1135 2404 1154 2426 »
1178 2386 1347 2437 Quare?
1361 2384 1471 2437 Quia

131 2491 138 2507 ¹
168 2487 260 2517 Rom.
282 2495 334 2525 lv,
355 2484 408 2516 25.
436 2501 477 2507 —-
499 2491 512 2507 ²
544 2485 635 2514 Jom.
666 2494 741 2522 xw,
767 2482 818 2514 33.
851 2499 890 2505 —-
911 2479 924 2505 3
949 2493 959 2513 1
982 2484 1054 2513 Cor.
1085 2492 1144 2521 xv,
1173 2491 1222 2513 10.
1254 2497 1294 2503 —
1313 2479 1328 2509 4
1347 2488 1365 2512 2
1388 2479 1470 2513 Tim.

86 2549 131 2582 iv,
153 2551 185 2582 7,
204 2543 235 2572 8.
