1848 3261
397 208 453 248 74
830 221 863 246 s.
899 217 1131 247 AUGUSTINI
1160 220 1342 248 muscom

395 285 530 329 micos
552 292 746 338 nostros,
772 282 883 327 sicut
904 293 1006 328 nota
1039 292 1103 327 est
1121 298 1203 328 vox
1241 282 1400 327 Psalmi
1425 302 1434 328 ε
1463 302 1483 326 «
1513 283 1779 338 Inveteravi,

397 373 417 396 »
453 354 624 414 inquit,
650 354 696 397 in
713 354 918 397 omnibus
934 354 1116 397 inimicis
1139 353 1245 397 meis
1262 355 1291 397 ¹.
1326 371 1346 394 »
1374 353 1500 398 Unde
1524 354 1783 398 inveteravi-

394 427 520 470 mus?
553 427 692 469 Carne
714 423 912 478 mortali,
938 440 1067 468 carne
1088 423 1166 468 ista
1190 422 1333 468 foenea
1363 443 1372 468 :
1400 433 1443 467 et
1471 424 1570 469 ideo
1589 459 1600 479 ,
1629 443 1650 466 «
1675 428 1782 468 Per-

397 513 418 537 »
454 511 629 539 cussum
648 503 712 538 est
733 495 843 539 sieut
867 493 1034 538 foenum
1057 529 1068 549 ,
1094 503 1137 537 et
1152 493 1265 537 aruit
1287 510 1360 538 cor
1376 509 1520 537 meum
1539 529 1549 548 ,
1575 494 1783 554 quoniam

397 583 417 607 »
453 565 614 609 oblitus
637 581 731 609 sum
752 563 1016 608 manducare
1038 580 1197 623 panem
1228 566 1420 607 meum2.
1452 563 1625 608 Oblitus
1652 580 1748 608 sum
1767 599 1780 619 ,

396 655 416 678 »
453 636 597 696 inquit
611 671 621 690 ,
647 634 913 679 manducare
935 650 1093 694 panem
1113 650 1276 679 mcum.
1304 653 1324 676 »
1343 635 1489 680 Crevit
1500 643 1690 679 vetustas
1705 669 1716 690 ,
1736 650 1783 679 os

393 705 547 750 clausit
567 741 577 760 ,
600 714 808 749 atteratur
823 705 868 748 in
890 715 1027 764 petra=

451 779 508 820 X.
536 777 604 821 Sic
627 791 729 834 ergo
753 785 796 819 et
816 776 862 818 in
884 776 967 820 hoc
992 775 1162 819 Psalmo
1182 774 1302 819 unde
1327 774 1491 833 agimus
1507 810 1518 830 ,
1543 790 1645 818 cum
1668 790 1784 834 prae-

392 846 599 900 misisset,
628 865 646 887 «
671 846 756 898 Qui
777 846 901 889 satiat
921 847 966 888 in
998 845 1123 889 bonis
1145 844 1408 889 desiderium
1428 854 1554 888 tuum
1581 864 1589 889 :
1611 863 1632 885 »
1661 846 1785 904 quasi

393 917 677 975 responderet
701 917 842 960 anima
858 952 868 971 ,
893 919 991 961 Non
1010 916 1196 960 satiabor
1217 915 1271 959 de
1293 916 1572 970 mortalibus,
1605 931 1696 959 non
1715 931 1784 959 sa—

392 988 534 1032 tiabor
555 987 610 1031 de
628 987 961 1046 temporalibus,
995 986 1161 1047 aliquid
1183 995 1396 1030 aeternum
1418 986 1580 1040 donet,
1614 985 1783 1046 aliquid

394 1069 606 1103 aeternum
626 1059 837 1103 concedat
859 1079 866 1103 :
895 1059 1157 1119 Sapientiam
1178 1074 1300 1102 suam
1325 1058 1429 1102 mihi
1452 1058 1547 1112 det,
1584 1058 1780 1102 Verbum

392 1145 517 1173 suum
546 1129 651 1172 mihi
673 1129 767 1182 det,
801 1133 940 1172 Deum
968 1128 1085 1188 apud
1108 1132 1244 1172 Deum
1259 1164 1269 1183 ,
1295 1138 1337 1172 et
1360 1144 1403 1171 se
1421 1132 1560 1172 Deum
1590 1131 1778 1184 Patrem,

393 1209 437 1244 et
459 1200 642 1254 Filium,
671 1210 713 1243 et
739 1200 947 1258 Spiritum
977 1187 1190 1243 sanctum.
1216 1200 1443 1243 Mendicus
1474 1207 1574 1243 aute
1602 1199 1782 1258 januam

391 1271 481 1329 ejus
505 1279 570 1314 sto
585 1305 596 1322 ,
618 1286 707 1314 non
729 1270 890 1314 dormit
908 1285 1038 1330 quem
1060 1270 1216 1313 invoco
1236 1304 1246 1323 ,
1275 1269 1350 1312 det
1382 1268 1489 1312 mihi
1513 1279 1597 1313 tres
1624 1283 1777 1327 panes.

391 1339 674 1397 Evangelium
700 1339 986 1383 recordamini
1005 1359 1012 1383 2
1029 1355 1127 1383 ecce
1146 1338 1253 1398 quid
1269 1339 1323 1382 sit
1336 1355 1461 1382 nosse
1481 1339 1556 1382 Dei
1570 1340 1779 1396 Litteras3

391 1411 467 1470 qui
488 1410 688 1468 legerunt
711 1411 817 1454 moti
840 1419 955 1453 sunt.
981 1413 1089 1454 Nam
1119 1409 1408 1453 recordamini
1434 1410 1668 1469 quemdam
1684 1409 1782 1453 ino-

390 1497 490 1540 pem
512 1481 678 1524 venisse
710 1481 765 1525 ad
797 1483 976 1525 domum
1012 1481 1138 1524 amici
1159 1481 1248 1535 sui,
1281 1490 1323 1523 et
1346 1481 1500 1539 petisse
1527 1490 1609 1524 tres
1630 1496 1778 1539 panes.

391 1550 549 1606 Etille,
570 1551 735 1611 inquit,
756 1551 974 1595 dormiens
990 1551 1279 1610 respondebat
1297 1551 1351 1605 ei⁷
1373 1560 1416 1594 et
1427 1551 1625 1595 dicebat:
1649 1570 1668 1592 «
1684 1553 1782 1595 Jam

393 1639 413 1663 »
449 1622 694 1681 requiesco,
721 1631 764 1666 et
791 1622 915 1681 pueri
938 1622 1023 1665 mei
1045 1621 1162 1664 intus
1188 1637 1359 1665 mecum
1382 1620 1621 1665 dormiunt.
1656 1639 1675 1662 »
1700 1620 1780 1665 Ille

388 1708 666 1752 perseverans
691 1693 736 1735 in
767 1691 978 1752 petendo,
1019 1692 1193 1735 extorsit
1217 1691 1346 1735 taedio
1380 1690 1499 1751 quod
1527 1707 1615 1736 non
1637 1699 1782 1751 posset

388 1762 543 1806 merito
558 1763 589 1806 ³.
616 1766 729 1806 Deus
745 1773 891 1807 autem
913 1761 1015 1806 dare
1033 1761 1128 1806 vult
1149 1782 1158 1806 :
1185 1762 1259 1805 sed
1278 1778 1367 1806 non
1395 1761 1469 1806 dat
1487 1762 1567 1806 nisi
1586 1762 1776 1822 petenti,

388 1848 442 1876 ne
460 1832 534 1876 det
547 1849 635 1877 non
650 1833 853 1892 capienti.
875 1835 972 1877 Non
991 1831 1121 1876 taedio
1135 1842 1212 1876 tuo
1224 1832 1320 1876 vult
1338 1833 1528 1877 excitari.
1545 1835 1643 1877 Non
1663 1833 1779 1877 enim

387 1919 489 1948 eum
518 1919 613 1948 oras
645 1913 854 1964 tanquam
875 1904 1109 1948 dormienti
1142 1902 1349 1947 molestus
1381 1919 1454 1948 es:
1499 1907 1642 1949 «Non
1673 1903 1778 1948 dor-

389 1991 409 2014 »
446 1974 574 2027 miet,
601 1989 744 2033 neque
765 1974 1045 2027 dormitabit,
1071 1975 1147 2032 qui
1170 1973 1361 2016 custodit
1384 1974 1560 2016 Israe'l4.
1589 1992 1609 2014 »
1639 1973 1781 2018 Semel

387 2044 582 2088 Christus
606 2043 836 2098 dormivit,
862 2052 911 2086 ut
939 2042 1002 2086 illi
1026 2042 1079 2086 de
1096 2042 1229 2086 latere
1260 2044 1419 2102 conjux
1454 2044 1577 2087 fieret
1593 2046 1607 2070 ⁵
1638 2060 1648 2085 :
1674 2043 1779 2088 dor—

386 2113 511 2157 mivit
530 2114 575 2157 in
593 2129 741 2168 cruce,
764 2112 1043 2156 manifestum
1064 2122 1142 2156 est.
1168 2115 1368 2164 Mortuus
1391 2123 1454 2158 est
1472 2115 1587 2158 enim
1603 2149 1614 2169 ,
1635 2124 1686 2158 ut
1710 2114 1779 2158 di·-

386 2193 526 2239 ceret,
560 2187 693 2242 «Ego
720 2183 931 2237 dormivi,
959 2192 1003 2227 et
1030 2199 1231 2227 somnum
1249 2184 1378 2242 coepi.
1411 2203 1429 2225 »
1456 2184 1539 2229 Sed
1562 2184 1778 2244 numquid

385 2255 461 2313 qui
479 2253 665 2309 dormit,
685 2269 774 2298 non
798 2255 969 2313 adjiciet
985 2265 1033 2299 ut
1046 2265 1238 2314 resurgat
1252 2258 1267 2281 6
1282 2258 1300 2299 ἓ
1314 2259 1543 2315 Propterea
1558 2256 1619 2299 ibi
1636 2255 1777 2315 sequi-

386 2334 474 2379 tur,
499 2344 515 2365 «
537 2328 594 2368 Et
609 2325 819 2379 exurrexi,
837 2327 1041 2384 quoniam
1055 2326 1265 2370 Dominus
1280 2326 1482 2385 suscipiet
1496 2328 1606 2371 me7.
1626 2344 1646 2367 υ
1664 2325 1777 2379 Quid

385 2410 487 2440 vero
504 2396 595 2454 jam
613 2395 880 2454 Apostolus?
907 2415 927 2437 «
952 2397 1167 2451 Christus,
1205 2397 1347 2456 inquit
1362 2431 1372 2451 ,
1410 2411 1592 2455 surgens
1609 2412 1632 2440 a
1655 2411 1775 2440 mor-

433 2497 442 2512 ¹
464 2491 546 2523 Psal.
567 2502 597 2523 vr
614 2515 622 2531 ,
651 2491 682 2523 8.
711 2508 752 2513 —
780 2491 860 2522 21d.
881 2491 973 2527 ct..5.
996 2509 1037 2513 —
1058 2490 1071 2514 3
1091 2494 1169 2524 Luc.
1195 2503 1247 2533 xi,
1274 2492 1344 2524 5-8.
1376 2509 1417 2517 -ε
1450 2490 1466 2521 4
1484 2492 1565 2523 Psal.
1585 2503 1658 2532 cxx,
1680 2491 1712 2534 4.
1732 2508 1774 2513 —

386 2543 401 2568 ⁵
418 2547 498 2577 Gen.
514 2557 551 2587 ιι,
567 2555 621 2578 21.
643 2562 684 2568 --
705 2544 720 2566 ⁵
743 2546 822 2577 Psal.
843 2557 883 2576 ιη
923 2557 955 2587 9.
972 2564 1012 2568 —
1028 2547 1217 2587 71d.111,6.
