1848 3261
248 241 490 272 munuum
521 245 565 273 m
598 243 801 274 PsALMUM
831 243 995 283 cxvm,
1026 243 1166 273 samio
1196 244 1292 273 xxx.
1368 232 1450 275 533

72 311 206 358 verba
222 311 302 355 ista
322 319 440 366 sunt,
457 311 580 371 cujus
600 311 796 356 membra
815 325 978 354 sumus.
999 310 1119 355 Vidit
1139 311 1238 366 hoc,
1254 312 1452 372 inquam,

74 383 370 443 continuoque
386 383 585 443 subjecit,
596 402 616 425 (ι
629 381 926 428 Miserationes
942 390 1029 426 tuae
1044 381 1211 436 multae,
1223 382 1451 427 Domine.»

73 454 215 499 Etiam
236 454 320 498 hoc
342 469 445 513 ergo
462 453 584 514 quod
601 453 866 514 exquirimus
879 452 1206 513 justificationes
1227 462 1339 508 tuas,
1356 468 1456 513 per-

73 524 183 569 tinet
210 523 265 568 ad
292 523 586 568 miserationes
612 533 725 569 tuas.
762 543 780 564 «
809 522 1057 569 Secundum
1081 522 1298 584 judicium
1331 531 1456 568 tuum

78 615 97 639 »
131 596 301 641 vivifica
322 598 434 641 me1.
465 616 482 638 »
509 595 618 642 Novi
647 596 763 640 enim
796 596 897 656 quia
918 604 962 640 et
978 594 1195 656 judicium
1218 603 1346 639 tuum
1367 593 1458 639 sine

74 675 149 711 tua
171 666 446 710 miseratione
467 681 557 711 non
579 665 660 710 erit
677 681 806 726 super
821 681 905 710 me.

133 739 188 781 V.
218 756 235 776 «
262 736 392 782 Multi
414 746 722 797 persequentes
744 751 813 781 me
830 745 874 780 et
896 734 1154 780 tribulantes
1176 749 1246 779 me
1264 755 1275 793 3
1296 749 1319 779 a
1335 733 1458 779 testi-

79 827 98 850 »
132 808 287 852 moniis
314 808 400 853 tuis
426 823 516 852 non
547 807 806 852 declinavi2.
838 827 855 849 »
890 810 1073 852 Factum
1105 815 1200 862 est,
1225 805 1425 851 novimus
1442 840 1454 861 ,

75 878 305 923 recolimus
320 914 330 934 ,
354 878 639 936 agnoscimus.
657 882 899 938 Purpurata
922 887 987 922 est
1006 877 1206 922 universa
1228 887 1341 921 terra
1360 891 1461 920 san-

76 949 206 1007 guine
236 951 512 1006 Martyrum,
543 949 670 994 floret
705 947 870 993 eoelum
901 947 1069 993 coronis
1101 950 1368 1004 Martyrum,
1394 961 1461 991 or-

76 1028 189 1064 natae
226 1028 328 1064 sunt
349 1020 554 1064 Ecclesiae
589 1019 805 1064 memoriis
827 1022 1098 1077 Martyrum,
1123 1018 1328 1077 insignita
1359 1025 1462 1061 sunt

76 1099 273 1150 tempora
299 1089 517 1134 natalibus
538 1094 804 1148 Martyrum,
830 1090 1109 1135 crebrescunt
1141 1089 1342 1133 sanitates
1370 1102 1464 1131 me-

77 1161 168 1206 ritis
185 1164 446 1219 Martyrum.
472 1159 594 1205 Unde
616 1161 699 1205 hoc
713 1195 724 1215 ,
750 1161 830 1204 nisi
848 1160 949 1219 quia
972 1157 1240 1218 completum
1263 1166 1326 1202 est
1343 1155 1464 1217 quod

76 1230 336 1292 praedictum
355 1239 420 1275 est
442 1230 496 1275 de
517 1230 695 1275 homine
715 1231 797 1275 isto
811 1238 903 1274 toto
924 1239 1137 1274 terrarum
1157 1229 1260 1273 orbe
1283 1227 1460 1284 diffuso,

82 1321 100 1344 «
136 1301 266 1347 Multi
292 1310 600 1362 persequentes
621 1316 692 1345 me
709 1309 753 1344 et
774 1299 1032 1345 tribulantes
1054 1314 1146 1357 me,
1167 1314 1189 1342 a
1210 1297 1465 1343 testimoniis

83 1392 102 1415 »
137 1372 222 1417 tuis
256 1387 345 1416 non
369 1371 619 1416 declinavi?
651 1391 669 1412 »
701 1371 1014 1426 Agnoscimus,
1044 1379 1088 1414 et
1117 1369 1272 1428 gratias
1300 1368 1465 1427 agimus

78 1444 264 1490 Domino
284 1446 374 1488 Deo
404 1452 568 1488 nostro.
600 1445 667 1486 Tu
694 1457 884 1502 namque
919 1442 1078 1495 homo,
1099 1449 1149 1484 tu
1169 1440 1216 1484 in
1238 1438 1321 1484 alio
1341 1438 1463 1484 Psal-

77 1530 167 1570 m0,
181 1523 231 1559 tu
250 1513 341 1574 ipse
358 1512 524 1559 dixisti:
540 1531 557 1553 «
579 1512 669 1558 Nisi
686 1512 789 1573 quia
806 1512 1016 1556 Dominus
1038 1518 1129 1555 erat
1149 1510 1196 1554 in
1215 1509 1355 1564 nobis,
1378 1509 1464 1554 for-

84 1605 104 1628 »
138 1594 249 1630 tasse
275 1584 396 1629 vivos
431 1583 755 1628 absorbuissent
776 1597 854 1627 nos
877 1583 908 1626 ³.
938 1601 956 1623 »
982 1584 1096 1626 Ecce
1120 1595 1254 1641 quare
1286 1580 1342 1624 ab
1376 1581 1467 1640 ejus

80 1655 335 1701 testimoniis
366 1670 457 1699 non
477 1653 731 1709 declinasti,
757 1661 801 1697 et
822 1652 878 1697 ad
900 1651 1089 1712 palmam
1116 1651 1315 1711 supernae
1333 1665 1465 1695 voca-

82 1727 211 1772 tionis
236 1726 350 1770 inter
390 1739 545 1770 manus
584 1723 824 1769 multorum
858 1721 1213 1783 persequentium
1246 1719 1468 1766 tribulan-

83 1797 282 1857 tiumque
302 1796 474 1841 venisti.

143 1870 220 1911 Vl.
252 1885 269 1907 «
294 1865 422 1920 Vidi,
447 1863 616 1925 inquit,
640 1863 879 1908 insensatos
899 1897 910 1917 ,
933 1871 977 1907 et
997 1861 1272 1907 tabescebam
1294 1880 1302 1907 ι
1333 1881 1350 1902 »
1375 1861 1468 1917 vel,

85 1940 197 1985 sicut
213 1937 284 1982 alii
303 1936 472 1981 codices
490 1935 675 1979 habent:
696 1953 712 1974 «
729 1933 830 1978 Vidi
847 1949 936 1978 non
957 1941 1175 1978 servantes
1197 1941 1372 1992 pactum
1388 1932 1403 1957 ⁴
1423 1950 1431 1976 z
1450 1951 1467 1971 »

86 2019 131 2055 et
149 2010 233 2054 hoc
254 2007 402 2068 plures
423 2006 604 2051 habent.
633 2003 717 2050 Sed
749 2004 826 2065 qui
847 2012 950 2049 sunt
971 2002 1048 2064 qui
1070 2012 1246 2063 pactum
1269 2017 1358 2046 non
1381 2017 1472 2046 ser-

86 2088 310 2134 vaverunt,
336 2077 416 2122 nisi
433 2076 510 2137 qui
529 2074 858 2120 declinaverunt
879 2090 902 2119 a
923 2073 1179 2118 testimoniis
1199 2072 1302 2126 Dei,
1328 2072 1472 2116 tribu-

86 2150 269 2195 lationes
289 2147 528 2193 multorum
550 2145 905 2206 persequentium
926 2159 1017 2188 non
1051 2142 1237 2187 ferentes
1254 2144 1272 2186 Ξ)
1294 2144 1388 2186 Hoc
1409 2149 1473 2187 est

89 2230 236 2267 autem
265 2229 469 2281 pactum,
502 2218 650 2279 utqui
681 2217 852 2271 vicerit,
889 2225 1137 2260 coronetur.
1175 2216 1268 2258 Hoc
1295 2222 1472 2273 pactum

89 2308 180 2338 non
200 2299 506 2345 servaverunt,
531 2288 609 2350 qui
630 2287 974 2348 persecutionem
992 2302 1082 2331 non
1099 2284 1331 2330 tolerantes
1349 2300 1371 2328 a
1396 2292 1477 2327 tes-

89 2362 281 2408 timoniis
301 2361 379 2405 Dei
400 2359 602 2420 negando
632 2356 974 2402 declinaverunt.
1002 2359 1091 2401 Hos
1113 2369 1213 2413 ergo
1235 2354 1314 2398 iste
1335 2353 1471 2408 vidit,

91 2443 136 2479 et
155 2432 432 2488 tabescebat,
457 2432 559 2492 quia
581 2429 806 2488 diligebat.
833 2427 959 2473 Zelus
980 2427 1052 2472 ille
1075 2436 1137 2471 est
1159 2426 1275 2470 enim
1302 2425 1443 2469 bonus
1459 2459 1471 2480 ‚

92 2504 148 2550 de
170 2518 314 2549 amore
335 2502 511 2548 veniens
527 2536 538 2558 ,
559 2517 648 2546 non
668 2500 818 2545 livore.
845 2501 897 2543 In
918 2514 1007 2559 quo
1028 2497 1144 2542 enim
1165 2512 1255 2541 non
1278 2509 1475 2540 servave-

142 2595 152 2612 1
172 2587 257 2622 Psal.
274 2598 383 2629 cxviii,
401 2586 474 2622 156.
499 2602 540 2612 -·
560 2593 574 2612 ²
592 2585 674 2620 Ibid.
699 2584 772 2628 157.
789 2601 831 2608 —
854 2582 867 2609 ³
886 2584 933 2617 ld.
948 2594 1034 2624 extu,
1053 2591 1084 2615 2.
1110 2599 1150 2605 »-
1170 2580 1243 2613 fild.
1264 2591 1375 2623 cxviu,
1398 2579 1472 2612 158.
