1848 3261
371 230 456 271 402
792 235 826 265 s.
861 234 1094 266 Auousnm
1124 238 1306 267 131>1scom

435 308 495 351 II.
527 304 646 359 Quid
673 319 777 364 ergo
806 303 879 348 hic
916 304 1234 362 intelligamus,
1272 304 1498 350 attendite.
1529 291 1755 366 Numquid

353 376 523 439 judicia
544 376 622 421 Dei
643 375 781 420 nescit
801 373 1028 419 Ecclesia?
1065 376 1152 420 Scit
1183 375 1326 434 plane.
1352 378 1462 422 Nam
1499 376 1578 421 scit
1600 377 1754 436 utique

365 447 566 510 qualibus
583 447 779 493 dicturus
802 447 854 491 sit
868 449 893 490 J
897 447 1012 491 udex
1025 447 1226 492 vivorum
1244 457 1288 492 et
1308 457 1582 493 mortuorum
1605 468 1613 494 z
1636 468 1656 491 «
1671 451 1757 492 Vee

367 537 388 561 »
422 519 513 563 nite
528 554 539 575 ,
563 517 785 562 benedicti
806 517 943 561 Patris
965 517 1066 573 mei,
1084 517 1292 577 percipite
1314 533 1498 576 regnum
1519 538 1529 564 ι
1549 537 1569 560 »
1591 528 1634 563 et
1651 534 1754 579 qua-

361 588 478 634 libus
495 590 692 634 dicturus
719 587 774 631 sit
795 607 804 632 :
835 606 854 629 «
876 589 943 631 Ite
960 588 1010 631 ‘in
1034 589 1182 646 ignem
1207 597 1420 633 aeternum
1435 591 1466 633 ¹.
1495 607 1515 630 »
1544 589 1659 643 Scit,
1683 589 1754 632 in-

360 673 493 719 quam
509 693 520 714 ,
545 672 691 718 neque
711 655 1010 713 fornicatores,
1030 673 1174 718 neque
1192 658 1316 703 idolis
1339 659 1589 713 servientes,
1609 673 1755 718 neque

360 729 456 774 sslos
479 739 610 790 atque
631 728 744 785 illos,
763 744 870 789 quos
891 728 954 772 ibi
972 728 1193 788 apostolus
1211 729 1372 774 Paulus
1390 739 1632 785 enumerat,
1652 745 1754 788 reg-

360 815 468 845 num
489 800 562 844 Dei
584 815 852 860 possessuros
864 802 897 843 ².
921 800 1010 844 Scit
1030 799 1138 844 iram
1155 809 1198 844 et
1218 800 1564 859 indignationem
1581 835 1592 855 ,
1617 800 1755 844 tribu-

358 869 567 915 lationem
589 880 634 916 et
654 871 873 930 angustias
894 869 942 914 in
963 885 1139 914 omnem
1156 870 1346 914 animam
1363 871 1550 915 hominis
1573 885 1755 929 operan-

359 942 413 987 tis
428 940 592 986 malum
607 977 618 997 ,
639 945 663 986 J
668 942 783 986 udaei
804 941 996 1001 primum
1019 950 1063 984 et
1079 940 1219 984 Graeci
1240 960 1249 985 ε
1276 940 1458 998 gloriam
1475 956 1593 995 vero,
1611 949 1654 983 et
1670 941 1753 984 ho—

363 1028 530 1067 norem,
555 1021 599 1056 et
621 1027 774 1072 pacem
798 1011 918 1056 omni
950 1011 1147 1070 operanti
1168 1011 1336 1055 bonum
1353 1046 1363 1065 ,
1390 1010 1544 1055 Judaeo
1563 1011 1754 1070 primum

360 1092 403 1126 et
425 1084 576 1127 Graeco
592 1084 624 1126 3.
651 1086 755 1127 Haec
788 1092 919 1142 atque
952 1081 1204 1142 hujusmodi
1231 1080 1396 1140 judicia
1419 1082 1494 1125 Dei
1532 1080 1754 1124 evidenter

361 1168 556 1212 expressa
578 1153 700 1197 novit
722 1153 911 1197 Ecclesia
933 1171 941 1197 :
967 1152 1042 1196 sed
1068 1168 1158 1196 non
1188 1152 1279 1211 ipsa
1314 1161 1417 1196 sunt
1449 1152 1594 1196 omnia
1615 1172 1626 1209 3
1651 1165 1753 1195 cum

357 1225 444 1267 sint
466 1222 668 1284 quaedam
702 1223 998 1268 inscrutabilia
1019 1258 1029 1278 ,
1064 1233 1108 1267 et
1127 1224 1239 1267 sicut
1259 1224 1439 1281 abyssus
1462 1223 1599 1266 multa
1615 1257 1625 1277 ,
1650 1238 1754 1282 pro-

358 1292 496 1337 funda
513 1303 557 1337 et
579 1293 766 1338 occulta.
792 1298 861 1338 An
890 1303 933 1338 et
953 1294 1044 1353 ipsa
1066 1303 1170 1338 nota
1192 1303 1293 1338 sunt
1322 1292 1584 1353 quibusdam
1609 1292 1752 1336 excel-

356 1363 616 1409 lentioribus
645 1365 850 1408 membris
876 1364 1067 1408 hominis
1091 1364 1220 1423 hujus
1237 1399 1248 1418 ,
1287 1364 1360 1423 qui
1387 1379 1486 1408 cum
1512 1379 1590 1407 suo
1615 1363 1755 1422 capite

360 1433 581 1480 Salvatore
599 1444 716 1479 totus
738 1443 802 1478 est
834 1434 1063 1479 Christus?
1100 1433 1403 1478 Inscrutabilia
1428 1434 1545 1477 enim
1575 1431 1754 1478 fortasse

358 1505 473 1548 dicta
506 1515 608 1549 sunt
639 1504 831 1558 homini,
869 1504 971 1564 quia
999 1503 1164 1548 viribus
1188 1504 1275 1549 suis
1301 1519 1349 1547 ea
1372 1519 1461 1548 non
1487 1512 1629 1563 potest
1653 1520 1754 1563 per-

357 1575 553 1618 scrutari.
577 1573 662 1618 Sed
683 1590 762 1618 cur
779 1590 869 1617 non
892 1574 1025 1633 possit
1041 1574 1158 1617 dono
1179 1573 1360 1633 Spiritus
1383 1574 1536 1628 sancti,
1561 1574 1755 1618 cuicum·

358 1660 443 1704 que
460 1645 543 1688 hoc
561 1644 771 1688 Dominus
788 1641 985 1688 conferre
1000 1644 1230 1701 dignatur?
1245 1645 1313 1689 Sic
1328 1645 1444 1688 enim
1455 1643 1574 1702 ‚illud
1587 1643 1755 1688 dictum

358 1725 422 1759 est
447 1735 456 1759 2
481 1735 503 1758 «
526 1719 640 1760 Deus
657 1715 826 1759 habitat
850 1714 1349 1759 luceminaccessibilem
1369 1717 1384 1740 4
1404 1735 1412 1760 ε
1441 1734 1461 1756 »
1488 1725 1532 1760 et
1553 1715 1754 1760 audimus

358 1794 528 1841 tamen,
557 1804 577 1827 «
603 1784 810 1829 Accedite
832 1784 888 1828 ad
909 1800 1027 1839 eum,
1048 1794 1091 1828 et
1113 1783 1421 1829 illuminamini
1437 1787 1467 1829 ⁵.
1488 1803 1508 1826 »
1535 1788 1641 1838 Quae
1662 1786 1753 1829 uti-

359 1872 444 1916 que
466 1857 525 1900 ita
547 1855 729 1901 solvitur
751 1857 935 1916 quaestio
950 1891 960 1911 ,
986 1865 1038 1899 ut
1052 1855 1358 1900 inaccessibilis
1381 1857 1434 1900 sit
1463 1856 1628 1901 viribus
1652 1872 1754 1901 nos-

359 1926 456 1981 tris,
477 1927 708 1970 accedatur
726 1936 871 1971 autem
893 1925 948 1970 ad
971 1941 1072 1970 eum
1095 1926 1349 1970 muneribus
1371 1926 1475 1971 suis.
1494 1931 1752 1986 Quanquam

358 1997 437 2041 etsi
470 1997 635 2040 nemini
669 1997 848 2041 omnino
876 2006 1127 2041 sanctorum
1145 2032 1156 2052 ,
1202 1997 1400 2056 quandiu
1443 2013 1598 2056 corpus
1631 1996 1753 2056 quod

358 2068 652 2127 corrumpitur
684 2078 890 2126 aggravat
923 2068 1111 2112 animam
1131 2068 1146 2093 ⁶
1167 2102 1178 2122 ,
1204 2067 1347 2111 omnia
1363 2066 1528 2127 judicia
1550 2067 1628 2112 Dei
1644 2067 1752 2111 scire

359 2139 641 2193 conceditur,
671 2140 774 2199 quia
807 2155 955 2183 revera
983 2139 1173 2183 multum
1205 2147 1269 2182 est
1292 2138 1347 2182 ad
1376 2139 1623 2193 hominem,
1648 2153 1750 2182 cum

359 2208 555 2268 profecto
573 2244 584 2265 ,
600 2211 679 2267 (ut
698 2209 865 2269 aliquid
883 2209 1066 2269 exempli
1080 2210 1213 2267 gratia
1236 2208 1378 2253 dicam
1395 2244 1405 2264 ,
1430 2209 1548 2253 unde
1566 2209 1750 2269 judicio-

357 2295 456 2324 rum
477 2283 555 2325 Dei
571 2280 824 2341 conjiciatur
840 2281 1298 2338 immensitas,)nemo
1310 2280 1402 2323 sine
1413 2279 1578 2340 judicio
1599 2280 1675 2323 Dei
1695 2280 1751 2324 sit

358 2351 508 2395 tardus
529 2351 576 2396 in
607 2351 772 2406 animo,
809 2351 879 2396 vel
914 2350 1096 2396 claudus
1125 2350 1171 2394 in
1207 2366 1387 2410 corpore
1412 2369 1421 2395 :
1447 2350 1580 2394 habet
1602 2359 1749 2394 tamen

358 2423 477 2466 unde
493 2421 609 2467 dicat
621 2422 829 2479 Ecclesia,
846 2423 931 2467 hoc
948 2431 1034 2479 est,
1059 2420 1247 2482 populus
1261 2421 1558 2481 acquisitionis
1575 2455 1586 2477 ,
1612 2429 1655 2465 et
1672 2436 1748 2465 ve-

407 2524 418 2540 ¹
445 2519 557 2551 Matth.
575 2529 663 2561 xxv,
682 2517 724 2560 34
748 2522 782 2550 et
797 2517 852 2560 [μ.
873 2535 915 2541 -
935 2524 947 2540 ²
969 2529 982 2550 1
1001 2520 1073 2551 Cor.
1093 2527 1143 2558 vi,
1171 2528 1206 2559 9,
1227 2528 1278 2550 10.
1300 2534 1342 2541 —
1369 2515 1382 2541 3
1405 2520 1496 2551 Rom.
1516 2527 1552 2560 n,
1575 2528 1610 2560 9,
1631 2527 1683 2550 10.
1704 2533 1745 2540 —

360 2571 377 2600 4
396 2585 410 2606 1
435 2575 515 2607 Tim.
536 2586 580 2617 vr,
603 2575 655 2608 16.
675 2592 715 2599 —
729 2573 745 2599 ⁵
766 2574 848 2608 Psal.
863 2586 950 2617 xxm,
966 2573 997 2607 5.
1020 2591 1061 2598 -
1079 2572 1095 2597 6
1110 2575 1184 2617 Sap.
1203 2584 1250 2616 lx,
1271 2574 1321 2608 15.
