1848 3261
413 207 499 251 274
847 221 881 248 s.
917 216 1148 250 Aucus-1131
1178 219 1362 250 Enseom

411 286 515 341 das,
549 284 637 330 sive
662 282 736 329 ille
765 284 969 345 populus.
998 289 1097 331 «Et
1123 286 1302 331 intravit
1332 285 1444 330 sicut
1477 298 1590 345 aqua
1609 283 1657 328 in
1676 284 1792 328 inte-

411 376 434 401 »
469 357 584 402 riora
613 357 720 417 ejus.
754 373 775 398 »
804 359 921 416 Ergo
949 367 992 403 et
1020 358 1124 403 foris
1161 366 1205 402 et
1238 358 1355 403 intus
1379 378 1390 416 3
1419 356 1524 402 foris
1557 356 1668 400 sicut
1696 370 1794 401 ves-

409 429 646 474 timentum
664 463 676 484 ,
713 428 831 472 intus
873 429 984 473 sicut
1024 445 1137 490 aqua
1169 448 1179 474 ε
1213 429 1419 489 quoniam
1445 429 1491 473 in
1522 429 1615 488 ejus
1641 426 1795 471 incidit

405 500 649 562 judicium,
679 499 755 559 qui
788 507 931 558 potest
958 509 1002 545 et
1035 515 1191 560 corpus
1224 509 1267 544 et
1303 500 1492 544 animam
1523 499 1717 543 occidere
1747 497 1795 541 in

411 571 637 631 gehenna1
665 588 674 614 :
702 585 857 629 corpus
878 568 1004 626 foris,
1032 571 1219 615 animam
1242 571 1374 615 intus.
1393 589 1414 612 «
1435 572 1493 614 Et
1514 569 1626 613 sicut
1649 567 1796 612 oleum

412 662 432 685 >›
466 642 512 686 in
528 641 692 686 ossibus
709 641 815 700 ejus.
844 659 864 682 »
890 642 1093 687 Ostendit
1110 658 1212 686 eum
1233 657 1334 687 cum
1351 640 1638 686 delectatione
1659 637 1796 683 male-

408 710 571 767 facere,
603 720 648 754 et
681 726 931 771 comparare
959 712 1042 756 sibi
1062 712 1442 766 maledictionem,
1465 711 1549 755 hoc
1577 718 1668 764 est,
1705 723 1796 767 poe-

406 798 510 827 nam
537 790 746 826 aeternam
771 801 782 827 2
808 783 911 843 quia
952 781 1201 827 benedictio
1232 783 1322 827 vita
1352 790 1513 826 aeterna
1544 788 1621 824 est.
1661 777 1796 824 Modo

404 852 568 914 quippe
587 850 815 897 malefacta
832 852 1075 908 delectant,
1117 853 1230 898 sicut
1266 868 1378 913 aqua
1399 853 1446 896 in
1479 851 1682 895 interiora
1700 884 1711 906 ,
1752 857 1796 893 et

406 925 519 969 sicut
540 923 685 968 oleum
700 921 748 967 in
773 923 938 968 ossibus
959 923 1060 968 :sed
1081 923 1181 968 ideo
1200 922 1450 967 maledictio
1470 929 1673 975 vocatur,
1694 919 1797 980 quia

405 994 566 1039 talibus
586 997 699 1038 Deus
724 1001 942 1038 tormenta
966 993 1182 1053 praedixit.
1211 995 1437 1052 Tanquam
1458 991 1505 1035 in
1527 990 1693 1035 ossibus
1716 1005 1796 1033 au-

405 1075 496 1111 tem
518 1064 665 1110 oleum
691 1074 755 1109 est
788 1064 1062 1121 maledictio,
1094 1080 1196 1109 cum
1230 1064 1430 1108 homines
1454 1061 1558 1106 inde
1591 1077 1635 1105 se
1663 1061 1797 1105 sortes

406 1145 586 1197 putant,
612 1135 715 1195 quia
736 1134 840 1179 licet
861 1136 919 1179 eis
941 1135 1054 1179 mala
1076 1145 1287 1196 tanquam
1307 1134 1488 1194 impune
1505 1132 1792 1177 committere.

465 1209 588 1250 XXI.
611 1223 632 1247 «
654 1206 751 1249 Fiat
773 1205 811 1249 ei
832 1205 944 1249 sicut
964 1206 1295 1259 vestimentum,
1321 1220 1410 1265 quo
1434 1203 1670 1263 operitur.»
1684 1203 1797 1247 Cum

406 1278 602 1337 superius
619 1278 711 1337 jam
733 1276 891 1320 dixerit
912 1276 967 1320 de
987 1278 1247 1321 vestimento
1265 1312 1276 1332 ,
1302 1275 1409 1335 quid
1432 1285 1496 1319 est
1525 1274 1647 1334 quod
1677 1288 1799 1333 repe-

406 1348 489 1393 tit?
507 1350 576 1392 An
596 1338 700 1408 quia
721 1345 888 1390 dixerat
913 1365 921 1391 :
946 1365 968 1389 «
990 1346 1140 1390 Induit
1164 1345 1515 1390 maledictionem
1539 1345 1650 1388 sicut
1668 1344 1799 1388 vesti-

409 1437 431 1461 »
467 1427 682 1467 mentum,
700 1416 882 1460 »differt
894 1417 948 1461 ab
965 1432 1016 1461 eo
1031 1417 1340 1462 vestimentum
1357 1431 1445 1476 quo
1466 1430 1556 1460 non
1573 1414 1795 1472 induitur3

406 1489 482 1533 sed
505 1487 945 1548 operiturPInduitur
965 1487 1081 1531 enim
1103 1487 1290 1548 quisque
1310 1487 1474 1542 tunica,
1495 1485 1690 1545 operitur
1709 1483 1799 1544 pal-

407 1560 481 1604 lio.
497 1562 554 1603 Et
575 1558 684 1618 quid
705 1567 769 1602 est
791 1558 890 1613 hoc,
912 1558 994 1602 nisi
1014 1558 1145 1602 etiam
1168 1558 1214 1601 in
1232 1566 1470 1617 conspectu
1490 1555 1722 1601 hominum
1743 1553 1800 1598 de

408 1630 636 1690 iniquitate
660 1627 867 1687 gloriari?
896 1647 917 1670 «
947 1631 1004 1672 Et
1026 1629 1134 1672 sicut
1159 1644 1290 1683 zona,
1317 1628 1487 1688 inquit,
1512 1643 1598 1688 qua
1631 1640 1800 1685 semper

411 1718 432 1743 »
466 1699 759 1760 praecingitur.
785 1716 805 1739 »
825 1698 1012 1743 Maxime
1035 1699 1232 1743 homines
1250 1697 1349 1743 ideo
1374 1698 1724 1758 praecinguntur,
1749 1704 1800 1740 ut

409 1770 466 1815 ad
489 1768 761 1830 operandum
784 1768 868 1812 sint
890 1769 1091 1827 aptiores,
1117 1783 1173 1812 ne
1193 1768 1321 1813 vestis
1343 1768 1509 1812 sinibus
1530 1765 1800 1827 praepedian-

408 1850 495 1886 tur.
522 1843 637 1898 Ergo
658 1837 964 1883 maledictione
988 1854 1033 1883 se
1054 1838 1282 1898 praecingit
1300 1873 1310 1893 ,
1337 1837 1413 1898 qui
1435 1836 1601 1882 malum
1624 1852 1714 1881 non
1731 1850 1799 1880 re-

409 1912 662 1972 pentinum,
693 1909 769 1954 sed
797 1909 1054 1968 dispositum
1076 1908 1349 1968 aggreditur,
1374 1917 1417 1952 et
1440 1909 1498 1953 ita
1520 1907 1647 1952 discit
1667 1907 1799 1951 male-

409 1982 572 2037 facere,
596 1990 647 2026 ut
667 1995 835 2040 semper
853 1989 1027 2040 paratus
1048 1980 1116 2024 sit.
1144 1979 1268 2024 Unde
1286 1989 1330 2024 et
1350 1979 1422 2024 hic
1446 1980 1505 2024 ait
1531 1998 1540 2024 :
1564 1997 1586 2022 «
1609 1982 1666 2024 Et
1689 1979 1799 2023 sicut

410 2073 432 2097 »
467 2069 576 2099 zona
593 2088 604 2108 ,
629 2069 716 2113 qua
738 2067 907 2111 semper
928 2051 1223 2111 praecingitur.
1243 2068 1264 2092 »
1458 2043 1466 2049 ἵ

467 2127 613 2169 XXII.
653 2143 674 2166 «
701 2126 794 2168 Hoc
818 2138 928 2182 opus
960 2138 1110 2167 eorum
1131 2157 1142 2178 ,
1173 2121 1250 2182 qui
1280 2120 1519 2167 detrahunt
1550 2120 1656 2164 mihi
1681 2119 1799 2179 apud

413 2214 434 2238 »
468 2195 706 2240 Dominum
723 2198 784 2238 2.»
805 2196 904 2239 Non
926 2193 1034 2238 dixit
1049 2228 1060 2249 ,
1097 2207 1260 2237 merces
1285 2207 1437 2237 eorum
1462 2212 1473 2250 3
1495 2190 1570 2235 sed
1587 2225 1598 2246 ,
1627 2210 1647 2233 «
1678 2191 1799 2250 Opus

413 2287 432 2310 »
468 2264 956 2312 eorum.»Manifestum
979 2273 1043 2309 est
1058 2265 1174 2308 enim
1192 2262 1312 2324 quod
1331 2262 1590 2307 indumento
1614 2270 1658 2305 et
1679 2276 1798 2321 oper-

408 2337 521 2383 torio
539 2347 582 2382 et
606 2353 718 2397 aqua
735 2345 779 2380 et
801 2336 897 2380 oleo
920 2346 958 2381 et
985 2351 1093 2381 zona
1117 2336 1207 2395 ipsa
1228 2349 1358 2394 opera
1381 2333 1655 2378 describebat
1671 2367 1681 2387 ,
1704 2332 1800 2391 qui-

408 2409 490 2452 bus
518 2417 680 2452 aeterna
713 2406 959 2451 maledictio
992 2414 1280 2465 comparatur.
1318 2407 1417 2449 Non
1450 2419 1552 2462 ergo
1590 2411 1654 2447 est
1685 2417 1798 2446 unus

410 2481 434 2523 J
440 2478 545 2523 udas
563 2513 573 2533 ,
598 2476 674 2522 sed
695 2476 824 2520 multi
846 2476 900 2519 de
922 2476 1082 2536 quibus
1111 2476 1270 2521 dicitur
1295 2494 1303 2518 :
1330 2494 1346 2514 «
1377 2477 1470 2519 Hoc
1488 2489 1596 2533 opus
1619 2488 1767 2517 eorum
1782 2507 1793 2528 ,

459 2568 466 2586 ¹
489 2562 601 2595 Matth.
624 2572 656 2599 Χ,
676 2561 729 2594 28.
749 2577 790 2584 -
810 2567 821 2583 ²
836 2560 915 2593 psal.
935 2571 1023 2602 cvm,
1047 2569 1100 2594 το.
