1848 3261
345 197 431 238 424
768 212 803 240 s.
838 210 1069 240 Auens'rnu
1100 212 1281 241 13121500121

345 274 400 319 de
423 272 643 318 beneficiis
660 275 766 335 ejus,
793 292 891 336 quae
906 278 993 337 jam
1006 286 1263 322 consecutus
1277 288 1356 334 est,
1372 278 1564 339 quodam
1576 277 1725 335 modo,

345 345 379 389 si
401 343 486 389 dici
500 354 662 404 potest,
681 347 937 406 praescribit,
955 357 1006 392 ut
1023 348 1227 407 impetret
1247 358 1402 393 caetera
1420 365 1519 409 quae
1531 349 1730 393 nondum

343 424 408 460 est
429 424 701 460 consecutus.
728 417 802 461 Ait
822 418 937 460 enim
963 437 971 462 :
1010 437 1029 459 «
1055 418 1181 462 Viam
1197 418 1390 463 veritatis
1412 419 1520 477 elegi
1536 440 1547 476 3
1566 418 1732 478 judicia

348 505 370 529 «
402 495 478 530 tua
504 502 594 531 non
611 503 707 530 sum
726 486 902 531 oblitus.
924 488 1099 533 Adhaesi
1114 490 1370 533 testimoniis
1387 490 1472 533 tuis
1499 509 1508 534 :
1528 491 1730 546 Domine,

343 575 366 600 »
401 559 491 603 noli
511 574 581 602 me
604 557 890 602 confundere.
917 560 1043 604 Viam
1065 561 1256 605 veritatis
1279 560 1411 619 elegi,
1439 579 1460 601 »
1487 561 1565 604 ubi
1582 576 1734 605 curre-

343 644 436 673 rem
461 648 469 673 :
513 647 533 669 «
560 631 584 671 J
591 628 731 672 udicia
758 638 834 672 tua
869 645 958 673 non
995 646 1091 674 sum
1119 631 1308 686 oblitus,
1353 650 1373 672 »
1399 640 1450 675 ut
1482 646 1730 676 currerem:

347 718 369 740 ‹<
403 696 581 742 Adhaesi
602 699 857 743 testimoniis
876 700 960 743 tuis
981 735 991 754 ‚
1018 718 1038 740 ³>
1063 716 1164 744 cum
1195 717 1413 745 currerem
1442 721 1450 745 z
1477 701 1700 745 «Domine
1721 735 1732 756 ‚

345 786 367 810 ,11
403 767 495 813 noli
512 784 584 812 me
599 768 912 827 confundere13
934 791 952 812 ,1
965 786 1053 831 quo
1067 786 1194 815 curro
1208 771 1480 830 pertendam,
1495 788 1584 832 quo
1604 771 1736 816 tendo

341 840 609 899 perveniam.
646 842 744 885 Non
766 841 878 884 enim
908 841 1115 897 volentis,
1138 857 1279 902 neque
1302 842 1536 897 currentis,
1561 842 1637 885 sed
1651 843 1737 886 mi·-

343 909 523 954 serentis
544 920 608 954 est
629 911 708 955 Dei
722 914 754 954 ².
783 911 980 971 Denique
995 912 1191 972 sequitur
1208 931 1216 956 :
1246 931 1264 953 «
1287 912 1413 955 Viam
1430 909 1738 955 mandatorum

347 998 370 1022 »
404 989 582 1025 tuorum
605 981 793 1037 cucurri,
812 997 912 1026 cum
930 981 1118 1026 dilatasti
1135 998 1209 1026 cor
1230 984 1420 1026 1116111113.
1446 1001 1466 1023 »
1481 984 1579 1027 Non
1596 997 1740 1026 curre·

346 1066 436 1095 rem
453 1085 465 1107 ,
490 1052 572 1094 nisi
599 1051 819 1095 dilatasses
843 1068 916 1096 cor
944 1067 1107 1096 meum.
1134 1056 1314 1097 Prorsus
1346 1053 1428 1097 isto
1451 1067 1579 1097 versu
1601 1067 1739 1112 expo-

346 1123 467 1167 nitur
488 1120 860 1183 quemadmodum
886 1123 1053 1167 dictum
1075 1124 1154 1168 sit:
1195 1144 1214 1165 «
1237 1124 1361 1168 Viam
1380 1123 1576 1168 veritatis
1599 1123 1737 1182 elegi,

348 1211 370 1235 »
401 1193 567 1252 judicia
590 1203 665 1237 tua
687 1209 776 1237 non
798 1209 893 1237 sum
914 1192 1076 1237 oblitus
1091 1229 1100 1245 ‚
1125 1195 1286 1238 adhaesi
1304 1194 1561 1239 testimoniis
1588 1194 1686 1237 tuis.
1717 1212 1738 1234 »

348 1265 511 1309 Cursus
529 1273 591 1308 est
609 1263 772 1324 quippe
785 1263 864 1307 iste
882 1264 962 1307 viae
980 1263 1287 1308 mandatorum
1300 1264 1393 1307 Dei.
1413 1267 1469 1307 Et
1487 1264 1586 1323 quia
1600 1264 1743 1322 potius

349 1335 441 1394 ejus
463 1334 674 1377 beneficia
697 1349 829 1393 quam
853 1350 929 1377 sua
954 1334 1107 1377 merita
1126 1335 1313 1378 Domino
1339 1333 1511 1393 allegat,
1537 1344 1742 1394 tanquam

349 1405 568 1449 diceretur
591 1405 627 1448 ei
648 1425 655 1449 :
683 1406 916 1458 Quomodo
930 1405 1055 1449 istam
1076 1405 1187 1449 viam
1203 1404 1447 1460 cucurristi,
1465 1404 1681 1463 eligendo,
1701 1412 1743 1448 et

350 1476 430 1520 Dei
455 1476 618 1535 judicia
641 1491 732 1519 non
765 1474 1062 1520 obliviscendo
1085 1511 1095 1531 ,
1123 1485 1165 1520 et
1198 1477 1290 1535 ejus
1320 1475 1574 1519 testimoniis
1597 1476 1746 1518 adhae-

352 1545 586 1590 rendo?a11
600 1556 738 1605 perte
760 1547 900 1605 ipsum
917 1547 995 1590 ista
1014 1547 1226 1606 potuisti?
1243 1550 1357 1599 Non,
1380 1547 1453 1590 ait.
1480 1546 1597 1599 Quid
1615 1548 1744 1603 ergo?

356 1636 377 1659 <1
402 1615 529 1660 Viam
567 1615 871 1660 mandatorum
892 1626 1087 1671 tuorum,
1112 1618 1270 1677 inquit>
1297 1617 1485 1672 cucurri,
1511 1632 1611 1661 cuni
1634 1616 1746 1660 dila-

352 1705 374 1728 »
410 1688 506 1731 tasti
560 1703 635 1731 cor
656 1702 820 1731 meum.
847 1706 867 1728 »
893 1690 992 1732 Non
1023 1703 1125 1746 ergo
1146 1704 1224 1748 per
1256 1689 1482 1747 proprium
1500 1723 1511 1743 ,
1552 1697 1594 1732 et
1622 1688 1745 1748 quasi

350 1756 514 1801 nullius
553 1767 640 1801 tuae
661 1758 754 1817 opis
786 1756 986 1816 indigum
1014 1758 1240 1802 arbitrium
1276 1774 1425 1802 meum
1451 1780 1462 1816 3
1486 1757 1561 1802 sed
1587 1778 1606 1799 «
1632 1760 1745 1802 Cum

354 1847 373 1869 11
411 1827 597 1871 dilatasti
621 1844 695 1872 cor
722 1842 884 1871 meum.
908 1845 928 1868 »
955 1827 1107 1872 Cordis
1132 1827 1351 1882 dilatatio,
1381 1829 1559 1888 justitiae
1583 1837 1646 1872 est
1669 1829 1746 1872 ‹le-

352 1899 543 1942 lectatio.
582 1901 685 1943 Haec
717 1914 878 1942 munus
905 1907 969 1942 est
999 1899 1076 1942 Dei
1096 1920 1108 1956 3
1131 1908 1181 1943 ut
1203 1899 1248 1942 in
1270 1899 1498 1958 praeceptis
1533 1901 1625 1959 ejus
1657 1914 1747 1943 non

352 1969 508 2012 timore
531 1984 676 2027 poenae
695 1978 977 2026 angustemur
996 2004 1007 2023 ‚
1033 1969 1109 2013 sed
1122 1968 1356 2013 dilectione
1373 2004 1384 2024 ‚
1400 1978 1443 2013 et
1460 1968 1748 2012 delectatione

349 2038 531 2099 justitiae
549 2037 797 2082 dilatemur.
819 2041 941 2083 Hanc
954 2040 1070 2082 enim
1088 2039 1213 2083 nobis
1232 2039 1447 2098 promittit
1468 2037 1746 2082 latitudinem

353 2110 445 2168 ejus
465 2109 613 2153 dicens
635 2125 643 2150 :
669 2128 689 2151 «
716 2109 933 2153 Habitabo
953 2110 999 2153 111
1021 2110 1080 2153 eis
1095 2144 1106 2163 ‚
1131 2108 1524 2153 etdeambulabo⁴.
1552 2126 1572 2149 »
1605 2111 1748 2160 Quam

354 2181 470 2224 6111111
497 2180 634 2223 latum
659 2189 721 2223 est
755 2180 831 2223 ubi
869 2179 1122 2224 deambulat
1149 2182 1287 2223 Deus!
1324 2182 1374 2222 ln
1403 2180 1484 2222 hac
1516 2178 1747 2223 latitudine

355 2251 621 2295 diffunditur
663 2252 847 2294 charitas
899 2252 943 2295 in
991 2250 1193 2295 cordibus
1232 2250 1387 2294 nostris
1424 2265 1501 2309 per
1537 2250 1746 2309 Spiritum

356 2332 555 2367 sanctum
571 2323 645 2382 qui
670 2323 796 2365 datus
820 2331 880 2365 est
896 2322 1056 2365 nobis5.
1076 2320 1198 2365 [nde
1217 2321 1343 2363 etiam
1368 2320 1533 2364 dictum
1547 2329 1634 2364 est:
1658 2323 1749 2364 «Et

356 2411 376 2433 )›
413 2394 456 2436 in
470 2392 621 2452 plateis
644 2393 727 2436 tuis
749 2391 992 2435 discum-ant
1010 2407 1133 2451 aqum
1156 2393 1282 2434 tusess.
1312 2410 1330 2431 ³>
1357 2390 1501 2435 Platea
1518 2392 1678 2451 quippe
1693 2390 1747 2434 cle

402 2496 411 2512 ¹
432 2491 717 2531 Psal.cxv111‚3o‚
739 2491 790 2521 31.
810 2507 850 2511 —-
874 2497 884 2511 ἒ
905 2491 995 2521 Rom.
1017 2501 1059 2529 121,
1084 2489 1133 2520 25.
1148 2507 1181 2510 --
1203 2487 1215 2510 3
1237 2488 1315 2520 Psal.
1336 2499 1446 2525 Γῑνῑιι,
1469 2489 1574 2520 [32.—-
1593 2487 1607 2517 1:
1634 2499 1644 2519 1
1662 2490 1735 2520 fior.

356 2558 405 2588 vr,
429 2548 481 2579 16.
503 2563 542 2572 -
568 2546 695 2581 51ὶο111.
715 2559 748 2588 i<²
771 2547 802 2577 Β.
827 2563 866 2568 ——
883 2544 896 2565 ὅ
918 2549 1009 2578 psov.
1033 2558 1065 2588 V>
1091 2547 1138 2577 10.
