1848 3261
377 222 461 262 484
806 231 839 259 s.
877 230 1105 259 AUGUSTINI
1138 230 1318 257 EPISCOPI

369 298 467 342 loco
489 296 784 356 intelligenda,
800 311 937 356 usque
960 296 1015 339 ad
1037 303 1221 338 mortem
1243 309 1321 352 pro
1343 293 1523 338 veritate
1545 294 1751 346 certare&

370 377 413 412 et
434 383 513 427 pro
536 383 637 411 vero
659 383 708 411 ac
731 381 901 411 summo
935 365 1052 409 bono
1079 363 1190 407 mala
1217 363 1363 407 omnia
1386 361 1570 407 tolerare
1597 381 1605 406 :
1631 364 1756 422 cujus

369 437 751 483 consummationis
773 436 869 480 finis
892 443 955 479 est
977 433 1184 479 excellere
1207 434 1253 476 in
1276 448 1410 491 regno
1433 432 1615 485 Christi,
1636 429 1758 492 quod

370 525 460 554 non
488 507 622 553 habet
643 509 803 563 finem3
829 514 872 549 et
891 506 1050 549 habere
1075 504 1135 548 ibi
1164 504 1254 547 sine
1278 512 1438 557 morte,
1464 502 1553 546 sine
1576 501 1754 557 dolore,

371 590 413 625 et
436 596 537 625 cum
559 594 716 636 magno
737 579 903 622 honore
919 577 1074 631 vitam,
1101 584 1239 619 morte
1261 575 1390 634 hujus
1407 573 1507 618 vitae
1529 590 1578 618 ac
1595 573 1759 618 dolori-

371 652 453 696 bus
471 660 514 694 et
537 649 777 709 opprobriis
796 647 1067 708 acquisitam.
1093 646 1223 699 Quod
1245 655 1387 690 autem
1407 644 1575 689 addidit
1595 680 1606 699 ,
1635 663 1655 686 «
1682 648 1760 689 La-

373 740 393 764 »
430 730 523 765 tum
547 719 802 763 mandatum
822 728 948 762 tuum
966 716 1092 761 valde
1114 736 1122 761 :
1142 720 1274 761 »Non
1298 715 1493 774 intelligo
1516 715 1595 759 nisi
1618 715 1760 760 chari-

372 801 519 836 tatem.
533 790 646 843 Quid
663 790 776 833 enim
795 788 1028 848 profuisset
1041 802 1317 847 quacumque
1332 795 1470 831 morte
1485 786 1757 842 imminente,

371 872 414 906 et
444 862 557 906 inter
590 870 945 921 quantacumque
966 867 1182 902 tormenta
1203 857 1276 901 illa
1298 857 1505 915 martyria
1534 857 1756 913 confiteri,

371 933 404 977 si
426 932 611 976 charitas
633 931 677 975 in
695 931 931 975 confitente
947 945 1035 974 non
1050 928 1189 973 esset?
1207 927 1448 972 Audiamus
1466 927 1725 986 Apostolum
1747 946 1757 972 ε

377 1023 396 1045 «
431 1006 486 1047 Et
504 1003 538 1046 si
560 1000 778 1046 tradidero
796 1036 806 1056 ‚
827 1001 990 1061 inquit,
1011 1014 1168 1059 corpus
1195 1013 1341 1042 meum
1362 1006 1410 1041 ut
1433 997 1606 1041 ardeam
1622 1033 1632 1052 ‚
1653 998 1760 1042 cha-

374 1094 393 1115 »
431 1074 602 1118 ritatem
621 1081 766 1117 autem
785 1087 874 1116 non
897 1070 1082 1114 habeam
1097 1105 1107 1124 ‚
1134 1069 1244 1113 nihil
1274 1069 1381 1113 mihi
1401 1068 1577 1128 prodest
1589 1072 1620 1112 ².
1650 1069 1762 1113 Cha-

375 1164 394 1187 »
431 1145 531 1188 ritas
556 1153 702 1188 autem
724 1142 800 1187 Dei
822 1142 981 1186 diffusa
1004 1151 1067 1185 est
1088 1141 1132 1184 in
1159 1141 1365 1185 cordibus
1388 1140 1543 1185 nostris
1566 1156 1641 1199 pcr
1662 1140 1761 1200 Spi-

375 1235 395 1256 »
431 1216 564 1275 ritum
584 1223 799 1267 sanctum,
820 1213 893 1272 qui
915 1213 1040 1256 datus
1063 1221 1126 1255 est
1144 1212 1270 1256 nobis
1285 1213 1313 1256 ³.
1327 1230 1346 1252 »
1366 1215 1415 1254 In
1430 1212 1509 1256 hac
1526 1210 1761 1256 diffusione

371 1284 558 1330 latitudo
581 1293 644 1328 est
661 1319 671 1337 ,
698 1284 743 1326 in
765 1299 851 1343 qua
875 1283 965 1326 sine
995 1282 1202 1341 angustiis
1221 1285 1289 1325 via
1312 1298 1489 1341 quoquc
1511 1282 1762 1326 ambulatur

372 1365 555 1415 angusta
573 1391 583 1409 ,
610 1354 801 1399 donante
824 1352 899 1397 illo
922 1353 993 1397 cui
1014 1352 1180 1396 dictum
1200 1362 1263 1396 est
1290 1372 1298 1396 :
1334 1372 1353 1394 «
1379 1352 1575 1397 Dilatasti
1597 1368 1765 1411 gressus

376 1448 394 1469 »
431 1443 548 1472 meos
571 1427 721 1470 subter
742 1441 825 1479 me,
847 1433 890 1468 et
911 1440 1001 1468 non
1023 1433 1124 1468 sunt
1145 1424 1362 1468 infirmata
1383 1424 1562 1482 vestigia
1584 1440 1679 1468 mea
1698 1425 1761 1468 4.»

376 1502 532 1543 Latum
564 1506 628 1541 est
665 1511 766 1554 ergo
802 1494 1057 1538 mandatum
1087 1495 1335 1548 charitatis,
1373 1494 1629 1539 mandatum
1654 1493 1767 1538 illud

376 1569 596 1629 geminum
617 1603 626 1621 ,
668 1583 757 1627 quo
781 1567 964 1627 jubetur
990 1569 1102 1610 Deus
1137 1575 1180 1610 et
1210 1567 1431 1625 proximus
1470 1565 1609 1625 diligi.
1648 1565 1768 1618 Quid

377 1649 523 1684 autem
551 1638 703 1693 latius,
738 1652 871 1698 quam
903 1646 954 1681 ut
987 1637 1062 1681 ubi
1101 1636 1289 1696 pendeat
1321 1647 1410 1682 tota
1434 1640 1523 1681 Lex
1545 1646 1589 1680 ct
1616 1651 1766 1683 omnes

381 1711 610 1769 Prophetae
629 1712 643 1735 ⁵
660 1709 677 1749 2

1001 1860 1160 1870 ————

859 1981 1080 2022 SERMO
1127 1982 1280 2020 XXII.

443 2145 476 2185 1.
504 2143 620 2186 SAEPE
644 2139 949 2184 admonuimus
977 2137 1241 2181 laudabilem
1269 2135 1571 2190 latitudinem,
1612 2136 1657 2179 in
1680 2152 1766 2196 qua

382 2212 539 2265 nullas,
561 2226 663 2256 cum
679 2209 884 2254 mandata
910 2209 981 2251 Dei
999 2207 1194 2262 facimus,
1210 2207 1427 2266 patiamur
1447 2207 1678 2264 angustias,
1704 2207 1765 2251 in-

382 2281 660 2341 telligendam
680 2296 768 2324 esse
786 2281 1054 2325 charitatem.
1069 2282 1250 2337 Propter
1263 2277 1384 2338 quod
1400 2277 1527 2321 etiam
1547 2277 1592 2320 in
1608 2292 1765 2336 magno

382 2355 463 2399 isto
488 2353 657 2398 Psalmo
680 2368 780 2397 cum
814 2352 1011 2411 superius
1042 2349 1217 2394 dixisset
1243 2369 1251 2394 :
1282 2369 1300 2390 «
1327 2353 1484 2394 Latum
1508 2349 1765 2393 mandatum

387 2445 408 2467 »
444 2434 569 2469 tuum
587 2422 714 2468 valde
739 2442 748 2468 ε
777 2441 797 2464 »
822 2423 867 2466 in
891 2424 973 2467 hoc
990 2420 1188 2482 sequenti
1208 2435 1336 2465 versu
1358 2419 1547 2465 ostendit
1572 2421 1688 2463 unde
1710 2420 1765 2464 sit

435 2531 447 2547 ¹*
466 2523 563 2556 Eccli.
584 2534 632 2565 w,
656 2522 709 2555 33.
729 2538 769 2545 —-
787 2528 799 2544 ²
821 2533 833 2554 1
854 2523 926 2555 Cor.
952 2532 1021 2561 xm,
1050 2521 1081 2552 3.
1107 2536 1147 2543 -
1168 2517 1181 2543 3
1200 2522 1292 2552 Rom.
1308 2531 1342 2561 v,
1365 2518 1396 2551 5.
1412 2536 1454 2542 —
1477 2518 1493 2548 4
1513 2519 1593 2551 Psal.
1614 2529 1688 2560 xvxi,
1709 2518 1762 2561 37.

387 2598 429 2603 —
448 2578 462 2604 ⁵
480 2579 594 2613 Matth.
616 2590 696 2619 un,
715 2577 754 2620 37
774 2585 806 2613 et
816 2577 868 2621 4ο.
