1848 3261
470 250 710 281 nuAnuATro
741 253 787 280 IN
819 249 1020 279 PsALMUM
1051 253 1120 278 cn.
1401 241 1455 279 83

78 315 140 359 ria
155 350 166 370 ‚
190 316 236 360 in
269 318 429 375 gemitu
445 353 457 374 ,
483 319 530 363 in
562 319 652 363 rixa
679 327 722 362 et
746 317 1026 362 contentione
1056 335 1065 360 :
1096 316 1186 375 ipse
1207 331 1351 361 secum
1375 317 1458 361 sibi

78 401 168 430 non
189 389 479 445 concordans,
521 406 544 434 a
570 405 615 434 se
644 389 889 443 dissonans,
922 404 945 432 a
974 403 1018 431 se
1038 386 1243 431 resiliens.
1270 390 1327 431 Et
1351 387 1460 448 quid

18 516 22 517 ⁷
78 457 138 500 ait
156 493 167 513 ,
212 468 364 518 optans
399 476 572 520 pacem,
606 475 757 520 pacem
799 474 943 503 veram
957 494 968 513 ,
1005 474 1154 518 pacem
1199 460 1461 518 supernam?

83 545 104 570 «
139 527 291 572 Infelix
317 545 396 588 ego
417 531 548 575 homo
564 566 575 586 ,
600 531 698 591 quis
719 545 788 573 me
807 528 1011 573 liberabit
1034 528 1088 573 de
1111 544 1291 589 corpore
1310 529 1462 573 mortis

81 615 103 639 »
137 598 293 658 hujus?
320 602 466 648 Gratia
489 602 566 645 Dei
589 616 665 660 per
685 603 832 644 Jesum
863 600 1085 645 Christum
1104 600 1338 644 Dominum
1362 615 1462 644 nos-

81 687 103 710 »
138 672 294 714 trum1.
320 671 403 715 Ubi
422 672 537 716 enim
560 671 798 716 abundavit
819 680 1069 731 peccatum,
1094 670 1464 731 superabundavit

83 757 104 781 >2
139 741 323 797 gratia.»
364 742 490 786 Unde
511 752 658 786 autem
690 742 927 786 abundavit
949 744 1202 802 peccatum?
1234 746 1353 786 «Lex
1383 758 1462 785 au-

84 827 105 852 »
140 819 227 855 tem
249 811 524 868 subintravit,
543 823 593 857 ut
607 812 850 857 abundaret
870 817 1139 872 peccatum2.
1160 831 1180 855 »
1199 818 1338 866 Quare
1351 815 1465 870 Lege

81 881 353 927 subintrante
383 883 623 927 abundavit
643 885 898 943 peccatum?
919 883 1029 937 Quia
1052 883 1261 927 nolebant
1294 899 1337 928 se
1361 899 1467 928 con-

81 952 193 996 fiteri
214 953 411 998 homines
428 964 673 1013 peccatores
689 990 700 1010 ,
723 954 870 999 addita
896 958 1010 1014 Lege
1031 954 1135 999 facti
1157 964 1259 998 sunt
1286 963 1329 997 et
1353 971 1465 1014 pree-

82 1023 354 1069 varicatores.
373 1026 680 1070 P1·aevaricator
694 1027 809 1070 enim
834 1042 924 1070 non
946 1036 1008 1070 est
1029 1026 1239 1085 quisque,
1264 1027 1344 1070 nisi
1366 1042 1468 1070 cum

81 1092 223 1152 legem
240 1104 526 1155 transgressus
550 1095 694 1140 fuerit.
720 1098 816 1153 Ipse
838 1094 1070 1153 Apostolus
1092 1096 1175 1140 hoc
1196 1095 1301 1140 dicit
1323 1116 1332 1142 ε
1357 1097 1469 1142 «Ubi

85 1181 106 1205 »
142 1165 255 1209 enim
274 1182 364 1209 non
381 1174 445 1208 est
464 1164 534 1207 lex
551 1199 561 1219 ,
582 1179 662 1207 nec
676 1164 970 1223 praevaricatio
985 1166 1016 1208 ³.
1045 1183 1065 1206 »
1091 1166 1345 1212 Abundavit
1364 1183 1467 1227 ergo

83 1231 310 1293 peccatum
325 1270 336 1290 ,
361 1245 411 1279 ut
427 1235 803 1294 superabundaret
825 1236 975 1295 gratia.
999 1239 1129 1294 Ergo,
1153 1247 1203 1281 ut
1223 1237 1366 1283 dicere
1381 1255 1471 1284 coe·

83 1320 230 1365 peram
249 1341 260 1361 ‚
286 1306 387 1366 quia
418 1307 502 1351 hoc
524 1315 588 1350 est
608 1306 654 1350 in
685 1310 799 1365 Lege
822 1322 1031 1366 magnum
1064 1309 1317 1366 mysterium
1332 1346 1344 1366 ,
1369 1310 1469 1356 ideo

84 1392 179 1421 eam
198 1377 344 1421 datam
357 1413 367 1433 ,
388 1386 438 1421 ut
456 1387 673 1422 crescente
691 1387 869 1437 peccato
883 1414 894 1434 ,
917 1378 1251 1424 humiliarentur
1272 1382 1465 1441 superbi,

81 1447 298 1492 humiliati
335 1449 663 1503 confiterentur,
699 1448 883 1493 confessi
916 1459 1170 1494 sanarentur
1198 1470 1207 1496 :
1248 1452 1340 1495 istae
1372 1462 1474 1497 sunt

83 1520 164 1564 viae
197 1519 381 1564 occultae
398 1556 409 1575 ,
437 1535 543 1580 quas
567 1529 689 1564 notas
713 1519 816 1564 fecit
847 1520 1013 1578 Moysi,
1043 1536 1120 1581 per
1152 1538 1284 1583 quem
1306 1527 1469 1583 Legem

85 1589 232 1644 dedit,
258 1606 345 1650 qua
361 1600 588 1649 peccatum
612 1589 879 1645 abundaret,
903 1600 955 1635 ut
975 1592 1350 1651 superabundaret
1371 1611 1471 1654 gra-

86 1661 160 1705 tia.
186 1663 284 1706 Non
304 1659 537 1704 crudeliter
557 1661 641 1704 hoc
654 1658 756 1704 fecit
771 1664 901 1715 Deus,
926 1661 1002 1706 sed
1024 1663 1203 1708 consilio
1222 1665 1466 1710 medicinae.

86 1731 336 1792 Aliquando
354 1730 470 1774 enim
492 1730 667 1775 videtur
684 1731 766 1775 sibi
787 1732 919 1776 homo
943 1748 1096 1788 sanus,
1122 1743 1165 1778 et
1186 1745 1368 1794 aegrotat
1394 1753 1403 1778 ι
1429 1745 1473 1780 et

88 1802 133 1845 in
155 1817 206 1846 eo
234 1801 355 1861 quod
381 1810 563 1860 aegrotat
590 1810 634 1845 et
655 1817 745 1845 non
760 1802 911 1856 sentit,
930 1803 1149 1848 medicum
1171 1821 1260 1849 non
1280 1807 1438 1867 quaerit
1459 1826 1469 1852 :

89 1882 273 1931 augetur
293 1872 471 1916 morbus
486 1907 497 1927 ,
523 1872 674 1916 crescit
696 1871 892 1916 molestia
909 1907 920 1928 ,
946 1874 1157 1933 quaeritur
1181 1876 1374 1921 medicus
1394 1912 1405 1933 ,
1431 1887 1474 1922 et

88 1953 232 1988 totum
252 1954 441 1988 sanatur.
478 1946 645 1989 «Notas
668 1941 770 1987 fecit
790 1944 879 1987 vias
901 1960 998 1989 suas
1021 1947 1160 2004 Moysi
1188 1966 1196 1991 :
1222 1947 1320 1993 filiis
1341 1949 1473 1993 Isra'e‘l

92 2032 113 2056 »
146 2014 394 2059 voluntates
415 2030 526 2058 suas.
555 2032 576 2056 »
605 2014 828 2074 Numquid
863 2015 1066 2060 omnibus
1088 2016 1184 2062 filiis
1207 2019 1368 2063 Israel?
1389 2021 1475 2065 Sed

87 2085 198 2129 veris
231 2086 328 2129 filiis
362 2085 526 2130 Israel:
562 2088 656 2129 Imo
681 2085 884 2130 omnibus
916 2086 1014 2130 filiis
1044 2087 1189 2133 Israel.
1234 2091 1320 2143 Qui
1353 2092 1470 2135 enim

91 2155 261 2212 dolosi,
281 2157 357 2217 qui
378 2156 591 2212 insidiosi,
623 2158 698 2217 qui
721 2158 988 2217 hypocritae,
1022 2175 1112 2204 non
1140 2159 1216 2204 filii
1246 2161 1390 2206 Israel.
1416 2166 1474 2207 Et

91 2228 168 2288 qui
207 2227 283 2271 filii
317 2226 472 2272 Israel?
497 2231 640 2272 «Ecce
662 2243 762 2272 vere
792 2228 1010 2286 Israelita,
1043 2231 1089 2274 in
1117 2247 1207 2291 quo
1229 2231 1355 2277 dolus
1383 2249 1473 2280 non

97 2317 115 2341 »
131 2299 235 2343 est4.
261 2297 380 2343 Filiis
403 2297 534 2342 Israel
549 2297 792 2342 voluntates
810 2315 922 2344 suas,
954 2320 971 2342 »

148 2371 268 2413 XVI.
308 2388 327 2411 «
343 2369 569 2414 Miserator
590 2379 632 2413 et
654 2370 892 2414 misericors
908 2372 1134 2427 Dominus,
1151 2372 1409 2432 longanimis
1427 2385 1471 2422 et

92 2461 114 2484 »
148 2441 337 2486 multum
356 2442 659 2487 misericordiae
675 2444 734 2485 ⁵.»
769 2442 881 2495 Quid
904 2452 993 2487 tam
1013 2443 1341 2504 longanimem?
1362 2447 1471 2508 quid

141 2545 151 2561 ¹
172 2541 263 2571 Rom.
279 2549 335 2579 vn,
355 2538 475 2572 23-25.
495 2556 538 2562 —
555 2545 569 2562 ²
596 2541 687 2572 Rom.
709 2550 743 2579 V,
758 2547 812 2571 20.
831 2555 872 2562 —
888 2537 901 2562 3
915 2539 953 2572 Id
978 2551 1025 2582 iv,
1048 2540 1097 2574 15.
1115 2541 1291 2576 -4Joan.
1311 2555 1334 2586 1,
1352 2543 1407 2586 47.
1428 2563 1470 2569 -

96 2593 205 2627 ⁵Psal.
230 2605 284 2636 cn,
303 2596 335 2627 8.

1274 2657 1313 2693 6.
