1848 3261
400 218 481 258 448
833 226 866 255 s.
902 225 1132 256 Aucusnm
1164 227 1346 254 EPISCOPI

396 292 556 339 orantis
576 291 836 336 desiderium
853 327 863 347 ,
889 293 989 352 quia
1010 292 1269 352 promissum
1292 291 1443 350 poscit,
1466 291 1711 336 ostenditur
1732 301 1776 336 et

396 362 665 420 extenditur3
684 378 773 406 non
796 366 924 414 Deus,
950 363 1072 422 quasi
1091 362 1129 405 ei
1145 362 1199 404 de
1217 371 1361 406 mente
1383 361 1429 404 id
1451 361 1670 416 exciderit,
1696 361 1776 405 ad-

395 442 614 478 monetur.
644 452 665 475 «
685 436 904 477 Memento
921 466 933 486 ,
959 432 1127 491 inquit,
1151 431 1274 475 verbi
1295 431 1355 475 tui
1371 446 1492 476 servo
1511 441 1588 476 tuo
1609 451 1618 476 :
1647 450 1666 473 »
1692 432 1776 475 hoc

395 513 484 559 est,
509 503 639 561 imple
675 502 933 562 promissum
959 518 1081 548 servo
1115 512 1207 547 tu0.
1237 521 1258 544 α
1285 505 1337 546 In
1369 517 1458 562 quo
1479 517 1599 562 spem
1621 501 1778 546 dedisti

397 594 418 618 »
454 575 591 619 mihi:
620 592 640 614 »
666 574 749 617 hoc
783 583 847 617 est
866 608 878 629 ,
902 573 947 617 in
970 589 1058 634 quo
1086 574 1242 629 verbo,
1276 574 1484 633 quoniam
1516 573 1775 633 promisisti,

395 660 467 690 me
491 659 661 704 sperare
681 642 831 688 fecisti.

455 719 512 760 ΙΙ.
544 734 564 757 ((
590 717 695 760 Haec
715 731 785 759 me
807 714 1026 760 consolata
1048 724 1112 758 est
1132 715 1179 757 in
1201 714 1447 758 humilitate
1464 716 1600 758 mea1.
1629 731 1650 755 »
1676 715 1780 758 Haec

395 786 556 832 scilicet
573 801 668 845 spes
683 821 693 841 ,
714 802 813 846 quae
837 787 938 830 data
962 795 1025 830 est
1045 784 1286 829 humilibus
1301 819 1312 840 ,
1339 784 1511 829 dicente
1530 785 1777 843 Scriptura:

402 877 421 900 «
456 861 570 902 Deus
588 858 783 916 superbis
801 858 971 912 resistit,
989 856 1229 901 humilibus
1248 865 1394 900 autem
1417 855 1491 900 dat
1519 856 1739 914 gratiam2.
1755 873 1775 896 »

397 927 523 972 Unde
547 943 620 972 ore
644 927 820 986 proprio
842 928 970 971 etiam
996 928 1087 987 ipse
1111 927 1318 971 Dominus
1337 927 1417 970 ait:
1438 927 1682 979 «Quoniam
1704 924 1782 984 qui

398 1017 419 1040 »
455 1014 498 1042 56
522 997 680 1042 exaltat
695 1033 706 1052 ,
733 997 1035 1041 humiliabitur
1055 1018 1066 1054 3
1092 1006 1134 1040 et
1155 998 1232 1057 qui
1253 1013 1297 1041 se
1318 996 1519 1041 humiliat
1538 1031 1549 1050 ,
1571 994 1782 1039 exaltabi-

397 1088 418 1112 »
455 1071 567 1113 tui-3.
596 1088 615 1109 »
642 1071 758 1112 Bene
780 1069 850 1112 hic
872 1068 1157 1126 intelligimus
1177 1069 1307 1112 etiam
1328 1067 1446 1111 illam
1470 1066 1778 1120 humilitatem,

396 1155 487 1184 non
504 1154 590 1199 qua
612 1153 655 1182 se
679 1138 862 1197 quisque
884 1137 1087 1181 humiliat
1109 1137 1359 1182 confitendo
1383 1146 1574 1196 peccata,
1600 1151 1679 1179 nec
1700 1135 1783 1179 sibi

397 1208 640 1268 arrogando
657 1208 894 1268 justitiam,
927 1207 1002 1252 sed
1030 1224 1117 1267 qua
1149 1209 1333 1267 quisque
1359 1207 1616 1251 humiliatur
1638 1205 1784 1266 aliqua

396 1279 677 1324 tribulatione
699 1277 769 1321 vel
790 1277 1032 1337 dejectione
1053 1312 1063 1331 ,
1093 1292 1225 1336 quam
1251 1277 1410 1320 meruit
1441 1277 1531 1335 ejus
1553 1276 1753 1335 superbia
1767 1310 1779 1330 ,

397 1359 472 1395 aut
494 1358 717 1393 exercetur
737 1348 1036 1407 probaturque
1059 1345 1288 1405 patientia:
1304 1345 1424 1389 unde
1446 1345 1575 1404 paulo
1596 1354 1694 1405 post
1716 1345 1784 1389 di-

396 1420 455 1464 cit
475 1420 546 1463 hic
570 1418 766 1463 Psalmus
793 1436 801 1462 :
831 1437 852 1459 «
872 1417 995 1461 Prius
1018 1432 1150 1476 quam
1167 1415 1442 1470 humiliarer,
1467 1430 1545 1473 ego
1567 1415 1780 1474 deliqui.»

398 1494 456 1536 Et
478 1489 590 1534 illud
622 1490 668 1533 in
702 1489 817 1533 libro
851 1489 1080 1547 Sapientiae
1102 1507 1112 1532 ε
1141 1506 1161 1528 «
1189 1490 1241 1530 In
1268 1486 1419 1531 dolore
1441 1486 1603 1530 sustine
1623 1520 1634 1541 ,
1675 1495 1719 1530 et
1738 1486 1786 1530 in

399 1578 420 1602 »
454 1558 701 1603 humilitate
719 1567 795 1602 tua
817 1558 1069 1617 patientiam
1089 1557 1203 1600 habe
1224 1577 1236 1614 3
1260 1557 1468 1616 quoniam
1490 1556 1536 1599 in
1557 1557 1658 1614 igne
1679 1571 1785 1615 pro-

398 1649 419 1672 »
456 1631 584 1674 batur
607 1643 763 1673 aurum
786 1637 828 1671 et
857 1637 1086 1686 argentum
1104 1662 1115 1682 ,
1152 1627 1350 1671 homines
1372 1643 1474 1671 vero
1498 1626 1785 1685 acceptabiles

398 1719 419 1743 »
455 1702 499 1745 in
516 1700 686 1745 camino
703 1698 1018 1743 humiliationis
1032 1698 1093 1741 ⁴.»
1106 1700 1233 1751 Quod
1249 1698 1340 1741 ait«
1351 1697 1666 1756 Acceptabiles‚
1685 1715 1705 1737 »
1722 1696 1785 1740 ibi

398 1786 519 1831 spem
539 1771 660 1814 dedit
682 1785 780 1829 quae
809 1767 1106 1812 consolaretur
1133 1767 1179 1810 in
1200 1766 1461 1811 humilitate.
1487 1770 1544 1811 Et
1574 1767 1784 1811 Dominus

398 1845 422 1886 J
427 1857 538 1895 esus,
557 1842 670 1884 hanc
687 1838 978 1883 humilitatem
995 1852 1096 1881 cum
1109 1836 1338 1896 Discipulis
1363 1836 1616 1895 praediceret
1636 1852 1659 1880 a
1683 1851 1784 1896 per-

397 1910 668 1957 secutoribus
691 1924 781 1953 esse
802 1917 1047 1962 venturam,
1065 1922 1156 1951 non
1177 1920 1250 1950 eos
1271 1905 1363 1949 sine
1384 1921 1459 1964 spe
1481 1905 1655 1966 reliquit
1675 1927 1686 1964 3
1708 1905 1781 1951 sed

397 1984 512 2027 banc
536 1981 666 2025 etiam
685 2015 696 2034 ,
721 1995 807 2039 qua
830 1978 1158 2023 consolarentur
1176 2012 1187 2031 ,
1212 1975 1335 2020 dedit
1355 1975 1502 2020 dicens
1526 1996 1535 2021 ι
1566 1995 1586 2018 «
1612 1980 1664 2020 In
1685 1992 1783 2021 ves-

402 2071 422 2094 »
458 2061 524 2097 tra
551 2050 760 2110 patientia
798 2047 1070 2108 possidebitis
1099 2047 1261 2090 animas
1285 2049 1494 2089 vestras5.
1540 2064 1560 2087 »
1597 2049 1659 2090 De
1690 2047 1783 2106 ipso

398 2138 576 2185 quoque
598 2136 778 2181 corpore
798 2155 809 2174 ,
829 2120 948 2179 quod
968 2119 1022 2163 ab
1044 2118 1226 2161 inimicis
1248 2126 1391 2175 posset
1411 2116 1572 2171 occidi,
1598 2126 1641 2161 et
1662 2119 1784 2178 quasi

397 2194 571 2254 penitus
587 2191 785 2244 interire,
813 2210 833 2232 «
854 2189 1067 2248 Capillus,
1092 2187 1237 2246 inquit
1252 2220 1263 2239 ,
1284 2187 1433 2246 capitis
1455 2187 1585 2231 vestri
1602 2203 1691 2231 non
1710 2203 1784 2247 pe-

402 2283 423 2305 »
459 2264 607 2308 ribitfi.
637 2281 657 2303 »
685 2264 787 2306 Haec
815 2276 910 2319 spes
939 2258 1038 2302 data
1065 2266 1128 2301 est
1163 2257 1332 2316 corpori
1363 2257 1550 2311 Christi,
1576 2257 1696 2317 quod
1719 2267 1783 2303 est

399 2334 591 2380 Ecclesia
606 2368 618 2388 ,
659 2348 744 2393 qua
780 2329 1075 2376 consolaretur
1112 2328 1158 2371 in
1188 2326 1433 2371 humilitate
1469 2343 1559 2371 sua.
1601 2331 1782 2387 Propter

399 2419 532 2465 quam
559 2417 678 2462 spem
715 2401 821 2446 dicit
853 2410 896 2445 et
917 2398 1136 2459 apostolus
1159 2396 1317 2441 Paulus
1339 2416 1349 2442 ;
1378 2416 1398 2439 «
1427 2398 1467 2443 Si
1491 2407 1636 2442 autem
1659 2398 1781 2458 quod

447 2505 456 2523 ¹
473 2497 552 2531 Psal.
573 2508 685 2537 cxviii,
705 2497 755 2529 50.
768 2513 809 2519 -
828 2502 841 2519 ²
860 2495 971 2528 Jacob.
997 2505 1040 2536 iv,
1059 2492 1094 2529 6,
1109 2496 1142 2525 et
1162 2503 1173 2525 ι
1191 2495 1278 2526 Petr.
1306 2504 1340 2534 v,
1360 2493 1390 2525 5.
1405 2509 1446 2516 —-
1463 2492 1476 2516 ³
1493 2495 1570 2527 Luc.
1587 2505 1653 2536 xiv,
1676 2504 1729 2535 11,
1748 2497 1782 2526 et

402 2565 494 2596 xviii,
514 2553 546 2596 4.
568 2570 609 2576 --
631 2551 645 2582 4
665 2552 763 2585 Eccli.
786 2562 819 2594 u,
839 2550 873 2593 4,
894 2551 925 2584 5.
947 2567 983 2575 -
1006 2548 1021 2574 5
1045 2550 1122 2581 Luc.
1146 2558 1211 2591 xxi,
1231 2559 1281 2591 19.
1298 2563 1340 2572 --
1362 2545 1478 2581 61bid.
1507 2549 1557 2582 18.
