1848 3261
393 229 634 261 munitum
665 233 710 260 m
742 230 943 260 PsALMUM
973 232 1059 258 cxi.
1347 222 1426 260 321

50 299 168 352 Quid
189 307 335 343 autem
350 332 361 353 ,
385 298 540 343 fratres
560 334 570 354 ‚
590 298 809 359 potentius
829 333 839 352 ,
862 313 994 358 quam
1015 306 1066 341 ut
1088 313 1270 356 regumn
1293 301 1432 345 coelo-

51 384 171 425 rum,
197 384 287 412 non
305 367 446 412 solum
470 370 701 413 Zacchaeus
718 376 833 411 emat
854 366 1033 412 dimidio
1055 383 1199 412 rerum
1217 374 1430 427 suarum¹,

50 439 125 482 sed
149 448 192 483 et
212 438 342 483 vidua
364 438 536 484 duobus
558 439 759 483 minutis2
783 447 827 483 et
855 437 1128 483 tantumdem
1154 440 1216 483 ibi
1248 450 1433 502 uterque

47 507 295 567 possideat?
311 508 427 562 Quid
443 510 690 568 potentius,
715 524 849 568 quam
870 518 920 553 ut
936 510 1051 552 idem
1075 524 1258 568 reguum
1276 520 1320 554 et
1338 511 1434 554 the-

48 579 182 624 sauris
205 578 326 624 diviti
345 616 356 635 ,
383 589 425 625 et
442 579 575 624 calice
596 595 721 640 aquae
744 578 914 639 frigidae
936 581 1117 640 pauperi
1133 581 1303 625 valeat?
1323 584 1435 627 Sunt

49 659 196 694 autem
216 652 292 710 qui
307 651 387 695 ista
409 649 570 695 faciant
584 686 595 706 ‚
627 651 733 694 dum
755 660 925 695 terrena
946 652 1238 711 conquirunt,
1266 662 1342 697 aut
1362 653 1434 698 hie

49 719 294 764 mercedem
326 730 546 780 sperantes
575 737 598 765 a
626 721 832 777 Domino,
875 730 951 765 aut
982 722 1233 766 hominibus
1264 723 1436 783 placere

49 791 271 851 cupientes
291 806 300 832 ε
320 791 418 847 sed⁷
447 811 468 834 «
494 792 724 836 Generatio
753 801 971 836 rectorum
1000 792 1309 849 benedicetur,
1347 793 1437 839 »id

48 870 127 917 est,
153 877 283 921 opera
306 878 457 907 eorum
479 878 668 922 quorum
694 882 713 905 «
738 867 883 908 Bonus
904 867 1019 908 Deus
1042 864 1193 920 Israel,
1219 865 1294 926 qui
1318 875 1437 911 recto

53 951 72 973 »
107 941 208 976 sunt
244 933 374 977 corde
389 967 400 988 ‚
439 951 459 974 »
491 942 657 977 rectum
687 943 832 978 autem
870 950 944 979 cor
980 943 1044 979 est
1067 970 1078 990 ,
1111 951 1201 979 non
1241 936 1438 980 resistere

51 1002 169 1046 Patri
191 1002 471 1057 emendanti,
505 1012 548 1047 et
569 1004 744 1048 credere
765 1003 990 1064 pollicenti
1012 1024 1021 1048 :
1045 1020 1135 1049 non
1164 1021 1315 1049 eorum
1337 1007 1439 1066 qui-

51 1072 132 1116 bus
159 1082 492 1117 commoventur
522 1073 654 1133 pedes
679 1109 689 1129 ⁷
722 1083 765 1118 et
787 1074 1078 1118 effunduntur
1109 1091 1273 1133 gressus
1310 1086 1442 1137 atque

48 1143 288 1199 labuntur,
315 1144 425 1188 sicut
456 1145 502 1188 in
536 1144 619 1188 alio
650 1144 822 1188 Psalmo
861 1145 1059 1201 canitur,
1103 1145 1207 1190 dum
1232 1147 1374 1192 zelant
1396 1149 1443 1193 in

48 1215 351 1274 peecatoribus
368 1229 520 1274 pacem
538 1224 816 1273 peccatorum
834 1215 1045 1271 videntes,
1067 1226 1110 1260 et
1126 1226 1284 1276 putant
1300 1219 1443 1277 perire

51 1300 180 1344 opera
201 1300 276 1329 sua
293 1320 303 1340 ‚
320 1285 421 1345 quia
442 1300 532 1328 non
551 1285 610 1328 eis
632 1300 796 1329 merces
818 1284 1017 1330 redditur
1028 1287 1260 1345 peritura3.
1282 1291 1339 1333 At
1361 1289 1441 1334 iste

49 1357 115 1401 vir
134 1357 210 1416 qui
232 1357 355 1400 timet
378 1356 616 1400 Dominum
635 1391 646 1410 ‚
664 1366 707 1401 et
727 1357 772 1400 in
790 1357 1002 1416 templum
1017 1368 1214 1403 sanctum
1237 1362 1313 1405 Dei
1336 1377 1444 1406 eon-

50 1427 247 1471 versione
270 1425 376 1469 reati
398 1425 538 1470 cordis
556 1435 745 1486 aptatur,
766 1443 846 1471 nec
866 1427 1045 1486 gloriam
1063 1429 1292 1474 hominum
1313 1448 1440 1491 quae-

49 1499 128 1554 rit,
153 1513 234 1542 nec
257 1508 448 1542 terrenas
470 1497 641 1542 divitias
663 1498 930 1557 concupiscit
957 1518 966 1543 2
992 1509 1035 1543 et
1056 1509 1201 1544 tamen
1223 1536 1233 1556 ,
1254 1521 1274 1544 «
1295 1502 1441 1549 Gloria

53 1587 75 1611 »
110 1578 153 1613 et
181 1568 346 1612 divitiae
377 1568 422 1611 in
455 1568 588 1613 domo
610 1570 717 1629 ejus.
745 1587 766 1610 »
791 1571 954 1612 Domus
976 1570 1092 1613 enim
1116 1572 1227 1630 ejus,
1254 1587 1328 1616 eor
1350 1578 1442 1630 ers

51 1649 146 1685 est:
170 1640 248 1683 ubi
276 1642 366 1683 Deo
393 1638 602 1683 laudante
640 1639 891 1699 opulentius
922 1640 1092 1685 habitat
1114 1657 1214 1685 cum
1238 1658 1312 1702 spe
1343 1645 1444 1688 vitae

51 1719 249 1765 aeternae,
275 1724 406 1770 quam
441 1709 693 1754 hominibus
715 1708 996 1754 adulantibus
1016 1711 1061 1754 in
1084 1714 1352 1758 marmoratis
1374 1714 1443 1759 la-

51 1781 308 1842 queatisque
326 1780 449 1823 tectis
471 1795 571 1824 eum
594 1780 748 1824 timore
776 1781 926 1824 mortis
947 1790 1135 1825 aeternae.
1163 1784 1302 1843 Hujus
1324 1785 1443 1831 enim

56 1871 76 1895 «
111 1851 283 1896 Justitia
306 1859 453 1894 manet
474 1851 521 1894 in
542 1850 751 1895 saeculum
781 1850 969 1895 saeculi4.
999 1870 1018 1892 »
1040 1855 1136 1911 Ipsa
1160 1852 1314 1911 gloria,
1336 1856 1442 1915 ipsae

53 1924 229 1968 divitiae.
256 1922 378 1967 Illius
415 1930 560 1966 autem
592 1937 785 1982 purpura
818 1932 861 1966 et
884 1922 1038 1981 byssus
1059 1933 1103 1967 et
1130 1924 1271 1984 epulae
1293 1927 1444 1986 splen-

53 1994 168 2040 didae
184 1997 199 2021 ⁵
216 2030 226 2050 ,
252 2003 296 2039 et
314 2009 414 2038 cum
435 2003 594 2053 praesto
615 2002 717 2038 sunt
733 2029 744 2049 ,
768 2003 1018 2052 transeunt3
1049 2004 1092 2039 et
1111 2011 1211 2040 eum
1234 1997 1289 2041 ad
1306 1998 1441 2045 finem

51 2065 276 2119 venerint,
305 2081 430 2124 aquae
449 2073 615 2122 guttam
638 2079 688 2108 ex
708 2063 844 2124 digito
867 2064 1055 2109 stillante
1072 2064 1318 2113 desiderans
1335 2105 1345 2124 ‚
1372 2087 1441 2114 ar-

54 2136 160 2180 dens
181 2134 332 2194 lingua
355 2133 573 2180 clamabit.

114 2207 190 2249 IV.
226 2223 246 2246 «
271 2206 485 2248 Exortum
507 2213 570 2248 est
602 2205 648 2248 in
679 2204 868 2248 tenebris
895 2204 1046 2249 lumen
1066 2207 1193 2252 rectis
1215 2209 1346 2255 corde
1360 2213 1391 2256 ⁶.
1418 2233 1438 2256 »

54 2275 211 2321 Merito
231 2274 428 2333 dirigunt
448 2290 522 2319 cor
542 2275 587 2318 in
602 2278 741 2319 Deum
755 2291 880 2319 suum
896 2311 906 2331 ,
922 2277 1076 2321 merito
1090 2277 1316 2326 ambulant
1334 2284 1442 2328 recti

57 2361 158 2390 cum
179 2348 269 2389 Deo
306 2360 406 2400 suo,
433 2353 734 2405 praeponentes
756 2346 846 2405 ejus
867 2345 1136 2391 voluntatem
1157 2349 1238 2393 sibi
1256 2386 1267 2405 ,
1299 2367 1442 2414 neque

56 2415 111 2460 de
132 2432 208 2460 sua
220 2414 461 2476 quidquam
476 2416 661 2475 superbe
674 2425 998 2476 praesumentes.
1013 2419 1308 2465 Meminerunt
1325 2424 1442 2469 enim

105 2518 114 2535 ¹
141 2513 218 2544 Luc.
234 2521 287 2544 xix
301 2535 310 2552 ‚
332 2511 418 2543 8.—
437 2517 449 2534 ²
466 2513 565 2544 Marc.
589 2510 778 2554 x11,42.—-
797 2509 811 2536 3
836 2512 913 2544 Psal.
935 2523 1028 2555 mxu,
1053 2512 1142 2557 ¹·14·
1163 2530 1205 2539 --
1223 2514 1239 2546 4
1258 2517 1304 2550 Id,
1322 2529 1386 2560 cxi,
1404 2518 1437 2552 5,

59 2565 74 2591 5
91 2569 168 2602 Luc.
187 2579 258 2609 xvr,
278 2578 331 2609 19·
347 2584 390 2590 —
409 2565 425 2590 6
444 2567 524 2600 Psal.
540 2578 585 2609 cx,
609 2566 639 2609 4.

249 2631 406 2662 cxvm.
1224 2627 1275 2665 21
