1848 3261
382 219 438 256 δῦ
812 231 844 256 5.
881 229 1111 255 AUGUsnM
1142 228 1323 255 EPISCOPl

385 298 472 338 Deo
494 292 670 350 gratias,
696 293 860 354 inquit,
885 292 988 353 quia
1006 291 1215 351 promissa
1243 299 1330 348 est,
1353 299 1481 335 teneo
1503 291 1763 350 promissum

381 362 472 408 Dei.
497 365 613 421 Ergo
629 364 717 422 jam
742 363 853 406 bene
874 362 985 406 vive.
1011 363 1137 415 Cras,
1159 360 1326 420 inquit,
1355 361 1466 405 bene
1500 362 1659 406 vivam.
1686 363 1761 404 In-

380 432 650 491 dulgentiam
668 432 747 476 tibi
769 435 883 476 Deus
900 431 1120 490 promisit,
1140 430 1376 475 crastinum
1399 429 1513 475 diem
1536 431 1616 475 tibi
1632 444 1762 475 nemo

381 503 590 562 promisit.
614 502 656 547 Si
678 501 789 545 male
816 501 983 557 vivisti,
1015 501 1126 545 bene
1148 501 1244 545 vive
1259 502 1349 561 jam
1376 500 1522 545 hodie.
1549 520 1569 543 «
1597 501 1759 556 Stulte,

385 592 403 615 u
425 573 506 617 hac
529 581 656 616 nocte
677 570 898 615 auferetur
916 587 939 615 a
957 580 1000 615 te
1023 570 1164 615 anima
1188 580 1277 614 tua.
1303 589 1322 612 »
1344 573 1441 615 Non
1467 570 1587 626 dico,
1617 573 1763 623 «Quae

381 664 400 686 υ
422 642 694 704 praeparasti,
713 643 834 701 cujus
853 643 1033 685 erunts?
1050 661 1067 683 »
1089 641 1186 696 sed,
1205 641 1454 686 Secundum
1469 641 1589 701 quod
1606 641 1760 696 vixisti,

379 715 457 760 ubi
478 714 583 758 eris?
604 714 784 772 Corrige
807 727 910 772 ergo
928 721 971 757 te
986 747 997 768 ,
1018 721 1068 756 ut
1087 713 1222 772 possis
1238 712 1283 755 in
1306 727 1487 772 corpore
1504 711 1663 757 Christi
1684 712 1764 756 ha-

377 786 481 830 bere
501 799 652 829 vocem
672 783 797 826 istam
814 817 826 834 ,
850 798 1011 843 quam,
1033 783 1114 826 nisi
1141 781 1268 827 fallor
1285 817 1296 837 ,
1321 782 1508 827 libenter
1538 782 1729 840 agnoscis
1751 800 1760 827 z

383 875 402 897 »
437 855 654 908 Quoniam
678 853 865 897 cinerem
901 853 1012 898 sicut
1038 868 1198 912 panem
1219 853 1506 909 manducavi,
1532 862 1577 898 et
1609 862 1765 913 potum

383 945 401 968 η
436 940 584 970 meum
605 940 707 969 cum
727 924 835 969 fletu
856 925 1104 968 miscebam.
1136 942 1156 965 »

436 998 516 1040 XI.
545 1013 567 1037 (ι
590 998 629 1039 Α
660 993 771 1038 facie
799 994 874 1038 irae
896 1003 983 1038 tuac
1013 1003 1056 1037 et
1076 992 1383 1052 indignationis
1414 1003 1528 1049 tuae,
1557 993 1765 1053 quoniam

381 1087 400 1110 »
435 1065 612 1119 levasti,
636 1063 782 1109 elisisti
798 1079 870 1108 me
880 1068 912 1108 ².
943 1084 960 1105 »
989 1067 1086 1124 Ipsa
1103 1072 1166 1108 est
1187 1063 1261 1108 illa
1277 1065 1339 1108 ira
1357 1074 1430 1108 tua
1447 1099 1458 1120 ,
1479 1064 1664 1108 Domine
1684 1099 1696 1120 ,
1721 1064 1766 1107 in

380 1136 549 1195 Adam3
586 1136 648 1180 ira
677 1151 778 1180 cum
805 1151 892 1195 qua
929 1149 1080 1179 omnes
1107 1135 1200 1178 nati
1230 1149 1379 1178 sumus
1400 1169 1411 1189 ,
1449 1135 1519 1178 cui
1547 1135 1766 1179 nascendo

381 1209 662 1266 cohaesimus,
698 1223 760 1250 ira
793 1206 847 1250 de
881 1205 1117 1266 propagine
1154 1205 1418 1265 iniquitatis,
1455 1206 1516 1249 ira
1550 1205 1604 1249 de
1630 1221 1767 1249 massa

384 1279 552 1340 peccati
578 1298 586 1324 z
611 1277 852 1323 secundum
873 1293 1004 1337 quam
1041 1276 1146 1320 dicit
1167 1276 1427 1336 Apostolus:
1453 1295 1473 1318 «
1509 1276 1692 1321 Fuimus
1724 1285 1768 1322 et

384 1369 403 1393 »
438 1365 517 1394 nos
542 1348 774 1410 aliquando
809 1357 963 1392 natura
992 1347 1069 1391 filii
1095 1348 1168 1390 irae
1188 1382 1200 1403 ,
1244 1347 1356 1391 sicut
1378 1357 1422 1392 et
1438 1347 1608 1391 caeteri3
1640 1366 1649 1393 :
1680 1366 1698 1389 υ
1725 1357 1768 1392 et

381 1423 499 1467 unde
521 1421 626 1464 dicit
653 1420 886 1464 Dominus:
927 1439 947 1461 «
977 1421 1046 1463 Ira
1069 1418 1147 1462 Dei
1174 1428 1323 1462 manet.
1344 1433 1474 1478 super
1501 1433 1600 1462 eum
1622 1454 1633 1473 ,
1665 1419 1768 1479 quia

384 1513 403 1535 »
440 1507 529 1536 non
552 1489 735 1535 credidit
755 1489 801 1532 in
832 1489 1107 1547 unigenitum
1128 1487 1286 1532 Filium
1312 1489 1435 1533 Dei4.
1471 1507 1491 1529 »
1522 1491 1620 1533 Non
1652 1489 1769 1533 enim

383 1565 442 1609 ait
456 1599 466 1619 ,
495 1566 562 1607 lra
577 1561 650 1606 Dei
668 1561 814 1605 veniet
831 1575 958 1620 super
976 1575 1076 1603 eum
1092 1580 1102 1616 3
1122 1558 1219 1614 scd,
1246 1562 1430 1604 «Manet
1447 1575 1574 1619 super
1593 1575 1694 1604 eum
1715 1579 1725 1605 :
1744 1578 1764 1602 »

382 1635 483 1696 quia
506 1648 595 1678 non
615 1631 783 1676 tollitur
804 1631 851 1674 in
871 1646 958 1691 qua
996 1638 1123 1674 natus
1157 1639 1234 1674 est.
1257 1632 1400 1682 Quare
1423 1644 1525 1688 ergo
1544 1665 1555 1685 ,
1595 1640 1640 1674 et
1662 1630 1769 1691 quid

383 1706 464 1751 sibi
484 1703 579 1750 vult
598 1719 684 1748 vox
704 1702 783 1746 ista
802 1736 813 1758 ,
842 1720 863 1743 «
888 1701 1099 1754 Quoniam
1121 1700 1295 1754 levasti,
1331 1700 1477 1745 elisisti
1499 1703 1593 1745 me?
1619 1720 1638 1742 »
1671 1704 1769 1746 Non

385 1777 501 1822 enim
517 1775 576 1819 ait
590 1810 600 1830 ,
614 1773 825 1827 Quoniam
847 1771 1019 1827 levasti,
1044 1780 1088 1815 et
1109 1770 1255 1815 elisisti
1269 1786 1362 1827 me,
1389 1770 1464 1814 sed
1481 1807 1492 1826 ,
1517 1790 1537 1813 «
1555 1771 1770 1825 Quoniam

386 1867 407 1890 »
442 1845 618 1899 levasti,
645 1843 788 1887 elisisti
821 1857 906 1885 me.
939 1861 957 1883 »
989 1840 1093 1885 Ideo
1122 1839 1286 1895 elisisti,
1320 1841 1421 1901 quia
1447 1841 1614 1885 levasti.
1644 1840 1769 1885 Unde

384 1919 492 1964 hoc?
524 1919 665 1960 Homo
694 1914 739 1957 in
770 1914 934 1957 honore
968 1913 1160 1971 positus,
1196 1909 1335 1955 factus
1362 1920 1425 1955 est
1456 1911 1511 1955 ad
1538 1912 1769 1970 imaginem

388 1988 490 2034 Dei⁵
517 2002 526 2027 ε
547 1986 712 2029 levatus
725 1983 771 2026 in
786 1983 905 2026 hunc
926 1983 1138 2026 honorem
1157 2015 1167 2035 ,
1194 1990 1361 2025 erectus
1378 1997 1401 2024 a
1424 1981 1604 2040 pulvere
1619 2016 1630 2037 ,
1651 1997 1770 2026 erec-

388 2068 458 2103 tus
479 2073 504 2101 a
526 2066 662 2110 terra,
689 2053 854 2112 accepit
875 2072 883 2097 :
911 2052 1101 2096 animam
1124 2050 1378 2095 rationalem
1397 2087 1408 2107 ,
1426 2052 1684 2112 praepositus
1706 2062 1771 2097 est

385 2128 562 2176 rationis
578 2125 709 2185 ipsius
724 2123 952 2168 vivacitate
971 2122 1172 2166 omnibus
1185 2121 1333 2166 bestiis
1349 2157 1360 2176 ,
1380 2123 1609 2181 pecoribus
1620 2158 1630 2178 ,
1647 2123 1770 2168 vola-

389 2201 538 2246 tilibus
558 2234 569 2254 ,
608 2196 812 2257 piscibus.
844 2193 957 2247 Quid
983 2193 1099 2237 enim
1120 2193 1280 2237 horum
1311 2194 1444 2237 habet
1474 2192 1771 2253 intelligentiae

387 2270 627 2317 rationem?
649 2268 759 2320 Quia
790 2264 962 2309 nullum
983 2265 1141 2308 horum
1178 2263 1341 2308 factum
1365 2272 1427 2307 est
1452 2264 1508 2308 ad
1536 2264 1771 2324 imaginem

388 2342 481 2387 Dei.
505 2336 733 2393 Quomodo
759 2334 927 2379 nullum
949 2335 1107 2378 horum
1137 2334 1267 2377 hahet
1291 2334 1407 2377 hune
1441 2334 1650 2378 honorem
1669 2370 1680 2389 ,
1712 2335 1770 2379 sic

389 2413 559 2458 nullum
589 2411 745 2454 horum
771 2407 901 2450 ‘nabet
929 2406 1039 2449 hanc
1075 2406 1297 2449 miseriam.
1334 2404 1462 2457 Quod
1494 2406 1609 2448 cnim
1637 2422 1770 2465 pecus

440 2518 447 2533 ι
472 2511 544 2540 Luc.
570 2518 620 2546 xu,
639 2516 692 2538 20.
715 2521 753 2526 ——
775 2511 784 2526 2
815 2505 822 2533 l
855 2502 951 2540 :lt-1,
975 2513 1022 2532 ιι.
1046 2518 1083 2523 -—
1105 2500 1117 2523 3
1134 2501 1246 2543 Eplzcs.
1269 2512 1302 2538 ιι,
1328 2501 1353 2531 3.
1379 2517 1418 2522 -—
1441 2499 1564 2533 4Joan.
1584 2510 1632 2541 ¹11,
1653 2502 1706 2534 36.
1727 2519 1766 2527 —

394 2565 408 2589 ⁵
429 2570 506 2597 (jen.
529 2576 550 2604 1,
573 2563 626 2594 25.
