1848 3261
436 244 515 280 128
871 251 903 280 S.
941 253 1169 282 AUGUSTINI
1201 256 1380 283 131215001’1

431 317 559 361 traria
572 318 709 375 figura
720 318 1144 377 opponunturvalles
1159 318 1226 362 vel
1237 318 1617 364 convalles.Colles
1632 327 1674 362 et
1688 334 1812 363 mon-

430 396 515 442 tes,
540 397 730 432 tumores
759 398 969 432 terrarum
993 398 1094 433 sunt
1120 408 1128 432 2
1155 388 1286 432 valles
1309 399 1454 433 autem
1477 389 1546 435 vel
1567 389 1807 445 convalles⁷

431 457 693 503 humilitates
713 468 938 505 terrarum.
963 459 1062 504 Noli
1090 467 1368 503 contemnere
1394 460 1658 504 humilitates
1679 481 1690 518 3
1709 458 1812 503 inde

430 531 574 574 fluunt
603 530 745 575 sontes
785 550 793 574 ε
826 549 844 571 «
876 531 1047 575 Emittis
1073 530 1215 575 fontes
1250 531 1295 574 in
1325 530 1622 588 convallibus3
1649 550 1669 572 »
1695 530 1811 575 Audi

429 610 622 644 montem
645 620 653 645 ε
672 600 776 644 dicit
801 599 1033 659 Apostolus
1051 621 1059 645 :
1080 621 1100 643 ι(
1121 600 1223 645 Plus
1240 601 1321 644 illis
1339 601 1542 645 omnibus
1558 600 1768 646 laboravi.
1787 619 1807 642 »

427 670 684 730 Magnitudo
719 670 920 731 quaedam
953 671 1285 716 commendatur
1319 691 1329 716 z
1367 672 1512 715 statim
1547 681 1693 715 tamen
1713 707 1724 727 ‚
1762 680 1812 716 ut

427 743 648 802 profluant
673 758 820 802 aquae‚
851 742 1093 787 convallem
1128 758 1171 786 se
1192 742 1296 787 fecit
1323 762 1331 786 ;
1362 761 1381 785 ‹<
1406 745 1513 788 Non‘
1536 758 1616 802 ego
1638 752 1808 799 autem,

426 814 502 858 sed
515 816 647 872 gratia
666 814 742 858 Dei
757 829 929 858 mecum
946 817 976 858 ¹.
1005 833 1025 855 »
1051 817 1148 859 Non
1171 823 1385 874 repugnat
1402 824 1450 858 ut
1463 815 1538 874 qui
1560 824 1662 858 sunt
1683 830 1811 859 mon-

427 895 510 940 tes,
537 886 621 929 sint
643 894 685 929 et
701 885 918 930 convalles
945 885 1082 930 :sicut
1094 885 1210 929 enim
1228 895 1397 930 montes
1411 886 1617 929 dicuntur
1635 895 1811 945 propter

425 957 659 1016 spiritalem
674 956 1041 1014 magnitudinem,
1065 957 1125 1000 ita
1143 965 1186 1000 et
1203 956 1419 1001 convalles
1440 966 1618 1016 propter
1639 956 1704 1000 sui
1725 956 1811 1016 spi-

426 1027 534 1071 ritus
570 1027 875 1071 humilitatem.
916 1046 935 1068 «
971 1030 1069 1072 Non
1113 1042 1214 1086 ego,
1254 1027 1426 1087 inquit,
1457 1027 1532 1071 sed
1565 1028 1698 1086 gratia
1732 1026 1810 1071 Dei

429 1117 449 1139 »
476 1114 662 1142 mecum.
694 1117 713 1138 >›
732 1101 828 1143 Non
841 1114 943 1156 ego,
961 1097 1168 1141 convallis
1189 1108 1273 1155 ¹est·7
1298 1107 1339 1141 et
1357 1098 1491 1155 gratia
1519 1098 1596 1141 Dei
1614 1113 1807 1154 mecum,

425 1171 523 1216 fons
544 1181 619 1215 est.
638 1192 656 1213 «
681 1171 761 1224 Qui
781 1172 937 1214 emittis
960 1169 1100 1214 sontes
1126 1170 1172 1213 in
1195 1169 1482 1214 convallibus.
1512 1188 1531 1210 »
1556 1173 1616 1213 De
1649 1169 1811 1228 Spiritu

425 1242 652 1287 dicebatur
675 1241 795 1301 quod
819 1240 948 1285 modo
981 1240 1337 1294 commemoravi,
1365 1259 1383 1281 «
1412 1240 1454 1284 Si
1476 1239 1572 1299 quis
1593 1239 1708 1294 sitit,
1732 1254 1809 1283 ve-

427 1332 447 1354 »
484 1314 574 1357 niat
594 1312 648 1356 ad
670 1328 761 1367 me,
788 1322 830 1355 et
851 1313 974 1356 bibat
995 1332 1003 1356 ε
1029 1312 1104 1371 qui
1127 1311 1265 1356 credit
1286 1312 1331 1354 in
1352 1327 1421 1355 me
1437 1347 1447 1367 ‚
1480 1311 1661 1355 {lumina
1684 1326 1809 1371 aquas,

427 1403 446 1427 »
482 1385 592 1429 vivre
617 1384 757 1428 fluent
775 1383 829 1427 dc
853 1393 1002 1427 ventre
1031 1385 1135 1442 ejus.
1164 1385 1256 1427 Hoc
1275 1392 1420 1426 autem
1443 1382 1616 1426 dicebat
1634 1382 1687 1425 de
1709 1381 1808 1441 Spi-

430 1477 445 1497 »
478 1455 585 1509 ritu,
612 1470 742 1514 quem
765 1454 983 1512 accepturi
1005 1462 1126 1496 erant
1144 1453 1278 1512 hiqui
1295 1454 1339 1496 in
1362 1469 1460 1497 eum
1477 1453 1652 1497 fuerant
1666 1452 1808 1497 credi-

429 1546 446 1567 »
485 1527 602 1569 tnri'2.
627 1544 646 1565 ³>
668 1524 901 1584 Videamus
918 1525 950 1566 si
965 1523 1179 1568 convalles
1194 1534 1316 1577 sunt⁷
1332 1533 1382 1568 ut
1399 1524 1654 1568 emittantur
1665 1524 1808 1568 fontes

422 1597 468 1640 in
486 1595 770 1640 convallibus.
791 1594 907 1638 Audi
925 1595 1185 1653 Prophetam
1203 1614 1211 1638 :
1234 1614 1250 1634 «
1275 1597 1412 1654 Super
1423 1610 1554 1654 quem
1570 1595 1809 1651 requiescet

425 1687 444 1709 »
484 1667 666 1726 Spiritus
690 1681 833 1719 meus,
860 1665 939 1709 nisi
973 1681 1102 1723 super
1124 1664 1336 1708 humilem
1365 1675 1408 1709 et
1437 1666 1635 1726 quietum
1652 1675 1694 1709 et
1716 1675 1807 1710 tre-

426 1760 442 1780 »
472 1747 662 1781 mentem
677 1736 807 1781 verba
821 1737 966 1779 mea3?
981 1734 1121 1788 »Quid
1136 1745 1214 1790 est,
1225 1755 1244 1777 «
1266 1738 1403 1795 Super
1417 1752 1548 1795 quem
1567 1736 1807 1797 requiescet

425 1829 444 1850 >›
484 1809 665 1868 Spiritus
708 1822 853 1860 meus,
889 1822 1018 1865 super
1050 1805 1263 1850 humilem
1291 1817 1333 1851 ct
1365 1808 1603 1867 quietum?
1644 1826 1663 1849 »
1701 1809 1805 1862 Quis

420 1879 601 1923 habebit
629 1877 796 1922 fontem
820 1878 998 1920 meum?
1021 1875 1256 1921 Convallis.

478 1952 555 1993 XI.
586 1968 605 1990 «
633 1951 751 1991 Inter
783 1946 976 1990 medium
1004 1947 1220 1990 montium
1256 1948 1584 2006 pertransibunt
1612 1964 1750 2009 aquae.
1780 1967 1801 1992 »

422 2024 516 2065 Huc.
538 2034 676 2079 usque
700 2035 722 2062 a
746 2021 925 2061 Lectore
948 2018 1252 2077 pronuntiatus
1273 2028 1336 2063 est
1366 2018 1581 2074 Psalrnus⁷
1617 2021 1704 2064 huc
1729 2036 1804 2064 us-
1824 2039 1826 2041 ’

420 2090 506 2152 que
529 2090 738 2135 Charitati
760 2091 924 2132 Vestrae
942 2089 1140 2132 sufficiat.
1159 2091 1252 2132 Hoc
1270 2088 1484 2144 dicemus,
1506 2091 1606 2133 etin
1629 2091 1804 2135 nomine

421 2163 498 2208 Dei
521 2175 764 2206 sermonem
796 2159 1136 2203 terminabimus.
1165 2158 1282 2212 Quid
1305 2168 1390 2214 est,
1421 2180 1439 2201 «
1466 2162 1585 2203 Inter
1609 2152 1804 2206 medium

424 2253 443 2275 »
479 2232 694 2277 montium
720 2230 1042 2289 pertransibunt
1071 2230 1229 2289 aquae?
1268 2248 1287 2269 »
1319 2230 1575 2275 Audivimus
1611 2232 1688 2292 qui
1717 2232 1815 2276 sint*
1837 2254 1848 2259 -

421 2313 610 2358 montes,
643 2302 789 2360 magni
812 2300 1114 2360 praedicatores
1135 2301 1277 2356 verbi,
1298 2301 1502 2346 sublimes
1524 2303 1680 2362 Angeli
1702 2304 1802 2347 Dei?

420 2375 615 2436 quamvis
636 2372 777 2416 adhuc
800 2372 846 2415 in
868 2387 994 2415 carne
1008 2370 1180 2415 mortali
1207 2390 1215 2415 :
1237 2370 1389 2415 excelsi
1408 2388 1497 2416 non
1522 2389 1598 2417 sua
1619 2373 1796 2429 virtute,

418 2446 493 2490 sed
504 2445 618 2489 illius
634 2443 768 2502 gratia
781 2462 793 2501 ὃ
808 2452 1020 2502 quantum
1034 2452 1176 2486 autem
1191 2441 1246 2486 ad
1262 2442 1374 2501 ipsos
1386 2444 1563 2498 attinet,
1583 2444 1800 2489 convalles

417 2526 540 2572 sunt,
559 2513 783 2559 humiliter
804 2514 1010 2558 emittunt
1032 2512 1172 2557 fontes
1190 2532 1199 2558 ε
1221 2532 1241 2554 «
1260 2516 1317 2557 Et
1337 2513 1450 2558 inter
1462 2514 1656 2560 medium
1672 2531 1800 2560 mon-

466 2609 474 2625 ¹
496 2613 507 2634 1
525 2604 597 2634 Cor.
617 2611 672 2642 xv,
703 2610 750 2632 ιο.
768 2616 809 2622 —-
834 2606 845 2621 ²
863 2601 952 2630 Joan.
980 2610 1042 2638 vn,
1059 2599 1172 2641 37-39.
1191 2615 1233 2621 —-
1254 2596 1266 2621 ³
1285 2600 1356 2632 lsai.
1378 2610 1466 2643 wa,
1487 2611 1516 2633 2.
