1848 3261
279 239 519 271 ENARRATIO
550 245 596 271 IN
627 241 830 273 PsALMuM
860 245 1023 283 exvm,
1057 244 1196 275 SERMo
1227 248 1300 276 xv.
1385 237 1472 278 449

98 321 119 344 »
153 319 241 349 non
261 305 458 352 videmus
475 323 694 367 speramus
710 343 721 363 ‚
740 322 818 367 per
833 308 1086 366 patientiam
1107 320 1381 369 expectamus
1397 315 1467 356 1.»

98 373 181 418 Sed
205 384 468 421 aeternorum
501 387 564 421 est
595 394 689 437 spes
710 378 789 421 ista
811 378 1091 436 praemiorum
1124 398 1132 422 :
1164 389 1227 423 est
1250 380 1331 424 alia
1353 397 1470 441 spes,

95 459 193 503 quae
209 445 254 488 in
270 446 513 491 humilitate
530 448 819 492 tribulationis
838 448 1077 507 plurimum
1094 449 1356 504 consolatur,
1376 469 1474 511 quae

95 515 251 559 sanctis
273 516 374 561 data
397 527 461 562 est
480 519 525 562 in
548 519 681 563 verbo
704 520 781 562 Dei
805 519 1068 578 adjutorium
1091 520 1239 578 gratiae
1262 520 1476 579 pollicen-

95 585 148 629 tis
163 620 174 639 ‚
193 603 248 630 ne
269 588 454 648 quisque
476 589 662 633 deficiat.
677 592 740 633 De
761 605 847 649 qua
870 605 944 649 spe
968 589 1073 634 dicit
1089 590 1323 649 Apostolus
1341 610 1349 636 :
1371 610 1388 633 «
1405 592 1479 635 Fi-

97 672 119 696 »
154 654 259 700 delis
282 660 395 702 Deus
417 658 493 718 qui
515 674 605 702 non
626 659 849 718 permittet
870 675 946 703 vos
965 660 1120 703 tentari
1142 676 1271 719 super
1292 660 1337 704 id
1358 662 1480 720 quod

98 743 118 766 »
154 728 359 784 potestis3
383 727 458 772 sed
486 726 615 772 faciet
647 744 749 773 cum
785 730 1025 773 tentatione
1059 730 1190 774 etiam
1219 731 1406 785 exitum,
1431 741 1482 776 ut

98 813 120 838 »
150 797 319 855 possitis
346 799 557 843 sustinere
575 803 606 843 2.
635 819 655 842 »
690 803 812 844 Hanc
833 815 952 859 spem
976 799 1098 844 dedit
1128 801 1259 844 etiam
1285 801 1482 847 Salvator

96 882 171 911 ore
191 883 284 922 suo,
301 869 478 928 quando
495 869 573 914 ait:
590 889 609 912 «
631 873 722 915 Hac
737 880 864 914 nocte
879 870 1114 930 postulavit
1129 873 1304 916 Satanas
1325 888 1481 917 vexare

99 954 120 978 »
155 953 230 982 vos
253 937 365 982 sicut
384 939 576 984 triticum
597 960 607 996 3
632 950 675 984 et
697 956 777 999 ego
796 942 941 998 rogavi
958 956 1038 1000 pro
1056 950 1098 984 te
1114 977 1125 995 ,
1152 945 1277 986 Petre
1295 978 1305 997 ‚
1327 959 1381 986 ne
1402 943 1482 987 de-

100 1025 119 1047 »
155 1008 270 1052 ficiat
286 1008 393 1052 fides
410 1018 484 1054 tua
498 1012 560 1053 ³.»
581 1013 703 1055 Hanc
721 1027 841 1070 spem
854 1010 974 1055 dedit
993 1021 1035 1055 et
1056 1012 1100 1055 in
1119 1013 1328 1067 oratione,
1349 1030 1483 1072 quam

97 1076 271 1133 docuit,
297 1080 375 1123 ubi
397 1081 567 1124 monuit
587 1090 637 1124 ut
657 1081 850 1125 dicamus
873 1101 882 1127 ;
912 1101 931 1123 «
951 1085 1014 1127 Ne
1036 1098 1113 1126 nos
1138 1082 1295 1126 inferas
1318 1084 1363 1126 in
1384 1093 1484 1128 ten-

99 1166 119 1189 »
154 1149 362 1193 tationem
376 1150 407 1193 4.
428 1168 448 1190 »
475 1143 675 1203 Quodam
697 1151 829 1195 modo
853 1151 969 1194 enim
992 1152 1189 1210 promisit
1210 1168 1254 1196 se
1277 1153 1484 1198 daturum

95 1218 182 1262 suis
199 1219 544 1278 periclitantibus
561 1255 571 1274 ‚
593 1220 714 1279 quod
736 1220 821 1264 dici
842 1220 983 1264 voluit
1005 1221 1059 1264 ab
1083 1223 1325 1265 orantibus.
1348 1226 1404 1267 Et
1422 1223 1488 1267 ni-

95 1288 254 1332 mirum
282 1288 337 1332 de
368 1289 450 1332 hac
481 1304 555 1348 spe
592 1289 727 1347 magis
762 1290 841 1333 iste
870 1289 1065 1333 Psalmus
1087 1290 1398 1349 intelligendus
1422 1302 1486 1338 est

95 1358 238 1402 dicere
263 1377 272 1402 ε
297 1377 317 1399 «
343 1361 447 1401 Haec
468 1373 538 1401 me
559 1358 779 1402 consolata
802 1368 866 1402 est
887 1360 932 1403 in
954 1359 1201 1403 humilitate
1224 1376 1317 1404 mea
1337 1383 1347 1419 3
1372 1379 1484 1422 quo-

97 1447 117 1470 »
153 1429 268 1472 niam
290 1429 475 1473 verbum
497 1438 623 1473 tuum
645 1429 879 1473 vivificavit
901 1444 970 1472 me
984 1431 1014 1472 ⁵.
1045 1448 1064 1471 »
1092 1431 1221 1483 Quod
1245 1434 1484 1490 expressius

93 1499 364 1559 interpretati
386 1508 486 1543 sunt
506 1533 516 1554 ,
543 1500 619 1559 qui
639 1514 729 1543 non
749 1518 769 1541 «
789 1499 1002 1554 Verbum,
1022 1517 1041 1541 »
1066 1499 1139 1543 sed
1160 1520 1180 1542 «
1205 1500 1479 1562 Eloquium»

92 1579 348 1630 posuerunt.
376 1571 549 1614 Graecus
586 1571 701 1613 enim
731 1578 830 1623 λόγων
865 1569 998 1613 habet
1017 1605 1028 1625 ,
1070 1570 1192 1630 quod
1229 1581 1292 1616 est
1330 1591 1350 1614 «
1380 1573 1486 1619 Elo-

97 1658 117 1682 »
153 1640 334 1700 quium3
361 1658 380 1681 »
403 1649 517 1694 λόγος,
539 1638 660 1698 quod
682 1648 746 1682 est
773 1657 794 1680 ‹(
817 1639 1032 1682 Verbum.
1058 1657 1078 1680 »

155 1713 237 1754 III.
264 1709 468 1770 Sequitur
490 1717 666 1753 autem:
697 1727 717 1750 «
745 1708 930 1767 Superbi
959 1707 1108 1767 inique
1137 1709 1326 1767 agebant
1340 1720 1486 1772 vusque

97 1798 118 1822 »
152 1779 280 1825 valde
306 1798 315 1824 ε
347 1795 370 1823 a
406 1778 499 1836 lege
527 1787 673 1821 autem
703 1787 776 1822 tua
814 1793 904 1821 non
932 1776 1189 1822 declinavi0.
1219 1797 1239 1820 »
1265 1783 1484 1840 Superbos

94 1850 276 1908 intelligi
292 1849 432 1894 voluit
453 1858 745 1908 persecutores
768 1848 940 1907 piorum
960 1867 969 1893 :
990 1858 1032 1892 et
1055 1848 1152 1892 ideo
1174 1850 1385 1910 subjecit:
1407 1857 1484 1899 «A

98 1939 118 1962 »
152 1920 246 1978 lege
269 1929 415 1964 autem
438 1928 513 1962 tua
535 1934 624 1962 non
646 1917 888 1972 declinavi,
917 1936 937 1958 »
968 1918 1069 1977 quia
1100 1918 1183 1962 hoc
1215 1935 1316 1963 eum
1338 1921 1482 1968 facere

94 1990 271 2035 illorum
294 1990 535 2049 persecutio
558 1987 862 2047 compellebat.
879 1990 996 2040 Quos
1016 2007 1035 2029 «
1058 1990 1200 2048 Usque
1223 1989 1349 2034 valde
1369 2010 1389 2033 »
1407 1993 1484 2038 ini-

95 2076 181 2121 que
204 2060 310 2105 dicit
330 2060 461 2117 egisse
479 2079 489 2116 3
509 2059 609 2118 quia
629 2073 716 2102 non
735 2057 876 2102 solum
895 2067 1017 2102 erant
1035 2058 1171 2117 impii,
1196 2062 1483 2108 verumetiam

94 2132 187 2192 pios
218 2131 371 2189 impios
399 2144 488 2173 esse
523 2129 749 2186 cogebant.
785 2131 836 2172 ln
871 2129 953 2173 hac
988 2128 1258 2185 humilitate,
1283 2131 1367 2176 hoc
1390 2143 1479 2189 est,

95 2203 141 2247 in
171 2203 251 2245 hac
288 2199 567 2244 tribulatione
600 2215 695 2259 spes
726 2198 945 2243 consolata
977 2209 1065 2254 est,
1102 2216 1200 2259 quae
1232 2200 1331 2245 data
1354 2213 1416 2247 est
1437 2204 1484 2249 in

94 2272 228 2317 verbo
257 2271 332 2315 Dei
356 2270 599 2330 pollicentis
624 2268 893 2329 adjutorium
913 2304 924 2324 ‚
955 2284 1010 2312 ne
1033 2268 1207 2314 deficiat
1230 2270 1334 2316 fides
1363 2276 1483 2317 Mar-

96 2352 243 2401 tyrum
264 2363 275 2399 3
305 2350 348 2384 et
372 2340 597 2400 praesentia
629 2339 811 2399 Spiritus
832 2339 899 2383 sui
920 2339 1028 2383 vires
1050 2339 1336 2398 impertientis
1357 2342 1484 2389 labo-

143 2457 153 2473 ¹
180 2452 272 2482 Rom.
293 2459 346 2480 vui
361 2472 369 2488 ‚
384 2447 438 2480 25.
465 2464 505 2470 —-
524 2454 537 2470 ²
559 2458 572 2479 1
593 2449 667 2479 Cor,
686 2457 720 2485 x,
747 2445 796 2477 13.
816 2462 858 2468 -
875 2443 888 2468 3
911 2446 988 2478 Luc.
1009 2457 1088 2489 xxu,
1115 2446 1170 2489 31,
1191 2447 1242 2480 32.
1263 2464 1305 2470 —
1321 2447 1337 2479 4
1360 2450 1476 2484 matth.

96 2517 144 2548 vx,
161 2506 211 2538 13.
232 2521 274 2528 ·-
292 2502 307 2527 ⁵
324 2503 403 2536 Psal.
423 2513 529 2545 cxvm,
545 2502 598 2536 50.
620 2518 659 2525 -
679 2499 797 2534 61bid.
820 2501 875 2534 51.

308 2580 462 2611 cxvm.
1220 2569 1272 2609 ’29
