1848 3261
455 253 694 281 ENARRA'UO
730 256 771 281 IN
806 254 1007 281 PSALMUM
1038 255 1073 278 C.
1400 243 1445 279 17

71 319 198 372 vesci⁷
223 319 360 375 sugite
386 318 470 362 tale
496 319 758 362 convivium.
793 321 945 378 Neque
967 318 1081 360 enim
1101 332 1145 360 sc
1172 319 1329 361 satiant
1346 334 1452 375 bau-

70 386 214 431 dendo
238 388 292 431 de
322 388 444 432 malis
467 388 614 432 alienis
634 424 643 441 ⁷
675 389 776 447 quia
797 387 1032 431 insatiabili
1055 386 1185 430 corde
1201 397 1315 430 sunt.
1341 390 1455 432 Cave

70 472 125 500 ne
147 457 326 516 capiaris
347 458 393 501 in
417 458 554 517 epulis
579 473 726 502 eorum
752 456 909 516 laqueo
938 456 1115 500 diaboli.
1150 456 1268 500 Cibis
1298 457 1455 501 talibus

70 528 359 585 pascebantur
381 528 539 582 Judaei‚
565 526 740 587 quando
763 527 1070 571 crucifixerunt
1094 526 1328 570 Dominum
1355 526 1455 570 :sed

69 597 170 657 quia
203 599 493 657 pascebantur
526 607 734 658 tanquam
770 596 825 641 de
856 612 986 656 poena
1016 597 1202 640 Domini.
1235 599 1377 654 (Nam
1414 607 1456 641 et

70 682 148 711 nos
171 668 225 712 de
255 684 382 712 cruce
414 668 586 712 Domini
608 668 839 727 pascimur,
868 667 968 726 quia
992 682 1148 726 corpus
1170 666 1302 726 ipsius
1327 683 1453 711 man-

69 737 293 782 ducamus.
319 741 335 796 )
357 737 566 781 Dicebant
584 738 715 792 enim,
737 752 836 780 cum
855 736 1050 780 viderent
1073 753 1172 781 eum
1193 738 1453 796 pendentem

69 808 113 851 in
131 823 274 863 cruce,
299 807 571 861 insultantes,
592 808 692 867 quia
716 806 979 850 insatiabiles
1002 807 1132 851 corde
1151 817 1274 851 erant
1301 827 1311 853 ε
1337 808 1456 852 dice-

68 879 177 924 bant
199 894 317 938 ergo,
347 898 367 921 ‹<
395 880 436 923 Si
460 879 593 922 Filius
616 879 691 923 Dei
712 887 795 932 est,
822 877 1057 921 descendat
1086 878 1140 921 de
1164 894 1290 923 cruce
1318 898 1325 923 :
1352 879 1456 924 alios

73 968 92 990 »
127 948 330 1003 salvavit,
356 965 399 992 se
419 948 582 993 salvare
617 964 705 992 non
734 950 920 1007 potest¹.
961 967 981 989 »
1025 949 1319 993 Pascebantur
1360 950 1458 994 cibo

69 1019 335 1064 crudelitatis
357 1036 461 1074 suae,
482 1030 525 1063 et
546 1019 618 1062 ille
636 1019 894 1078 pascebatur
911 1018 1008 1063 cibo
1026 1018 1331 1063 misericordiae
1349 1036 1454 1065 suae.

71 1110 91 1132 »
128 1094 269 1145 Pater,
284 1090 442 1150 inquit,
462 1090 633 1147 ignosce
649 1089 748 1144 illis,
767 1089 869 1149 quia
883 1089 1085 1133 nesciunt
1100 1090 1208 1149 quid
1221 1090 1421 1134 faciunt&
1435 1112 1452 1133 »

70 1161 138 1206 llli
170 1177 272 1220 ergo
301 1161 523 1205 habebant
552 1160 654 1204 alias
677 1160 842 1219 epulas,
867 1159 939 1204 ille
962 1159 1079 1204 alias.
1114 1160 1197 1205 Sed
1226 1162 1333 1221 quid
1368 1163 1459 1206 dic-

68 1242 162 1277 tum
185 1233 238 1275 sit
262 1231 316 1274 de
340 1247 486 1274 mensa
508 1231 810 1290 superborum,
842 1230 988 1274 audite
1016 1250 1025 1276 ε
1055 1250 1072 1271 «
1096 1232 1191 1275 Fiat
1213 1247 1359 1276 mensa
1383 1249 1459 1277 eo—

74 1321 93 1344 »
131 1318 226 1346 rum
247 1317 393 1346 coram
410 1302 511 1361 ipsis
533 1302 579 1345 in
599 1301 904 1361 muscipulam,
928 1311 971 1345 et
992 1302 1037 1344 in
1067 1303 1396 1347 retributionem
1416 1313 1459 1348 et

73 1392 93 1415 n
129 1374 174 1417 in
197 1372 491 1418 scandalum?
517 1391 536 1413 »
564 1373 677 1416 Pasti
696 1382 813 1427 sunt,
830 1373 944 1432 capti
964 1381 1080 1416 sunt.
1103 1373 1330 1426 Quomodo
1343 1376 1458 1418 enim

71 1460 169 1488 aves
200 1444 255 1488 ad
278 1442 583 1502 muscipulam,
617 1452 692 1486 aut
722 1443 856 1501 pisces
889 1443 946 1486 ad
975 1443 1153 1485 hamum
1188 1454 1452 1502 pascuntur⁷

70 1515 145 1559 sed
167 1515 423 1574 capiuntur·⁷
447 1515 506 1558 sic
532 1524 574 1558 et
596 1515 690 1572 ipsi.
710 1514 886 1557 Habent
903 1528 1003 1570 ergo
1027 1513 1149 1572 impii
1171 1514 1321 1573 epulas
1342 1531 1454 1569 suas,

70 1585 236 1629 habent
258 1593 301 1627 et
323 1585 382 1643 pii
404 1585 552 1643 epulas
577 1599 688 1626 suas.
718 1583 833 1626 Audi
863 1583 1012 1642 epulas
1038 1584 1209 1642 piorum
1243 1604 1250 1628 :
1292 1604 1311 1627 α
1337 1587 1456 1630 Beati

73 1673 94 1696 »
129 1655 204 1715 qui
222 1655 417 1698 esuriunt
436 1663 479 1697 et
500 1653 652 1697 sitiunt
673 1653 885 1713 justitiam
900 1688 910 1708 ,
940 1654 1147 1713 quoniam
1193 1654 1272 1713 ipsi
1294 1665 1455 1700 satura-

72 1744 93 1767 »
129 1726 296 1769 buntur
315 1726 346 1767 4.
378 1744 395 1765 »
424 1724 466 1768 Si
498 1739 601 1782 ergo
629 1723 725 1782 pius
747 1723 938 1782 pascitur
965 1724 1062 1767 cibo
1083 1724 1279 1783 justitiae,
1307 1735 1349 1769 et
1371 1727 1454 1769 im-

70 1796 165 1856 pius
186 1795 429 1855 superbiae:
455 1810 544 1838 non
567 1794 725 1837 mirum
754 1794 786 1837 si
814 1792 1068 1837 insatiabilis
1088 1794 1234 1838 corde.
1262 1797 1456 1841 Pascitur

70 1867 170 1912 cibo
204 1867 443 1926 iniquitatis
474 1885 482 1910 :
516 1865 604 1909 noli
639 1865 755 1924 pasci
787 1864 886 1908 cibo
914 1864 1170 1924 iniquitatis,
1198 1874 1240 1909 et
1263 1882 1352 1910 non
1375 1868 1454 1911 tibi

69 1937 343 1981 convescitur
364 1935 575 1995 superbus
598 1934 726 1978 oculo
748 1942 790 1977 et
809 1933 1060 1977 insatiabilis
1078 1933 1223 1978 corde.

128 2009 184 2050 X.
209 2009 266 2050 Et
288 2005 406 2049 unde
430 2014 477 2049 tu
501 2004 774 2064 pascebaris?
799 2012 842 2046 et
873 2003 980 2063 quid
1011 2012 1054 2047 te
1076 2004 1346 2061 delectabat,
1378 2007 1453 2050 ubi

70 2078 143 2122 ille
166 2077 244 2121 tibi
267 2092 357 2121 non
391 2075 764 2120 convescebatur?
791 2093 811 2116 «
848 2073 974 2118 Oculi
997 2074 1107 2129 mei,
1132 2075 1300 2135 inquit,
1326 2094 1454 2137 super

72 2167 93 2190 ,η
128 2147 276 2192 fideles
291 2157 432 2202 terrae,
454 2156 503 2191 ut
520 2145 793 2190 considerent
809 2145 854 2189 hi
871 2160 1044 2189 mecum
1060 2147 1091 2187 ⁵.
1111 2162 1130 2185 »
1152 2147 1363 2191 Dominus
1385 2148 1455 2192 di-

70 2220 156 2264 cit:
187 2238 208 2260 «
232 2217 359 2262 Oculi
386 2218 471 2260 mei
505 2232 634 2276 super
666 2214 814 2259 fideles
846 2224 993 2271 terrae,
1037 2224 1083 2259 ut
1111 2216 1385 2262 considerent
1410 2220 1453 2262 hi

74 2308 94 2331 »
129 2304 302 2333 mecum
327 2307 336 2333 :
365 2306 386 2328 η
413 2287 459 2331 id
480 2297 544 2331 est
560 2322 571 2341 ‚
598 2295 647 2330 ut
670 2301 842 2329 mecum
859 2285 1072 2329 sederent.
1086 2288 1314 2338 Quomodo
1331 2289 1454 2333 sede-

72 2360 209 2403 rent?
242 2377 259 2398 «
299 2357 510 2402 Sedebitis
543 2371 671 2416 super
702 2354 933 2399 duodecim
967 2355 1146 2400 thronos
1167 2392 1177 2411 ‚
1207 2357 1453 2416 judicantes

75 2450 96 2472 »
131 2429 362 2474 duodecim
385 2428 524 2472 tribus
542 2427 672 2472 Israel
687 2429 718 2470 6.
749 2446 767 2467 »
788 2425 993 2470 Judieant
1014 2425 1162 2471 fideles
1184 2437 1332 2484 terrae,
1353 2430 1452 2489 qui-

121 2533 128 2550 ¹
148 2526 262 2559 Matth.
284 2524 557 2566 xxv11‚l}o-42.—
576 2531 588 2546 ²
608 2525 683 2555 Luc.
702 2534 786 2563 xxm,
801 2521 854 2563 34.
875 2540 916 2544 -
939 2521 950 2544 3
967 2522 1044 2555 psal.
1060 2535 1167 2565 mviii,
1189 2524 1242 2556 23.
1260 2524 1322 2555 —4
1337 2527 1450 2558 Matth,

73 2594 108 2624 v,
127 2582 160 2615 6.
181 2599 222 2605 —-
246 2580 260 2604 ⁵
281 2581 360 2612 Psal.
376 2592 405 2623 c,
423 2579 458 2612 6.
475 2597 514 2602 —
537 2578 551 2601 ὅ
570 2578 681 2611 Manli.
707 2589 772 2618 xix,
794 2577 846 2609 28.

235 2645 389 2676 CXVIII.
1354 2637 1376 2674 2
