1848 3261
363 237 447 278 224
801 244 835 274 s.
870 243 1101 274 Aueus‘rmi
1132 242 1314 272 Enscom

360 315 446 360 dici
466 313 710 373 potuerint,
732 312 852 373 quod
875 312 1137 357 adversarios
1159 310 1433 364 afflixerunt,
1456 316 1500 352 et
1526 306 1617 352 istis
1631 306 1739 367 quid

360 385 572 430 deberent
590 384 739 428 timere
761 393 1125 429 monstraverunt.

418 457 540 501 XXI.
571 474 592 498 «
615 459 672 500 Et
694 454 800 498 dixit
822 464 872 499 ut
899 454 1167 515 disperderet
1198 467 1285 497 eos.
1311 470 1330 494 >i
1357 451 1469 505 Quia
1497 449 1623 495 obliti
1644 457 1747 493 sunt

361 542 462 571 eum
483 526 560 586 qui
576 526 714 570 salvos
737 524 840 569 feeit
860 540 952 580 eOS,
974 525 1136 569 faciens
1153 520 1370 582 magnalia
1384 555 1395 575 ‚
1421 530 1465 564 et
1482 520 1683 564 fecerunt
1704 528 1749 563 et

358 597 650 644 adoraverunt
678 595 861 655 scuptile
879 631 889 651 ‚
914 597 998 641 hoc
1019 597 1172 656 utique
1198 604 1287 639 tam
1309 591 1492 636 immani
1521 589 1681 636 scelere
1703 598 1747 633 et

361 666 606 714 incredibili
626 666 874 726 impietate,
900 665 1022 725 digni
1050 666 1226 710 fuerant
1253 664 1329 725 qui
1360 664 1564 723 perirent.
1596 681 1617 704 «
1640 661 1750 705 Dixit

364 759 386 782 »
421 754 522 798 ergo
538 747 588 782 ut
608 736 875 796 disperderet
892 753 963 782 eos
991 757 1000 782 :
1026 738 1059 781 si
1075 752 1165 782 non
1180 739 1352 794 Moyses
1372 735 1534 779 electus
1557 734 1648 793 ejus
1670 742 1750 777 ste-

365 829 385 853 »
420 811 539 854 tisset
559 809 605 852 in
627 807 923 852 confractione
935 808 982 851 in
1000 816 1238 868 conspeetu
1254 808 1388 867 ejus1.
1410 825 1428 847 »
1446 807 1543 851 Non
1564 803 1624 847 ita
1640 802 1751 847 dixit

363 881 526 926 stetisse
552 899 572 922 «
597 882 649 923 In
670 877 967 923 confractione
985 914 995 935 ‚
1023 897 1043 921 »
1065 879 1189 939 quasi
1209 887 1260 922 ut
1281 876 1501 936 frangeret
1515 875 1623 919 iram
1645 873 1746 932 Dei3

363 952 440 997 sed
472 972 492 995 «
516 955 568 996 In
590 949 913 1005 confractione,
941 969 961 992 >›
997 949 1043 994 id
1064 959 1152 1005 est,
1185 950 1232 993 in
1263 949 1391 1009 plaga
1420 963 1507 1008 qua
1535 955 1658 991 erant
1688 945 1752 989 illi

363 1022 548 1068 feriendi
570 1037 579 1063 :
597 1021 643 1065 id
660 1031 747 1076 est,
782 1021 863 1065 nisi
884 1021 1110 1081 objecisset
1132 1036 1175 1064 se
1192 1020 1333 1079 ipsum
1355 1034 1435 1079 pro
1459 1018 1517 1062 eis
1537 1052 1548 1073 ,
1574 1017 1721 1061 dicens
1740 1034 1750 1061 ε

367 1114 388 1138 «
426 1095 469 1140 Si
492 1093 672 1138 dimittis
689 1092 773 1137 illis
795 1102 1040 1153 peecatum,
1068 1092 1264 1149 dimitte3
1287 1092 1352 1135 sin
1375 1099 1521 1134 autem
1536 1124 1547 1144 ‚
1566 1088 1662 1132 dele
1683 1103 1754 1132 me

367 1186 388 1209 >a
425 1167 479 1210 de
510 1166 623 1210 libro
654 1168 776 1210 tuo‘2.
811 1183 832 1206 »
866 1164 952 1209 Ubi
983 1163 1331 1208 demonstratum
1376 1171 1466 1215 est,
1507 1159 1754 1204 intercessio

364 1247 615 1282 sanctorum
632 1244 848 1296 quantum
869 1250 949 1294 pro
971 1233 1062 1278 aliis
1084 1233 1226 1278 valeat
1251 1232 1370 1293 apud
1392 1238 1540 1276 Deum.
1570 1233 1755 1276 Securus

365 1308 482 1352 enim
503 1310 676 1364 Moyses
697 1305 751 1349 de
761 1305 927 1365 justitia
947 1305 1050 1360 Dei,
1075 1321 1163 1365 qua
1185 1318 1286 1349 eum
1309 1302 1453 1347 delere
1470 1318 1561 1346 non
1578 1309 1722 1361 posset
1740 1335 1752 1356 ,

365 1379 614 1439 impetravit
635 1376 989 1431 misericordiam,
1005 1392 1059 1420 ne
1077 1376 1190 1432 illos,
1216 1390 1326 1436 quos
1343 1375 1458 1434 juste
1482 1382 1644 1434 posset,
1675 1371 1756 1417 de-

366 1451 489 1495 leret.
518 1452 582 1493 Ita
605 1449 723 1493 stetit
756 1467 777 1490 «
802 1451 854 1492 In
886 1446 1184 1492 confractione
1215 1447 1263 1490 in
1296 1454 1534 1505 conspeetu
1567 1446 1680 1504 ejus,
1706 1452 1757 1488 ut

368 1539 389 1563 »
425 1529 638 1565 averteret
658 1519 766 1563 iram
779 1519 879 1579 ,ejus
900 1554 911 1573 ,
935 1534 990 1562 ne
1012 1517 1280 1578 disperderet
1297 1533 1383 1562 eos.
1406 1535 1427 1558 >›

426 1593 568 1635 XXII.
598 1609 618 1633 «
653 1593 712 1634 Et
741 1605 820 1649 pro
849 1589 987 1633 nihilo
1014 1589 1267 1633 habuerunt
1299 1598 1460 1632 terram
1492 1584 1758 1631 desiderabi-

368 1682 390 1706 »
424 1662 555 1707 lemss.
586 1681 605 1703 >›
648 1661 732 1706 Sed
762 1661 979 1721 numquid
1011 1659 1209 1705 viderant
1250 1662 1370 1704 eam?
1400 1658 1628 1713 Quomodo
1654 1673 1757 1718 ergo

367 1750 446 1795 pro
470 1733 633 1788 nihilo,
651 1748 781 1793 quam
793 1748 883 1776 non
898 1731 1117 1788 viderant,
1138 1733 1391 1776 habuerunt
1407 1766 1417 1786 ‚
1440 1731 1520 1774 nisi
1534 1729 1758 1790 quomodo

368 1804 563 1864 sequitur
576 1838 588 1859 ‚
618 1822 637 1844 «
652 1805 741 1848 Nee
763 1801 1042 1847 erediderunt
1057 1803 1103 1846 in
1124 1802 1267 1847 verbis
1283 1802 1402 1862 ejus?
1419 1818 1440 1842 »
1462 1799 1662 1845 Profecto
1677 1799 1758 1844 nisi

368 1885 483 1920 terra
509 1874 583 1918 illa
617 1873 878 1932 significaret
901 1873 1066 1933 aliquid
1095 1889 1302 1932 magnum
1323 1907 1334 1928 ,
1370 1888 1469 1933 quae
1501 1881 1615 1916 terra
1637 1872 1758 1916 diee-

370 1946 500 1990 batur
521 1945 662 1988 fluens
679 1943 746 1988 lae
770 1953 812 1988 et
834 1943 949 1987 mel‘*
966 1979 977 1999 ,
1003 1959 1081 2004 per
1103 1943 1224 2004 quod
1249 1942 1419 1988 visibile
1442 1951 1758 1987 sacramentum

370 2016 426 2061 ad
444 2015 705 2060 invisibilem
729 2015 909 2074 gratiam
942 2030 1214 2075 regnumque
1242 2013 1456 2058 coelorum
1479 2013 1659 2059 duceret
1687 2028 1759 2058 eos

370 2087 447 2147 qui
467 2085 681 2130 mirabilia
704 2087 794 2145 ejus
831 2085 1164 2143 intelligebant,
1189 2084 1312 2129 nullo
1340 2084 1472 2129 modo
1505 2085 1575 2129 isti
1606 2084 1759 2144 eulpa-

371 2167 549 2213 rentur‚
576 2157 678 2217 quia
707 2172 787 2216 pro
825 2156 962 2201 nihilo
994 2157 1243 2201 habuerunt
1273 2156 1393 2200 illam
1425 2165 1610 2211 terram,
1638 2157 1761 2215 eujus

372 2229 611 2289 temporale
633 2244 818 2287 regnum
840 2229 969 2272 etiam
991 2245 1069 2273 nos
1091 2245 1170 2289 pro
1193 2228 1331 2272 nihilo
1354 2228 1515 2271 habere
1532 2227 1757 2283 debemus,

371 2310 422 2345 ut
442 2299 682 2345 Jerusalem
696 2299 878 2344 liberam
895 2309 1077 2344 matrem
1092 2309 1281 2344 nostram
1299 2334 1309 2353 ‚
1327 2298 1486 2358 quaein
1508 2297 1629 2342 coelis
1646 2300 1733 2342 est⁵
1746 2333 1756 2353 ‚

371 2387 471 2416 vere
506 2370 837 2415 desiderabilem
871 2369 1114 2429 diligamus.
1157 2369 1242 2414 Sed
1262 2369 1405 2429 potius
1430 2369 1501 2412 hie
1529 2367 1760 2412 infidelitas

372 2443 525 2486 merito
562 2440 858 2499 redarguitur,
886 2442 987 2501 quia
1020 2441 1064 2484 in
1087 2439 1274 2501 eoquod
1309 2449 1466 2483 terram
1491 2438 1760 2483 desiderabi-

421 2546 429 2561 1
448 2539 528 2570 Psal.
549 2550 603 2580 cv,
623 2538 723 2570 23.—
737 2544 748 2561 ⁵
764 2538 865 2571 Exou’.
881 2548 969 2580 xxxi,
986 2537 1157 2577 31732.-
1173 2535 1186 2560 3
1204 2536 1287 2568 Psal.
1310 2546 1361 2578 cv,
1381 2534 1436 2578 234.
1457 2552 1498 2558 --
1513 2533 1527 2565 4
1544 2536 1640 2568 Exod.
1658 2547 1711 2578 111,
1726 2538 1759 2568 8.

375 2612 416 2619 —-
435 2594 449 2618 5
467 2595 533 2628 Gal.
554 2606 598 2636 iv,
618 2595 672 2627 26.
1091 2582 1103 2595 ⁸
