1848 3261
365 216 448 254 310
775 229 808 256 s.
844 225 1072 256 AansTnvi
1105 229 1287 257 13111500121

364 291 531 350 strepit,
557 291 707 347 currit,
733 301 776 337 et
796 293 1011 338 currendo
1028 293 1234 349 decurrit,
1259 294 1305 338 id
1327 304 1406 351 est,
1426 311 1602 342 cursum
1622 297 1744 344 finit:

363 362 422 406 sic
444 371 508 406 est
529 362 669 406 omnis
692 363 770 407 iste
792 379 941 408 cursus
962 363 1507 411 mortalitatis.Nascuntur
1529 369 1743 425 homines,

361 434 540 488 vivunt,
577 434 823 478 moriuntur
839 470 849 490 ‚
884 444 927 478 et
951 435 1042 479 aliis
1075 437 1362 482 morientibus
1384 439 1456 483 alii
1477 450 1717 485 nascuntur
1734 475 1745 496 ‚

359 521 592 565 rursusque
613 505 696 549 illis
716 506 1000 550 morientibus
1022 507 1093 551 alii
1121 508 1323 564 oriuntur
1348 529 1357 554 ε
1383 512 1624 556 succedunt
1643 547 1653 567 ,
1678 528 1750 556 ac-

359 576 538 631 cedunt,
557 575 792 630 decedunt,
816 592 896 621 nec
915 578 1172 623 manebunt.
1198 580 1311 632 Quid
1332 580 1404 624 hic
1425 590 1598 626 tenetur
1614 583 1750 642 unid

360 663 450 692 non
465 646 626 691 currit?
643 646 751 706 quid
772 662 861 691 non
879 647 1001 707 quasi
1017 648 1072 691 de
1088 648 1236 707 pluvia
1253 649 1485 694 collectum
1508 652 1541 695 it
1558 652 1604 696 in
1626 653 1751 709 abys-

359 719 485 762 sum?
501 715 731 769 Quomodo
753 717 866 761 enim
891 717 1050 761 fluvius
1073 728 1250 777 repente
1271 719 1478 765 collectus
1506 721 1561 765 de
1581 721 1747 780 pluvia,

361 787 416 831 de
439 787 571 846 guttis
588 787 796 831 imbrium
815 823 826 843 ‚
851 788 885 832 it
901 788 947 831 in
969 803 1088 831 mare
1106 823 1117 842 ‚
1143 803 1224 833 nec
1242 800 1421 849 apparet
1441 811 1451 848 3
1474 807 1554 835 nec
1576 807 1752 851 appare-

358 858 434 902 bat
449 892 461 913 ,
489 867 721 918 antequam
744 857 799 902 de
830 858 978 918 pluvia
1006 858 1283 918 colligeretur
1309 879 1318 905 ε
1343 860 1377 904 si
1399 861 1483 905 hoc
1506 876 1641 919 genus
1662 863 1751 906 hu-

360 944 540 974 manum
562 927 617 973 de
639 928 819 974 occultis
842 929 1060 987 colligitur
1079 965 1089 984 ‚
1115 939 1158 974 et
1179 931 1359 990 profluit
1380 952 1391 989 3
1416 941 1556 976 morte
1576 948 1752 977 rursum

359 1002 406 1045 in
423 999 646 1045 occultum
667 1001 838 1059 pergit3
861 1000 1056 1045 medium
1077 1001 1161 1046 hoc
1183 1011 1308 1046 sonat
1327 1012 1370 1046 et
1391 1004 1557 1048 transit.
1583 1006 1646 1047 De
1667 1005 1752 1049 hoc

359 1079 552 1116 torrente
570 1069 681 1114 bibit
698 1069 793 1124 ille,
824 1085 915 1114 non
936 1080 1000 1115 est
1021 1070 1281 1130 dedignatus
1308 1072 1459 1116 bibere
1479 1072 1533 1116 de
1555 1074 1638 1117 hoc
1659 1082 1753 1117 tor-

360 1151 499 1187 rente.
517 1140 673 1184 Bibere
691 1139 806 1183 enim
829 1138 882 1183 de
899 1139 982 1183 hoc
1000 1147 1208 1194 torrente,
1230 1141 1293 1184 illi
1311 1152 1402 1186 erat
1421 1143 1536 1188 nasci
1559 1152 1601 1187 et
1623 1144 1749 1187 mori.

342 1205 457 1256 ‘Hoc
478 1211 612 1254 habet
639 1219 805 1254 torrens
828 1210 906 1253 iste
925 1245 936 1264 ‚
961 1209 1230 1253 nativitatem
1256 1219 1299 1254 et
1321 1222 1503 1256 mortem
1526 1232 1535 1258 :
1567 1214 1754 1272 suscepit

361 1283 476 1327 hanc
486 1281 696 1330 ,Christus
718 1300 729 1338 3
753 1289 879 1324 natus
902 1289 992 1334 est,
1018 1289 1216 1324 mortuus
1239 1290 1303 1326 est
1325 1303 1333 1327 :
1354 1283 1413 1327 ita
1441 1302 1460 1324 «
1483 1286 1543 1327 De
1561 1293 1753 1328 torrente

363 1370 386 1395 »
420 1353 466 1396 in
488 1351 557 1397 via
584 1351 712 1396 bibit.
747 1350 968 1395 Exultavit
990 1351 1105 1394 enim
1131 1352 1243 1396 sicut
1277 1353 1394 1412 gigas
1416 1353 1471 1397 ad
1493 1355 1754 1398 currendam

364 1441 386 1465 >›
420 1423 535 1467 viam
556 1424 588 1467 1.
615 1425 677 1466 De
698 1430 891 1466 torrente
922 1436 1022 1480 ergo
1044 1422 1090 1465 in
1108 1422 1175 1466 via
1197 1423 1310 1467 bibit
1329 1445 1340 1481 3
1365 1425 1472 1477 Quia
1494 1425 1539 1468 in
1558 1426 1625 1469 via
1648 1440 1753 1484 pec-

364 1511 387 1535 »
422 1501 620 1536 catorum
646 1508 736 1536 non
769 1492 887 1536 stetit
901 1495 933 1535 2.
962 1510 983 1533 »
1009 1492 1119 1545 Quia
1141 1508 1242 1551 ergo
1268 1513 1288 1535 «
1314 1497 1376 1538 De
1404 1504 1595 1540 torrente
1617 1496 1661 1539 in
1684 1496 1754 1539 via

366 1582 387 1606 »
421 1564 536 1609 bibit
554 1585 565 1621 3
584 1573 814 1623 propterea
832 1562 1037 1608 exaltavit
1060 1574 1192 1624 caput
1217 1585 1226 1610 z
1263 1583 1283 1606 n
1307 1566 1354 1610 id
1376 1576 1464 1622 est,
1488 1567 1590 1627 quia
1607 1568 1755 1613 humi-

360 1636 488 1681 liatus
511 1645 588 1691 est,
605 1640 693 1680 «Et
713 1635 853 1680 factus
875 1645 939 1680 est
961 1636 1162 1681 subditus
1180 1653 1318 1697 usque
1336 1637 1391 1682 ad
1408 1648 1610 1694 mortem,
1628 1655 1750 1684 mor-

366 1725 387 1750 »
423 1717 512 1751 tem
546 1716 691 1751 autem
722 1708 860 1752 crucis
891 1728 902 1764 3
941 1717 1168 1767 propterea
1202 1724 1304 1752 eum
1337 1712 1452 1754 Deus
1489 1709 1693 1754 exaltavit
1730 1726 1753 1754 a

367 1797 389 1821 »
423 1779 622 1834 mortuis,
644 1788 686 1823 et
704 1779 881 1823 donavit
904 1779 942 1822 ei
964 1795 1124 1823 nomen
1147 1779 1267 1840 quod
1289 1790 1352 1825 est
1373 1797 1502 1841 super
1524 1796 1651 1825 omne
1670 1797 1753 1826 no-

368 1867 390 1891 »
424 1865 527 1893 men
542 1885 552 1905 ,
578 1858 628 1893 ut
648 1850 694 1893 in
717 1851 894 1894 nomine
914 1852 1017 1894 Jesu
1049 1865 1178 1894 omne
1207 1866 1321 1909 genu
1341 1851 1542 1896 flectatur
1557 1887 1567 1907 ‚
1597 1851 1753 1896 cocles-

368 1937 390 1962 »
425 1921 552 1975 tium,
570 1922 834 1965 terrestrium
850 1957 860 1976 ⁷
886 1930 929 1965 et
943 1919 1230 1976 infernorum,
1255 1931 1298 1966 et
1320 1924 1457 1967 omnis
1475 1923 1622 1981 lingua
1645 1938 1753 1967 con-

369 2009 390 2034 »
426 1992 601 2036 fiteatur
620 2027 630 2047 ,
652 1993 753 2053 quia
777 1992 984 2038 Dominus
1011 1995 1134 2037 Jesus
1155 1993 1355 2038 Christus
1377 1995 1422 2038 in
1445 1993 1581 2054 gloria
1597 2002 1661 2038 est
1676 1993 1754 2038 Dei

369 2079 392 2104 »
427 2062 563 2107 Patris
580 2063 612 2106 3.
636 2080 657 2104 »

416 2165 427 2182 ¹
447 2158 529 2191 Psal.
548 2169 641 2202 xvnx,
659 2159 693 2191 6.
716 2176 757 2182 ·-
777 2165 790 2182 ²
812 2159 858 2192 Id.
879 2169 903 2202 1,
930 2170 957 2192 1.
979 2176 1020 2183 -
1048 2157 1061 2182 3
1080 2159 1193 2201 Philip.
1212 2169 1246 2200 u,
1266 2157 1360 2191 8-11.
