1848 3261
330 202 412 240 520
765 212 798 241 s.
835 214 1065 243 Ateus‘nm
1097 216 1278 242 Emseom

329 292 517 322 mescam
529 312 540 332 ,
554 278 763 337 patientia
777 277 936 324 donata
956 279 1186 323 redemeris
1198 299 1209 336 3
1225 279 1337 323 inter
1352 280 1462 340 ipsas
1475 279 1713 326 calumnias

325 348 567 392 custodiam
589 348 791 393 mandata
811 359 900 394 tua.

386 420 507 462 VIII.
547 437 567 461 «
593 419 767 464 Faciem
795 429 912 463 tuam
928 454 938 474 ‚
978 420 1143 480 inquit,
1168 419 1368 463 illumina
1392 435 1520 479 super
1543 436 1713 465 servum

330 506 351 530 >›
386 497 515 533 tuum
532 490 562 532 ¹.
595 509 612 530 »
639 489 692 533 Id
716 499 779 533 est
799 524 809 544 ‚
834 498 955 533 tuam
978 489 1206 534 manifesta
1237 490 1534 534 subveniendo
1553 500 1595 534 et
1618 492 1714 550 opi-

327 559 512 606 tulando
534 561 824 619 praesentiam.
850 580 870 603 «
897 563 954 605 Et
978 561 1086 605 doce
1107 578 1176 605 me
1209 561 1538 623 justificationes
1556 572 1667 606 tuas.
1691 581 1711 603 n

324 634 441 677 Doce
471 631 623 690 utique
661 640 711 674 ut
747 631 905 675 faciam
932 651 940 675 :
975 632 1096 691 quod
1123 632 1365 677 evidentius
1398 632 1501 676 alibi
1523 632 1712 691 legitur:

330 722 351 744 «
386 705 501 745 Doce
510 716 579 744 me
587 710 637 744 ut
647 701 803 746 faciam
815 702 1085 747 voluntatem
1099 708 1254 747 tuam‘2.
1265 705 1372 756 »Qui
1385 704 1499 748 enim
1513 703 1714 759 audiunt,

325 772 428 816 licet
445 772 652 816 memoria
672 781 849 816 teneant
864 773 984 833 quod
1001 774 1207 829 audiunt,
1224 789 1499 834 nequaquam
1520 773 1717 818 didicisse

327 843 510 902 putandi
534 853 636 887 sunt
651 879 662 898 ‚
688 843 722 887 si
760 860 849 888 non
881 843 1062 889 faciunt.
1100 845 1302 888 Veritatis
1325 861 1513 905 namque
1534 845 1718 888 verbum

327 923 390 958 est
413 933 422 957 :
448 932 464 953 «
484 914 635 957 Omnis
653 914 730 974 qui
745 915 911 959 audivit
928 931 951 958 a
969 918 1094 959 Patre
1108 950 1118 970 ‚
1133 914 1355 969 etdidieit,
1376 916 1496 959 venit
1508 915 1562 959 ad
1580 916 1713 958 me3.»

328 984 409 1037 Qui
432 1000 533 1041 ergo
555 1001 643 1028 non
669 984 797 1040 facit,
824 985 869 1029 id
893 995 978 1039 est,
1005 1001 1096 1029 non
1116 985 1255 1040 venit,
1274 1001 1363 1029 non
1386 984 1553 1029 didicit.

385 1057 463 1098 IX.
499 1054 711 1098 Recolens
730 1064 874 1099 autem
898 1056 977 1099 iste
998 1054 1193 1099 dolorem
1216 1055 1486 1114 poenitentiae
1515 1055 1718 1114 praevari-

325 1124 504 1174 cationis
527 1141 616 1168 suae
649 1144 657 1169 ε
688 1145 705 1165 «
731 1126 882 1170 Exitus
918 1141 1131 1185 aquarum
1149 1161 1158 1178 ,
1185 1126 1329 1185 inquit
1347 1161 1357 1181 ‚
1399 1125 1717 1170 descenderunt

329 1216 346 1237 »
383 1196 499 1255 oculi
521 1197 606 1240 mei
628 1233 639 1251 ,
678 1198 779 1257 quia
805 1214 895 1242 non
918 1198 1219 1242 custodierunt
1240 1197 1380 1254 legem
1408 1206 1528 1240 tuam
1544 1197 1560 1221 4
1582 1215 1590 1239 :
1616 1215 1634 1236 »
1671 1195 1717 1239 id

325 1276 389 1311 est
407 1303 417 1321 ‚
442 1267 523 1326 ipsi
546 1267 662 1311 oculi
684 1269 781 1312 mei.
818 1272 926 1313 Nam
951 1270 996 1312 in
1019 1268 1281 1329 quibusdam
1305 1269 1526 1312 codicibus
1560 1277 1602 1311 et
1633 1269 1717 1312 hoc

326 1338 488 1397 legitur
515 1357 522 1382 :
545 1339 689 1391 «Quia
717 1354 804 1382 non
841 1339 1055 1383 custodivi
1073 1339 1212 1397 legem
1236 1348 1372 1382 tuam.
1393 1338 1719 1382 Descenderunt

329 1427 349 1450 >›
386 1425 489 1468 crgo
510 1409 647 1452 exitus
671 1425 907 1469 aquarum,
933 1428 952 1451 »
975 1409 1020 1453 id
1043 1418 1130 1464 est7
1156 1409 1389 1453 effusiones
1407 1408 1714 1466 lacrymarum.

326 1482 383 1523 Et
406 1495 453 1523 ea
476 1478 699 1523 locutione
721 1496 807 1540 qua
830 1479 972 1524 dicere
996 1480 1160 1539 potuit,
1200 1482 1379 1523 Montes
1399 1479 1720 1523 descenderunt

326 1549 458 1609 pedes
481 1550 594 1604 mei,
626 1550 706 1593 etsi
727 1566 815 1593 non
849 1550 1011 1594 dicei-et
1033 1566 1110 1609 per
1133 1560 1300 1594 montes
1317 1585 1328 1605 7
1353 1549 1422 1593 vel
1445 1550 1489 1592 in
1516 1559 1684 1594 montes
1707 1569 1715 1594 :

327 1635 375 1662 ea
396 1619 619 1663 locutione
653 1618 834 1675 dicitur,
864 1619 1005 1664 Scalas
1029 1621 1276 1676 descendit,
1304 1621 1382 1664 etsi
1411 1636 1499 1664 non
1520 1620 1716 1675 dicatur,

326 1705 403 1749 per
441 1689 574 1732 scalas
595 1710 606 1746 3
631 1699 722 1743 aut,
748 1690 963 1734 Piscinam
1001 1689 1226 1734 descendit
1246 1726 1257 1745 ,
1303 1691 1381 1734 etsi
1404 1707 1492 1735 non
1515 1690 1716 1746 dicatur,

327 1761 373 1803 in
396 1759 619 1819 piscinam.
659 1762 716 1804 Et
753 1760 865 1803 bene
887 1760 971 1811 ait,
1016 1779 1035 1800 «
1062 1760 1389 1802 Descenderunt
1406 1794 1417 1813 ‚
1436 1780 1453 1799 »
1474 1760 1720 1804 humilitate

327 1829 491 1873 scilicet
508 1828 766 1888 poenitendi.
785 1827 1091 1872 Ascenderunt
1106 1828 1221 1871 enim
1238 1863 1250 1882 ‚
1276 1828 1454 1888 quando
1479 1845 1556 1889 per
1573 1846 1619 1873 su
1627 1846 1719 1889 per-

326 1900 444 1943 'biam
481 1909 785 1942 contumacem
815 1898 945 1941 erecti
982 1895 1158 1941 fuerant
1180 1907 1222 1941 et
1254 1897 1370 1941 elati.
1400 1901 1578 1943 Sursum
1603 1901 1717 1944 enim

326 1970 405 2014 sibi
424 1984 512 2012 esse
531 1968 809 2022 videbantur⁷
831 1967 1008 2030 quando
1026 1968 1274 2026 ignorantes
1284 1968 1360 2011 Dei
1368 1969 1581 2028 justitiam
1593 1986 1719 2026 cons·-

330 2041 486 2084 tituere
509 2039 716 2083 volebant
730 2055 852 2083 suam
880 2059 888 2083 :
914 2029 1064 2099 inqua
1081 2038 1249 2098 fatigati
1271 2048 1315 2082 et
1334 2038 1438 2098 legis
1462 2043 1720 2099 praevarica-

328 2113 446 2156 tione
475 2110 644 2155 confusi
662 2147 672 2166 ,
706 2111 759 2155 ab
786 2110 859 2154 illa
883 2110 1067 2154 elatione
1092 2110 1412 2155 descenderunt
1449 2112 1595 2156 ssendo
1612 2149 1622 2167 ,
1671 2123 1720 2157 ut

323 2183 532 2241 justitiam
557 2181 634 2226 Dei
656 2183 800 2241 potius
817 2180 1385 2240 impetrarentpoenitendo.
1415 2184 1525 2226 Sunt
1549 2183 1719 2227 codices

326 2254 401 2313 qui
420 2269 509 2297 non
532 2254 697 2297 habent
715 2253 1090 2308 «descenderunt,
1114 2271 1132 2293 υ
1148 2252 1238 2306 sed,
1261 2271 1279 2293 «
1297 2253 1577 2308 transierunt,
1595 2263 1719 2299 »tan-

326 2339 459 2383 quam
472 2333 775 2381 exaggeranter
799 2324 961 2366 diceret
977 2324 1173 2367 transisse
1192 2338 1234 2366 se
1257 2322 1404 2367 flendo
1427 2322 1570 2368 fontes
1584 2341 1718 2384 aqua-

328 2410 425 2439 rum
455 2414 462 2438 :
490 2404 537 2438 ut
578 2396 662 2439 hoc
704 2394 993 2452 intelligamus
1033 2395 1220 2438 «Exitus
1244 2410 1481 2454 aquarum,
1510 2414 1530 2436 »
1556 2396 1601 2439 id
1624 2405 1713 2451 est,

376 2508 385 2524 ¹
418 2502 497 2534 Psal.
530 2513 621 2533 Cx'vllt
641 2528 648 2536 ,
680 2503 750 2533 135.
773 2519 813 2524 -
835 2510 846 2524 2
872 2503 917 2533 Id.
946 2513 1052 2541 attii,
1088 2514 1138 2532 io.
1168 2519 1208 2523 —
1232 2501 1244 2524 3
1264 2505 1355 2533 Joan.
1377 2515 1423 2534 vi.
1447 2503 1499 2544 45.
1529 2521 1568 2525 -
1596 2502 1712 2534 4ΡειιΙ.

331 2568 445 2597 «xvxii,
466 2558 538 2589 136.
