1848 3261
409 226 492 266 154
833 240 865 264 5.
902 238 1131 266 Auens-nm
1162 240 1342 268 Emscom

405 304 541 351 runt?
567 304 710 347 «Ecce
730 317 808 347 nos
824 302 1062 347 dimisimus
1083 304 1249 359 omnia,
1280 313 1322 347 et
1343 304 1478 347 secuti
1500 318 1646 347 sumus
1667 305 1780 348 tel.»

404 376 502 419 Non
525 372 563 416 ei
579 372 686 417 dixit
698 373 905 417 Dominus
922 394 931 418 ;
951 374 1123 418 Oblitus
1141 389 1183 417 es
1200 383 1498 433 paupertatem
1515 383 1633 418 tuam
1648 395 1659 431 3
1679 373 1788 433 quid

406 443 606 488 dimisisti
633 452 683 486 ut
708 453 848 487 totum
873 446 1089 496 mundum
1113 444 1359 503 acciperes?
1381 444 1570 488 Multum
1593 443 1756 487 dimisit
1772 478 1784 498 ‚

406 515 560 560 fratres
582 515 680 568 mei,
699 514 888 558 multum
911 515 1088 570 dimisit,
1111 515 1187 576 q'ui
1209 531 1297 559 non
1320 514 1460 559 50111111
1481 515 1642 559 dimisit
1663 514 1789 574 quid-

408 585 517 646 quid
536 585 728 628 habehat
747 618 758 638 ‚
783 583 858 628 sed
875 585 1003 628 etiam
1021 586 1236 646 quidquid
1259 586 1419 629 habere
1442 585 1660 643 cupiebat.
1686 584 1791 637 Quis

409 656 526 700 enim
559 670 724 713 pauper
755 670 846 698 11011
883 657 1085 713 turgescit
1116 658 1162 699 111
1195 671 1314 715 spem
1337 655 1484 699 saeculi
1505 656 1665 714 hujus?
1685 654 1791 707 Quis

408 741 499 769 non
531 724 727 784 quotidie
762 725 883 783 cupit
914 740 1071 784 augere
1099 725 1219 785 quod
1251 726 1419 773 habet?
1457 717 1541 768 lsta
1578 723 1792 783 cupiditas

410 795 587 856 praecisa
609 805 672 838 est
692 814 702 839 ι
722 795 815 839 ibat
834 796 878 839 in
901 796 1183 851 immensum,
1205 796 1371 855 accepit
1388 795 1569 839 modum
1583 829 1594 849 ‚
1620 804 1663 838 et
1684 793 1794 837 nihil

409 866 634 910 dimissum
671 868 767 910 est?
799 870 976 910 Prorsus
1007 876 1149 911 totum
1177 866 1392 910 mundum
1423 866 1585 910 dimisit
1612 868 1790 919 Petrus,

410 945 454 980 et
482 945 625 980 totum
646 936 862 980 mundum
888 940 1037 980 Petrus
1061 938 1240 996 aceepit.
1267 937 1396 991 Quasi
1419 935 1529 980 nihil
1551 936 1760 979 habentes
1780 969 1791 990 ‚

410 1015 454 1050 et
476 1006 619 1050 omnia
653 1006 961 1065 possidentes'2.
1004 1009 1189 1051 Faciunt
1217 1008 1300 1051 1100
1327 1005 1485 1050 multi:
1516 1006 1597 1049 ista
1630 1003 1797 1048 faciunt

410 1078 486 1137 qui
507 1092 661 1136 parum
683 1077 871 1131 liabent,
898 1087 940 1120 et
973 1078 1179 1131 veniunt,
1206 1088 1249 1121 et
1284 1079 1397 1120 fiunt
1431 1090 1618 1134 passeres
1650 1073 1791 1118 utiles.

410 1148 570 1193 Minuti
592 1146 796 1191 videntur
811 1182 821 1202 ,
853 1148 956 1207 quia
978 1164 1066 1192 11011
1090 1149 1253 1192 habent
1273 1146 1548 1191 altitudinem
1576 1145 1798 1206 dignitatis

412 1217 628 1262 saecularis
646 1237 655 1261 ε
675 1217 900 1261 nidificant
922 1219 965 1261 in
984 1217 1121 1262 cedris
1145 1219 1314 1261 Libani.
1328 1217 1502 1261 Etenim
1525 1225 1569 1259 et
1590 1215 1709 1259 cedri
1730 1215 1798 1259 Li-

411 1289 530 1343 bani,
548 1288 730 1342 nobiles⁷
751 1298 793 1332 et
816 1287 984 1341 divites,
1010 1298 1053 1331 et
1083 1288 1236 1332 excelsi
1258 1289 1387 1347 hujus
1412 1286 1573 1340 saeculi,
1589 1285 1797 1345 quoniam

411 1375 512 1404 011111
535 1359 689 1402 timore
712 1358 917 1413 audiunt,
935 1361 1127 1402 «Beatus
1143 1359 1219 1418 qui
1236 1357 1440 1415 intelligit
1463 1371 1592 1415 super
1614 1370 1800 1414 egenum

415 1448 435 1471 »
471 1439 515 1473 et
530 1444 767 1488 pauperem
779 1430 794 1454 3
811 1447 854 1473 2»
872 1428 1105 1472 attendunt
1119 1444 1184 1471 res
1204 1443 1315 1481 suas,
1337 1426 1459 1470 villas
1481 1441 1578 1469 suas
1591 1436 1634 1469 et
1651 1441 1800 1469 omnes

412 1500 652 1559 superfluas
689 1498 856 1558 copias,
892 1498 1053 1557 quibus
1084 1498 1289 1541 videntur
1319 1497 1498 1551 excelsi,
1532 1505 1576 1540 et
1601 1497 1802 1555 praebent

412 1570 505 1614 illas
521 1570 650 1613 servis
668 1569 746 1613 Dei
762 1589 774 1626 3
793 1569 900 1612 dant
922 1584 1044 1626 agros
1066 1603 1076 1623 ‚
1102 1567 1210 1611 dant
1228 1568 1402 1622 hortos,
1428 1566 1646 1610 aedificant
1662 1565 1802 1610 eccle-

414 1641 494 1684 sias
514 1675 525 1694 ,
552 1639 834 1693 monasteria,
860 1639 1075 1698 eolligunt
1096 1653 1286 1697 passeres
1303 1673 1313 1692 ⁷
1347 1646 1395 1680 ut
1420 1638 1464 1680 in
1485 1636 1624 1681 cedris
1646 1635 1802 1680 Libani

414 1711 641 1756 nidificent
666 1699 871 1770 passeres.
900 1713 1014 1767 Ergo
1042 1710 1253 1753 satiantur
1279 1728 1299 1750 «
1332 1708 1463 1752 Cedri
1486 1708 1669 1762 Libani,
1694 1722 1801 1767 quas

418 1799 438 1822 »
473 1780 688 1840 plantavit
713 1799 731 1820 »
753 1780 964 1824 Dominus
979 1815 989 1834 ‚
1015 1788 1057 1823 et
1082 1798 1103 1821 «
1126 1778 1220 1822 lllic
1242 1794 1430 1838 passeres
1454 1776 1760 1821 nidificabunt.
1777 1795 1796 1817 n

415 1850 640 1896 Attendite
661 1860 797 1895 totam
823 1859 975 1894 terram
990 1885 1004 1904 ‚
1028 1849 1061 1893 si
1086 1865 1177 1893 non
1203 1849 1263 1892 ita
1285 1858 1363 1892 est.
1391 1850 1448 1892 Ut
1468 1847 1670 1907 loquerer
1688 1847 1767 1891 ista
1786 1882 1798 1902 ‚

416 1938 506 1966 non
539 1921 679 1966 solum
703 1920 889 1976 credidi,
916 1921 991 1964 sed
1015 1930 1067 1976 *et
1098 1920 1216 1978 vidi3
1248 1919 1369 1962 dedit
1392 1919 1500 1962 mihi
1530 1917 1801 1962 intellectum

415 1993 558 2052 ipsum
589 1993 946 2051 experimentum.
998 1994 1265 2049 Interrogate
1295 1989 1522 2032 latissimas
1555 1999 1688 2033 terras
1726 1989 1803 2048 qui

417 2064 576 2119 nostis,
617 2073 660 2107 et
689 2063 833 2107 videte
866 2063 910 2106 in
943 2078 1074 2123 quam
1100 2062 1247 2105 multis
1269 2060 1403 2104 cedris
1439 2060 1594 2104 Libani
1615 2075 1804 2120 passeres

416 2133 507 2187 illi,
527 2134 581 2177 de
603 2134 762 2194 quibus
783 2132 955 2177 locutus
977 2148 1072 2176 sum
1093 2168 1105 2187 ⁷
1131 2131 1371 2175 nidificant.

475 2207 619 2248 XVII.
640 2204 725 2249 Sed
744 2213 889 2247 tamen
903 2238 914 2257 ‚
935 2202 1086 2247 fratres
1103 2203 1204 2257 mei,
1230 2202 1309 2261 ipsi
1333 2216 1519 2260 passeres
1539 2201 1574 2244 si
1593 2199 1804 2260 spiritales

418 2284 535 2327 sunt,
550 2274 749 2334 quamuis
768 2273 993 2318 nidificent
1011 2274 1056 2317 in
1079 2272 1216 2318 cedris
1236 2272 1407 2326 Libani,
1433 2287 1523 2314 non
1543 2287 1623 2330 pro
1645 2287 1804 2330 magno

417 2345 580 2390 habere
607 2344 771 2388 debent
797 2344 947 2388 cedros
977 2344 1161 2399 Libani,
1190 2353 1235 2387 et
1261 2353 1414 2402 putare
1446 2342 1542 2386 illos
1564 2358 1654 2386 esse
1676 2357 1821 2404 supe-s

419 2416 576 2470 riores,
612 2431 636 2458 a
656 2415 816 2475 quibus
851 2428 1001 2458 eorum
1025 2414 1258 2458 necessaria
1293 2412 1581 2472 complentur.
1609 2416 1803 2457 Passeres

420 2488 537 2532 enim
559 2496 685 2544 sunt3
706 2485 790 2529 illae
812 2495 958 2530 autem
980 2485 1097 2530 cedri
1118 2485 1273 2529 Libani
1295 2494 1410 2529 sunt.
1436 2487 1553 2543 Ergo
1582 2504 1603 2526 «
1639 2484 1803 2529 Fulicae

468 2578 478 2596 ¹
498 2571 612 2606 Matth.
633 2561 774 2614 x1x,*27.
791 2587 833 2594 —
853 2576 867 2594 ²
885 2578 905 2603 2
924 2572 997 2604 Cor.
1021 2580 1066 2611 w,
1095 2581 1146 2602 10.
1167 2583 1209 2593 —-
1227 2567 1240 2592 3
1255 2569 1335 2602 Psal.
1357 2580 1408 2610 u,
1422 2577 1454 2602 2.
