1848 3261
390 235 476 275 206
827 242 863 274 S.
897 243 1130 275 Aucus'nm
1161 244 1344 274 Emscom

385 309 564 371 inquiri.
592 328 614 352 «
643 311 698 354 Ut
718 308 966 357 custodiant
985 346 997 368 ‚
1022 309 1188 371 inquit,
1215 311 1543 371 justificationes
1571 312 1662 372 ejus
1678 347 1690 369 ‚
1730 321 1774 358 et

388 397 410 421 »
443 378 586 438 legem
606 378 697 438 ejus
718 379 941 439 requirant
957 382 987 424 ¹.
1011 397 1031 421 »
1059 379 1142 423 Ubi
1157 378 1492 438 intelligendum
1513 389 1576 424 est
1595 380 1672 424 Dei
1689 396 1774 425 ser-

385 465 461 496 vos
480 458 524 494 et
544 448 702 493 electos
715 447 826 493 filios
850 449 1140 508 promissionis
1158 483 1169 505 ,
1189 464 1341 494 verum
1363 459 1406 493 et
1429 465 1684 508 germanum
1704 466 1775 495 se-

383 535 487 564 men
515 520 704 564 Abrahae
724 554 735 574 ‚
771 518 991 564 imitantes
1024 519 1158 564 fidem
1191 519 1408 577 Abrahae,
1440 530 1669 580 propterea
1696 521 1776 565 ista

386 591 503 636 bona
523 600 694 635 terrena
713 605 883 634 sumere
905 606 928 635 a
950 594 1040 636 Deo
1061 626 1072 647 ‚
1095 600 1146 635 ut
1162 606 1252 636 non
1272 591 1318 635 in
1338 591 1398 635 eis
1418 591 1525 635 luxu
1541 590 1745 636 diffluant
1759 627 1772 647 ‚

381 662 471 707 sive
501 675 699 721 perversa
720 661 950 705 securitate
972 670 1249 721 torpescant3
1271 661 1347 705 sed
1367 661 1466 707 ideo
1490 662 1682 706 habeant
1710 662 1776 706 di-

384 733 484 777 vina
505 731 799 776 misericordia
821 732 916 777 haec
939 732 1085 776 omnia
1108 742 1374 792 praeparata,
1398 733 1445 776 in
1466 733 1627 794 quibus
1649 748 1776 793 quae-

383 803 528 848 rendis
550 812 726 863 possent
754 804 1109 863 negotiosissimis
1130 803 1354 850 laboribus
1376 805 1609 864 occupari,
1640 813 1690 848 ut
1721 803 1777 848 ad

384 876 468 920 hoc
484 884 641 919 vacent
662 874 780 918 unde
796 875 964 920 bonum
986 883 1202 919 aeternum
1222 877 1356 936 possit
1378 876 1558 936 acquiri,
1582 875 1668 920 hoc
1691 883 1774 930 est,

389 965 411 989 «
447 947 503 990 Ut
523 944 771 990 custodiant
785 945 1115 1005 justificationes
1137 946 1228 1006 ejus
1244 981 1256 1002 ‚
1290 955 1333 991 et
1354 946 1496 1006 legem
1520 947 1612 1006 ejus
1632 945 1778 1006 requi-

388 1035 409 1059 »
445 1026 558 1062 rant.
587 1035 607 1058 »
628 1016 828 1076 Denique
843 1051 855 1071 ,
885 1018 1095 1076 quoniam
1113 1033 1260 1062 semen
1277 1018 1466 1063 Abrahae
1488 1016 1596 1062 tales
1617 1017 1688 1062 hic
1709 1017 1779 1061 in-

386 1088 524 1148 telligi
546 1088 682 1133 voluit
703 1122 714 1141 ,
740 1087 817 1147 qui
833 1102 934 1132 vere
955 1097 1097 1132 essent
1115 1104 1263 1133 semen
1284 1090 1471 1133 Abrahae
1487 1124 1498 1145 ,
1524 1087 1675 1149 quales
1696 1088 1780 1132 uti-

385 1175 472 1220 que
499 1175 580 1204 nec
609 1159 656 1202 in
677 1158 752 1203 illo
776 1158 939 1218 populo
971 1158 1210 1203 defuerunt
1231 1178 1240 1204 ε
1266 1161 1388 1220 quod
1409 1161 1540 1205 etiam
1559 1159 1779 1220 apostolus

388 1230 549 1275 Paulus
570 1230 670 1274 satis
692 1229 882 1273 ostendit
897 1264 908 1284 ,
934 1245 1035 1273 cum
1058 1229 1165 1274 dicit
1189 1249 1199 1274 z
1230 1249 1250 1272 «
1278 1229 1359 1275 Sed
1381 1246 1472 1274 non
1501 1231 1549 1274 in
1576 1231 1779 1275 omnibus

389 1320 410 1343 »
445 1300 528 1345 illis
549 1299 871 1359 beneplacitum
893 1309 958 1344 est
978 1302 1109 1344 De02.
1135 1319 1155 1341 »
1176 1300 1218 1345 Si
1235 1301 1351 1344 enim
1374 1316 1465 1344 non
1483 1301 1528 1344 in
1549 1300 1775 1356 omnibus,

384 1370 580 1432 profecto
603 1372 783 1415 fuerunt
805 1371 867 1414 ibi
889 1371 1066 1430 quidam
1095 1372 1142 1415 in
1171 1372 1330 1432 quibus
1352 1371 1676 1431 beneplacitum
1712 1381 1777 1417 est

386 1449 486 1487 Deo.
517 1442 629 1495 Quia
660 1456 764 1500 ergo
794 1440 897 1485 tales
925 1441 1120 1486 Psalmus
1148 1442 1226 1486 iste
1247 1443 1550 1498 commendat,
1574 1442 1685 1487 nihil
1705 1443 1776 1487 hic

387 1513 499 1557 dixit
535 1512 591 1556 de
626 1511 928 1573 iniquitatibus
965 1520 1010 1555 et
1041 1512 1355 1557 irritationibus
1396 1522 1440 1557 et
1470 1513 1777 1558 amaricatione

386 1597 537 1628 eorum
553 1617 564 1637 ,
587 1582 633 1626 in
655 1582 816 1641 quibus
843 1596 934 1625 non
955 1590 1019 1625 est
1033 1581 1355 1642 beneplacitum
1379 1586 1486 1628 Deo.
1509 1582 1595 1629 Sed
1615 1584 1716 1644 quia
1733 1592 1778 1628 et

385 1653 544 1715 iniquis
577 1668 667 1698 non
699 1651 790 1697 sola
817 1652 1008 1712 justitia,
1047 1654 1333 1698 verumetiam
1368 1654 1661 1699 misericordia
1696 1654 1776 1700 Dei

387 1724 698 1784 omnipotentis
719 1732 762 1767 et
789 1722 1013 1768 clementis
1037 1724 1265 1783 apparuit3
1299 1724 1354 1768 de
1384 1725 1468 1769 illis
1494 1740 1680 1785 sequens
1705 1724 1776 1770 lo-

387 1796 538 1856 quitur
567 1793 760 1839 Psalmus
786 1808 888 1837 cum
924 1792 1131 1837 laudibus
1156 1794 1248 1838 Dei.
1274 1797 1331 1839 Et
1352 1804 1499 1840 tamen
1531 1797 1710 1855 utrique
1729 1795 1777 1840 in

386 1882 476 1911 uno
507 1865 673 1926 populo
705 1863 914 1923 fuerunt3
949 1880 1029 1909 nec
1061 1864 1164 1909 istos
1194 1864 1260 1909 illi
1294 1881 1472 1910 suarum
1492 1866 1777 1944 iniquitatum

385 1938 645 1996 contagione
679 1935 947 2013 polluerunt.
978 1955 998 1977 «
1023 1936 1154 1981 Novit
1180 1936 1297 1980 enim
1325 1937 1537 1982 Dominus
1565 1937 1642 1997 qui
1674 1945 1777 1982 sunt

388 2027 409 2050 »
443 2009 598 2068 ejus.»
621 2009 679 2051 Et
699 2006 733 2050 si
751 2006 796 2049 in
813 2006 896 2050 hoc
917 2005 1078 2050 saeculo
1099 2021 1189 2050 non
1207 2015 1351 2066 potest
1367 2007 1423 2051 ab
1444 2008 1629 2068 injustis,
1652 2026 1672 2049 «
1688 2010 1777 2051 Re-

389 2097 410 2120 »
445 2078 575 2123 cedat-
606 2077 662 2121 ab
703 2076 910 2137 injustitia
948 2076 1090 2120 omnis
1125 2076 1202 2137 qui
1243 2077 1443 2122 nominat
1480 2093 1645 2123 nomen
1687 2080 1776 2122 Do-

391 2167 412 2191 »
446 2148 600 2192 mini3.
631 2167 648 2189 »

446 2220 628 2263 XXXV.
643 2219 700 2262 Ut
713 2233 816 2276 ergo
833 2226 1040 2277 tanquam
1059 2218 1105 2261 in
1125 2233 1307 2277 corpore
1328 2217 1488 2262 Psalmi
1508 2219 1636 2279 hujus
1652 2218 1776 2264 velut

385 2290 596 2335 latentem
616 2287 808 2350 quodam
830 2287 961 2332 modo
982 2289 1074 2348 ejus
1095 2288 1283 2332 animam
1299 2289 1670 2344 commendemus,
1688 2290 1771 2334 hoc

386 2371 449 2406 est
464 2397 475 2417 ‚
499 2361 546 2404 in
570 2361 711 2405 verbis
735 2359 858 2420 quasi
875 2359 1156 2403 exterioribus
1187 2359 1437 2403 interiorem
1470 2360 1771 2405 intellectum:

385 2432 559 2477 videtur
579 2432 687 2475 mihi
710 2430 934 2474 admoneri
961 2444 1109 2473 semen
1138 2429 1348 2484 Abrahae,
1385 2430 1461 2490 qui
1491 2440 1594 2474 sunt
1625 2445 1775 2475 omnes

386 2502 464 2546 filii
482 2502 771 2562 promissionis
790 2501 1055 2560 pertinentes
1073 2500 1126 2544 ad
1145 2508 1352 2544 aeternam
1371 2500 1673 2547 haereditatem
1693 2510 1774 2545 tes—

437 2592 447 2609 ¹
463 2586 543 2619 Psal.
565 2597 631 2625 civ,
646 2584 699 2628 45.
724 2602 765 2608 -
784 2590 797 2607 ²
823 2595 836 2616 1
858 2585 931 2616 Cor.
951 2594 984 2626 x,
999 2583 1031 2616 5.
1049 2600 1090 2606 —
1110 2582 1123 2607 ³
1143 2592 1162 2616 2
1185 2584 1265 2616 Tim.
1292 2594 1331 2626 11,
1349 2595 1400 2627 19,
