1848 3261
254 263 499 293 ENARRATIo
532 268 577 294 nv
610 264 816 294 PsALMUM
846 266 1007 305 cxvm,
1041 265 1179 296 SERMo
1209 271 1284 297 xx.
1371 257 1456 297 475

74 330 136 374 ibi
159 348 169 374 :
198 349 218 371 «
240 333 362 374 Tunc
377 346 467 374 non
487 330 759 388 confundar-3
786 349 806 371 n
831 329 916 374 hoc
934 330 992 374 ait
1028 331 1098 375 hic
1125 351 1133 376 :
1160 335 1216 377 Ut
1238 349 1328 378 non
1352 350 1459 379 con-

79 419 100 442 »
133 400 309 445 fundar.
338 420 358 442 »
395 402 467 445 Fit
500 417 601 459 ergo
636 417 710 446 cor
740 399 1064 445 immaculatum
1093 403 1392 448 membrorum
1415 414 1460 450 et

75 471 266 531 corporis
288 472 447 516 Christi
465 507 475 526 ,
502 473 637 531 gratia
655 472 731 516 Dei
753 487 829 530 per
846 471 988 531 ipsum
1009 472 1200 531 corporis
1213 483 1359 532 caput,
1375 476 1458 520 hoc

75 549 159 596 est,
185 557 261 601 per
284 545 428 586 Jesum
452 543 673 587 Christum
697 542 932 585 Dominum
954 551 1173 597 nostrum,
1191 558 1268 602 per
1287 559 1460 601 regene-

74 611 252 655 rationis
273 611 516 666 lavacrum,
541 612 618 655 ubi
643 611 805 655 obolita
829 621 931 655 sunt
952 613 1096 656 omnia
1118 613 1335 671 praeterita
1353 629 1459 672 pec—

75 690 170 725 cata
193 684 360 726 nostra¹
380 702 391 739 3
416 697 493 740 per
514 682 687 741 spiritus
723 682 987 741 adjutorium
1006 717 1016 737 ,
1056 697 1134 741 per
1154 682 1274 742 quod
1297 699 1461 728 concu-

73 751 277 810 piscimus
296 751 497 795 adversus
515 767 703 805 carnem,
729 767 784 794 ne
802 751 1028 795 vincamur
1040 752 1084 795 in
1096 768 1244 812 pugna
1262 757 1457 811 nostra23

73 835 151 880 per
174 821 410 865 Dominicae
433 822 636 865 orationis
660 821 888 875 effectum,
914 822 959 864 in
981 837 1067 881 qua
1089 821 1271 867 dicimus
1299 842 1307 867 :
1338 842 1358 865 «
1383 823 1459 867 Di-

77 908 98 931 »
132 891 254 934 mitte
278 890 404 935 nobis
421 891 568 935 debita
590 900 735 936 nostra
753 893 784 935 ³.
814 909 834 932 »
862 894 925 935 Ita
946 891 1106 936 donata
1133 893 1258 937 nobis
1281 909 1461 952 regene-

73 961 241 1005 ratione
255 996 266 1015 ‚
292 961 437 1021 adjuta
462 963 738 1007 conflictione
755 998 766 1018 ,
791 962 885 1006 fusa
907 965 1156 1023 precatione
1173 1000 1183 1020 ‚
1199 965 1248 1008 fit
1265 980 1339 1009 cor
1360 980 1462 1009 nos-

72 1039 189 1075 trum
222 1032 552 1077 immaculatum
573 1069 582 1084 ,
604 1042 654 1077 ut
678 1049 766 1077 non
795 1033 1120 1078 confundamur
1143 1054 1152 1079 ε
1182 1035 1284 1094 quia
1312 1043 1355 1078 et
1378 1035 1461 1079 hoc

73 1102 127 1146 ad
139 1103 468 1162 justificationes
485 1105 561 1148 Dei
576 1105 787 1164 pertinet,
814 1104 992 1164 quando
1012 1105 1126 1148 inter
1143 1107 1233 1165 ejus
1250 1105 1329 1149 alia
1348 1121 1462 1165 prae-

73 1182 199 1232 cepta
219 1173 494 1232 praecipitur:
524 1193 544 1217 «
570 1174 748 1219 Dimitte
771 1183 815 1218 et
833 1173 1079 1218 dimittetur
1096 1175 1219 1220 vobis
1235 1196 1246 1233 3
1265 1175 1366 1220 date
1382 1211 1392 1230 ,
1418 1184 1462 1219 et
1482 1179 1484 1181 ’

76 1259 98 1284 1)
131 1242 308 1288 dabitur
327 1243 451 1289 vobis
465 1245 496 1287 4.
522 1261 544 1286 »

586 1521 805 1562 SERMO
847 1523 948 1563 XX.

135 1666 171 1709 Ι.
206 1667 468 1708 AnsnvANTE
494 1664 682 1708 Domino
712 1664 838 1708 istam
862 1665 1009 1723 magni
1030 1666 1159 1726 hujus
1180 1665 1337 1710 Psalmi
1359 1682 1463 1726 par-

75 1743 162 1778 tem
177 1734 534 1778 considerandam
543 1733 935 1794 exponendamque
949 1736 1212 1794 suscepimus
1223 1770 1234 1789 ,
1250 1736 1324 1779 ubi
1338 1735 1459 1793 dicit,

80 1822 101 1845 «
135 1802 302 1848 Defecit
319 1804 365 1847 in
383 1804 568 1847 salutare
579 1813 702 1846 tuum
724 1804 866 1846 anima
879 1819 972 1847 mea
985 1839 996 1858 ,
1015 1806 1118 1847 etin
1139 1805 1321 1849 verbum
1336 1815 1463 1851 tuum

81 1891 100 1915 n
135 1874 303 1933 speravi
318 1876 349 1917 ⁵.
375 1893 392 1914 »
413 1876 510 1917 Non
534 1873 673 1917 omnis
697 1872 892 1916 defectus
914 1872 982 1917 vel
1000 1873 1142 1932 culpae
1159 1876 1379 1933 putandus
1401 1887 1465 1922 est

77 1958 167 1987 esse
178 1978 188 1998 ,
205 1942 276 1987 vel
296 1958 440 2002 poenae.
458 1962 466 1987 ε
486 1951 549 1986 est
563 1942 691 1986 etiam
712 1941 908 1987 defectus
919 1942 1150 1988 laudabilis
1164 1944 1233 1988 vel
1246 1946 1460 2004 optabilis.

77 2016 186 2058 Nam
205 2028 307 2057 cum
328 2013 414 2057 sint
427 2012 542 2056 inter
563 2028 607 2056 se
629 2013 717 2056 duo
740 2013 818 2056 ista
837 2014 1050 2058 contraria
1065 2050 1075 2069 ,
1101 2015 1310 2074 proficere
1323 2025 1367 2060 et
1388 2018 1466 2061 de-

78 2083 228 2140 ficere,
253 2082 450 2126 usitatius
477 2081 697 2142 profectus
718 2083 764 2126 in
793 2083 911 2127 bono
933 2083 1143 2143 accipitur
1158 2120 1169 2139 ,
1203 2084 1398 2130 defectus
1419 2087 1465 2131 in

77 2151 215 2207 malo,
253 2151 429 2212 quando
460 2168 551 2196 non
592 2150 768 2195 additur
797 2152 867 2196 vel
894 2152 1237 2213 subintelligitur
1277 2155 1323 2198 in
1359 2156 1466 2215 quid

78 2223 332 2283 proficiatur
350 2222 420 2267 vel
442 2223 668 2267 deficiatur
690 2242 697 2266 :
717 2238 817 2267 cum
839 2239 942 2268 vero
959 2223 1150 2279 additur,
1166 2233 1307 2284 potest
1321 2235 1363 2270 et
1375 2242 1467 2270 ma-

79 2292 173 2337 lum
208 2308 298 2337 esse
330 2293 564 2352 proficere,
606 2293 861 2353 bonumque
889 2294 1073 2338 deficere
1102 2314 1111 2339 :
1135 2305 1281 2354 aperte
1303 2296 1466 2356 quippe

81 2363 190 2407 dixit
222 2362 455 2422 Apostolus
483 2382 491 2407 :
523 2382 542 2404 «
568 2360 774 2406 Profanas
809 2372 955 2407 autem
983 2365 1217 2409 verborum
1253 2367 1466 2410 novitates

85 2451 105 2475 »
141 2433 254 2477 evita
286 2452 294 2477 :
321 2433 507 2477 multum
532 2433 649 2476 enim
678 2434 906 2492 proficient
925 2434 980 2479 ad
1001 2436 1267 2495 impietatem
1284 2437 1315 2480 ⁶.
1344 2455 1364 2477 »
1392 2437 1466 2481 Ait

130 2536 139 2552 ¹
160 2529 221 2561 Tit.
241 2540 286 2570 111,
314 2530 346 2560 5.
366 2546 406 2552 —-
426 2536 438 2552 ²
458 2529 528 2561 Gal.
548 2541 583 2571 v,
614 2539 664 2570 17.
694 2547 735 2552 —-
757 2528 768 2552 3
787 2531 901 2563 Matth.
920 2543 965 2564 V1.
989 2540 1039 2564 12.
1061 2549 1102 2555 —-
1120 2530 1137 2561 4
1163 2534 1240 2565 Luc.
1266 2544 1311 2573 Vl,
1331 2533 1385 2575 37,
1410 2533 1463 2566 38.

85 2600 124 2605 --
144 2582 158 2606 5
177 2583 258 2617 Psal.
278 2595 383 2627 cxvm,
401 2584 454 2617 81.
474 2602 515 2607 —
532 2583 548 2608 6
566 2593 584 2617 2
603 2585 685 2617 Tim.
705 2595 738 2626 u,
765 2586 812 2617 16.
