<?xml version="1.0" encoding="UTF-8"?>
<!DOCTYPE html PUBLIC "-//W3C//DTD XHTML 1.0 Transitional//EN"
    "http://www.w3.org/TR/xhtml1/DTD/xhtml1-transitional.dtd">
<html xmlns="http://www.w3.org/1999/xhtml" xml:lang="en" lang="en">
 <head>
  <title>
</title>
<meta http-equiv="Content-Type" content="text/html;charset=utf-8" />
  <meta name='ocr-system' content='tesseract 3.04.00' />
  <meta name='ocr-capabilities' content='ocr_page ocr_carea ocr_par ocr_line ocrx_word'/>
</head>
<body>
  <div class='ocr_page' id='page_1' title='image "./operaomniaaccura11auguuoft_0501.png"; bbox 0 0 1848 3261; ppageno 0'>
   <div class='ocr_carea' id='block_1_1' title="bbox 266 245 1477 292">
    <p class='ocr_par' dir='ltr' id='par_1_1' title="bbox 266 245 1477 292">
     <span class='ocr_line' id='line_1_1' title="bbox 266 245 1477 292; baseline 0.002 -10"><span class='ocrx_word' id='word_1_1' title='bbox 266 255 506 283; x_wconf 70' lang='lat' dir='ltr'>ENARRATm</span> <span class='ocrx_word' id='word_1_2' title='bbox 539 259 583 284; x_wconf 71' lang='lat' dir='ltr'>nv</span> <span class='ocrx_word' id='word_1_3' title='bbox 615 257 818 284; x_wconf 76' lang='lat' dir='ltr'>PsALMUM</span> <span class='ocrx_word' id='word_1_4' title='bbox 848 255 1010 292; x_wconf 82' lang='lat' dir='ltr'>cxvm,</span> <span class='ocrx_word' id='word_1_5' title='bbox 1046 254 1183 284; x_wconf 73' lang='lat' dir='ltr'>SERMO</span> <span class='ocrx_word' id='word_1_6' title='bbox 1213 256 1318 284; x_wconf 80' lang='lat' dir='ltr'>xxu.</span> <span class='ocrx_word' id='word_1_7' title='bbox 1391 245 1477 285; x_wconf 79' lang='lat'>489</span> 
     </span>
    </p>
   </div>
   <div class='ocr_carea' id='block_1_2' title="bbox 101 319 1490 2626">
    <p class='ocr_par' dir='ltr' id='par_1_2' title="bbox 101 319 1490 2626">
     <span class='ocr_line' id='line_1_2' title="bbox 102 319 1474 382; baseline 0.001 -19"><span class='ocrx_word' id='word_1_8' title='bbox 102 320 214 363; x_wconf 91' lang='lat' dir='ltr'>enim</span> <span class='ocrx_word' id='word_1_9' title='bbox 237 321 385 379; x_wconf 86' lang='lat' dir='ltr'>junior</span> <span class='ocrx_word' id='word_1_10' title='bbox 419 330 461 364; x_wconf 91' lang='lat' dir='ltr'>et</span> <span class='ocrx_word' id='word_1_11' title='bbox 484 322 624 366; x_wconf 89' lang='lat' dir='ltr'>senior</span> <span class='ocrx_word' id='word_1_12' title='bbox 648 320 703 365; x_wconf 91' lang='lat' dir='ltr'>ad</span> <span class='ocrx_word' id='word_1_13' title='bbox 737 320 921 364; x_wconf 87' lang='lat' dir='ltr'>invicem</span> <span class='ocrx_word' id='word_1_14' title='bbox 954 319 1041 363; x_wconf 89' lang='lat' dir='ltr'>dici</span> <span class='ocrx_word' id='word_1_15' title='bbox 1069 320 1209 365; x_wconf 87' lang='lat' dir='ltr'>minor</span> <span class='ocrx_word' id='word_1_16' title='bbox 1245 331 1287 366; x_wconf 91' lang='lat' dir='ltr'>et</span> <span class='ocrx_word' id='word_1_17' title='bbox 1313 323 1474 382; x_wconf 87' lang='lat' dir='ltr'>major,</span> 
     </span>
     <span class='ocr_line' id='line_1_3' title="bbox 102 391 1473 450; baseline 0.002 -17"><span class='ocrx_word' id='word_1_18' title='bbox 102 391 179 433; x_wconf 90' lang='lat' dir='ltr'>etsi</span> <span class='ocrx_word' id='word_1_19' title='bbox 201 400 354 435; x_wconf 81' lang='lat' dir='ltr'>neuter</span> <span class='ocrx_word' id='word_1_20' title='bbox 384 407 533 436; x_wconf 89' lang='lat' dir='ltr'>eorum</span> <span class='ocrx_word' id='word_1_21' title='bbox 555 391 676 436; x_wconf 88' lang='lat' dir='ltr'>senili</span> <span class='ocrx_word' id='word_1_22' title='bbox 698 391 874 435; x_wconf 83' lang='lat' dir='ltr'>accessit</span> <span class='ocrx_word' id='word_1_23' title='bbox 895 398 969 433; x_wconf 88' lang='lat' dir='ltr'>aut</span> <span class='ocrx_word' id='word_1_24' title='bbox 993 391 1301 450; x_wconf 83' lang='lat' dir='ltr'>propinquavit</span> <span class='ocrx_word' id='word_1_25' title='bbox 1324 393 1439 436; x_wconf 87' lang='lat' dir='ltr'>aetati</span> <span class='ocrx_word' id='word_1_26' title='bbox 1464 412 1473 436; x_wconf 76' lang='grc' dir='ltr'><strong><em>ι</em></strong></span> 
     </span>
     <span class='ocr_line' id='line_1_4' title="bbox 101 460 1478 522; baseline 0.001 -19"><span class='ocrx_word' id='word_1_27' title='bbox 101 476 352 521; x_wconf 79' lang='lat' dir='ltr'>quanquam</span> <span class='ocrx_word' id='word_1_28' title='bbox 380 462 412 505; x_wconf 87' lang='lat' dir='ltr'>si</span> <span class='ocrx_word' id='word_1_29' title='bbox 444 473 486 506; x_wconf 85' lang='lat' dir='ltr'>et</span> <span class='ocrx_word' id='word_1_30' title='bbox 521 476 768 522; x_wconf 80' lang='lat' dir='ltr'>expressum</span> <span class='ocrx_word' id='word_1_31' title='bbox 789 475 950 504; x_wconf 89' lang='lat' dir='ltr'>nomen</span> <span class='ocrx_word' id='word_1_32' title='bbox 972 460 1189 504; x_wconf 90' lang='lat' dir='ltr'>seniorum</span> <span class='ocrx_word' id='word_1_33' title='bbox 1211 461 1257 503; x_wconf 92' lang='lat' dir='ltr'>in</span> <span class='ocrx_word' id='word_1_34' title='bbox 1279 464 1478 519; x_wconf 86' lang='lat' dir='ltr'>Evange-</span> 
     </span>
     <span class='ocr_line' id='line_1_5' title="bbox 101 529 1479 592; baseline 0.001 -19"><span class='ocrx_word' id='word_1_35' title='bbox 101 530 160 574; x_wconf 94' lang='lat' dir='ltr'>lio</span> <span class='ocrx_word' id='word_1_36' title='bbox 182 531 364 575; x_wconf 86' lang='lat' dir='ltr'>velimus</span> <span class='ocrx_word' id='word_1_37' title='bbox 398 532 615 592; x_wconf 80' lang='lat' dir='ltr'>inquirere</span> <span class='ocrx_word' id='word_1_38' title='bbox 631 567 642 585; x_wconf 89' lang='lat'>,</span> <span class='ocrx_word' id='word_1_39' title='bbox 674 546 801 590; x_wconf 87' lang='lat' dir='ltr'>supra</span> <span class='ocrx_word' id='word_1_40' title='bbox 835 545 944 590; x_wconf 89' lang='lat' dir='ltr'>quos</span> <span class='ocrx_word' id='word_1_41' title='bbox 966 529 1177 574; x_wconf 81' lang='lat' dir='ltr'>intellexit</span> <span class='ocrx_word' id='word_1_42' title='bbox 1193 566 1204 586; x_wconf 85' lang='lat'>‚</span> <span class='ocrx_word' id='word_1_43' title='bbox 1236 531 1479 575; x_wconf 87' lang='lat' dir='ltr'>invenimus</span> 
     </span>
     <span class='ocr_line' id='line_1_6' title="bbox 102 600 1479 659; baseline 0.001 -17"><span class='ocrx_word' id='word_1_44' title='bbox 102 600 278 659; x_wconf 86' lang='lat' dir='ltr'>quando</span> <span class='ocrx_word' id='word_1_45' title='bbox 317 602 355 645; x_wconf 89' lang='lat' dir='ltr'>ei</span> <span class='ocrx_word' id='word_1_46' title='bbox 387 601 586 645; x_wconf 84' lang='lat' dir='ltr'>dixerunt</span> <span class='ocrx_word' id='word_1_47' title='bbox 616 601 778 646; x_wconf 88' lang='lat' dir='ltr'>Scribae</span> <span class='ocrx_word' id='word_1_48' title='bbox 810 609 852 643; x_wconf 91' lang='lat' dir='ltr'>et</span> <span class='ocrx_word' id='word_1_49' title='bbox 875 601 1105 656; x_wconf 82' lang='lat' dir='ltr'>Pharisaei,</span> <span class='ocrx_word' id='word_1_50' title='bbox 1135 620 1154 642; x_wconf 95' lang='lat'>«</span> <span class='ocrx_word' id='word_1_51' title='bbox 1180 603 1322 654; x_wconf 86' lang='lat' dir='ltr'>Quare</span> <span class='ocrx_word' id='word_1_52' title='bbox 1342 601 1479 645; x_wconf 88' lang='lat' dir='ltr'>Disci-</span> 
     </span>
     <span class='ocr_line' id='line_1_7' title="bbox 104 670 1481 731; baseline 0.004 -20"><span class='ocrx_word' id='word_1_53' title='bbox 104 689 124 711; x_wconf 87' lang='lat'>»</span> <span class='ocrx_word' id='word_1_54' title='bbox 161 671 252 730; x_wconf 81' lang='lat' dir='ltr'>puli</span> <span class='ocrx_word' id='word_1_55' title='bbox 278 673 341 716; x_wconf 89' lang='lat' dir='ltr'>tui</span> <span class='ocrx_word' id='word_1_56' title='bbox 374 673 753 731; x_wconf 81' lang='lat' dir='ltr'>transgrediuntur</span> <span class='ocrx_word' id='word_1_57' title='bbox 785 670 1062 715; x_wconf 80' lang='lat' dir='ltr'>traditionem</span> <span class='ocrx_word' id='word_1_58' title='bbox 1096 672 1349 716; x_wconf 75' lang='lat' dir='ltr'>seniorum?</span> <span class='ocrx_word' id='word_1_59' title='bbox 1384 675 1481 717; x_wconf 92' lang='lat' dir='ltr'>Non</span> 
     </span>
     <span class='ocr_line' id='line_1_8' title="bbox 104 742 1476 801; baseline 0.001 -17"><span class='ocrx_word' id='word_1_60' title='bbox 104 760 123 782; x_wconf 90' lang='lat'>»</span> <span class='ocrx_word' id='word_1_61' title='bbox 160 742 275 785; x_wconf 90' lang='lat' dir='ltr'>enim</span> <span class='ocrx_word' id='word_1_62' title='bbox 312 742 460 787; x_wconf 79' lang='lat' dir='ltr'>lavant</span> <span class='ocrx_word' id='word_1_63' title='bbox 488 759 641 787; x_wconf 81' lang='lat' dir='ltr'>manus</span> <span class='ocrx_word' id='word_1_64' title='bbox 673 758 768 786; x_wconf 89' lang='lat' dir='ltr'>suas</span> <span class='ocrx_word' id='word_1_65' title='bbox 789 778 799 797; x_wconf 92' lang='lat'>,</span> <span class='ocrx_word' id='word_1_66' title='bbox 835 757 935 786; x_wconf 90' lang='lat' dir='ltr'>cum</span> <span class='ocrx_word' id='word_1_67' title='bbox 962 757 1120 801; x_wconf 88' lang='lat' dir='ltr'>panem</span> <span class='ocrx_word' id='word_1_68' title='bbox 1148 742 1427 787; x_wconf 85' lang='lat' dir='ltr'>manducant.</span> <span class='ocrx_word' id='word_1_69' title='bbox 1456 761 1476 783; x_wconf 74' lang='lat' dir='ltr'>n</span> 
     </span>
     <span class='ocr_line' id='line_1_9' title="bbox 101 811 1480 872; baseline 0.001 -18"><span class='ocrx_word' id='word_1_70' title='bbox 101 814 213 855; x_wconf 91' lang='lat' dir='ltr'>Ecce</span> <span class='ocrx_word' id='word_1_71' title='bbox 236 811 402 871; x_wconf 76' lang='lat' dir='ltr'>objecta</span> <span class='ocrx_word' id='word_1_72' title='bbox 424 822 487 856; x_wconf 91' lang='lat' dir='ltr'>est</span> <span class='ocrx_word' id='word_1_73' title='bbox 508 813 546 856; x_wconf 90' lang='lat' dir='ltr'>ei</span> <span class='ocrx_word' id='word_1_74' title='bbox 571 812 848 872; x_wconf 84' lang='lat' dir='ltr'>transgressio</span> <span class='ocrx_word' id='word_1_75' title='bbox 869 811 1110 856; x_wconf 82' lang='lat' dir='ltr'>traditionis</span> <span class='ocrx_word' id='word_1_76' title='bbox 1134 814 1366 857; x_wconf 89' lang='lat' dir='ltr'>seniorum.</span> <span class='ocrx_word' id='word_1_77' title='bbox 1397 812 1480 857; x_wconf 88' lang='lat' dir='ltr'>Sed</span> 
     </span>
     <span class='ocr_line' id='line_1_10' title="bbox 101 882 1483 943; baseline 0.001 -19"><span class='ocrx_word' id='word_1_78' title='bbox 101 882 176 941; x_wconf 91' lang='lat' dir='ltr'>qui</span> <span class='ocrx_word' id='word_1_79' title='bbox 194 897 323 941; x_wconf 90' lang='lat' dir='ltr'>super</span> <span class='ocrx_word' id='word_1_80' title='bbox 344 883 530 927; x_wconf 85' lang='lat' dir='ltr'>seniores</span> <span class='ocrx_word' id='word_1_81' title='bbox 553 883 785 938; x_wconf 79' lang='lat' dir='ltr'>intellexit,</span> <span class='ocrx_word' id='word_1_82' title='bbox 813 882 919 943; x_wconf 91' lang='lat' dir='ltr'>quid</span> <span class='ocrx_word' id='word_1_83' title='bbox 941 882 999 926; x_wconf 88' lang='lat' dir='ltr'>eis</span> <span class='ocrx_word' id='word_1_84' title='bbox 1022 883 1315 942; x_wconf 83' lang='lat' dir='ltr'>responderit,</span> <span class='ocrx_word' id='word_1_85' title='bbox 1337 883 1483 927; x_wconf 87' lang='lat' dir='ltr'>audia—</span> 
     </span>
     <span class='ocr_line' id='line_1_11' title="bbox 101 953 1479 1014; baseline 0 -18"><span class='ocrx_word' id='word_1_86' title='bbox 101 968 212 996; x_wconf 87' lang='lat' dir='ltr'>mus.</span> <span class='ocrx_word' id='word_1_87' title='bbox 242 972 261 994; x_wconf 87' lang='lat'>«</span> <span class='ocrx_word' id='word_1_88' title='bbox 288 958 453 1008; x_wconf 88' lang='lat' dir='ltr'>Quare,</span> <span class='ocrx_word' id='word_1_89' title='bbox 484 954 628 1014; x_wconf 87' lang='lat' dir='ltr'>inquit</span> <span class='ocrx_word' id='word_1_90' title='bbox 646 990 656 1008; x_wconf 90' lang='lat'>,</span> <span class='ocrx_word' id='word_1_91' title='bbox 683 963 726 998; x_wconf 90' lang='lat' dir='ltr'>et</span> <span class='ocrx_word' id='word_1_92' title='bbox 750 970 825 999; x_wconf 92' lang='lat' dir='ltr'>vos</span> <span class='ocrx_word' id='word_1_93' title='bbox 848 953 1194 1011; x_wconf 82' lang='lat' dir='ltr'>transgredimini</span> <span class='ocrx_word' id='word_1_94' title='bbox 1227 954 1479 997; x_wconf 86' lang='lat' dir='ltr'>mandatum</span> 
     </span>
     <span class='ocr_line' id='line_1_12' title="bbox 104 1023 1479 1083; baseline 0.002 -18"><span class='ocrx_word' id='word_1_95' title='bbox 104 1040 123 1063; x_wconf 79' lang='lat'>&gt;›</span> <span class='ocrx_word' id='word_1_96' title='bbox 160 1023 236 1066; x_wconf 92' lang='lat' dir='ltr'>Dei</span> <span class='ocrx_word' id='word_1_97' title='bbox 259 1033 435 1083; x_wconf 87' lang='lat' dir='ltr'>propter</span> <span class='ocrx_word' id='word_1_98' title='bbox 451 1023 728 1069; x_wconf 86' lang='lat' dir='ltr'>traditionem</span> <span class='ocrx_word' id='word_1_99' title='bbox 752 1027 999 1070; x_wconf 77' lang='lat' dir='ltr'>vestram?»</span> <span class='ocrx_word' id='word_1_100' title='bbox 1026 1023 1192 1069; x_wconf 86' lang='lat' dir='ltr'>Deinde</span> <span class='ocrx_word' id='word_1_101' title='bbox 1209 1023 1339 1083; x_wconf 90' lang='lat' dir='ltr'>paulo</span> <span class='ocrx_word' id='word_1_102' title='bbox 1362 1033 1479 1083; x_wconf 88' lang='lat' dir='ltr'>post,</span> 
     </span>
     <span class='ocr_line' id='line_1_13' title="bbox 101 1092 1483 1155; baseline 0.002 -21"><span class='ocrx_word' id='word_1_103' title='bbox 101 1101 152 1135; x_wconf 87' lang='lat' dir='ltr'>ut</span> <span class='ocrx_word' id='word_1_104' title='bbox 181 1108 270 1137; x_wconf 91' lang='lat' dir='ltr'>non</span> <span class='ocrx_word' id='word_1_105' title='bbox 304 1092 445 1138; x_wconf 90' lang='lat' dir='ltr'>solum</span> <span class='ocrx_word' id='word_1_106' title='bbox 472 1094 562 1153; x_wconf 89' lang='lat' dir='ltr'>ipse</span> <span class='ocrx_word' id='word_1_107' title='bbox 592 1095 674 1154; x_wconf 86' lang='lat' dir='ltr'>¹qui</span> <span class='ocrx_word' id='word_1_108' title='bbox 705 1104 768 1139; x_wconf 88' lang='lat' dir='ltr'>est</span> <span class='ocrx_word' id='word_1_109' title='bbox 788 1105 920 1155; x_wconf 86' lang='lat' dir='ltr'>caput</span> <span class='ocrx_word' id='word_1_110' title='bbox 957 1095 1175 1153; x_wconf 88' lang='lat' dir='ltr'>corporis,</span> <span class='ocrx_word' id='word_1_111' title='bbox 1200 1094 1483 1138; x_wconf 86' lang='lat' dir='ltr'>verumetiam</span> 
     </span>
     <span class='ocr_line' id='line_1_14' title="bbox 101 1164 1483 1225; baseline -0.001 -16"><span class='ocrx_word' id='word_1_112' title='bbox 101 1179 257 1223; x_wconf 88' lang='lat' dir='ltr'>corpus</span> <span class='ocrx_word' id='word_1_113' title='bbox 279 1164 420 1223; x_wconf 88' lang='lat' dir='ltr'>ipsum</span> <span class='ocrx_word' id='word_1_114' title='bbox 443 1174 485 1208; x_wconf 91' lang='lat' dir='ltr'>et</span> <span class='ocrx_word' id='word_1_115' title='bbox 516 1165 710 1209; x_wconf 86' lang='lat' dir='ltr'>membra</span> <span class='ocrx_word' id='word_1_116' title='bbox 741 1167 832 1225; x_wconf 87' lang='lat' dir='ltr'>ejus</span> <span class='ocrx_word' id='word_1_117' title='bbox 854 1181 982 1225; x_wconf 90' lang='lat' dir='ltr'>super</span> <span class='ocrx_word' id='word_1_118' title='bbox 1003 1165 1190 1209; x_wconf 87' lang='lat' dir='ltr'>seniores</span> <span class='ocrx_word' id='word_1_119' title='bbox 1206 1164 1302 1209; x_wconf 89' lang='lat' dir='ltr'>illos</span> <span class='ocrx_word' id='word_1_120' title='bbox 1321 1164 1483 1208; x_wconf 89' lang='lat' dir='ltr'>intelli-</span> 
     </span>
     <span class='ocr_line' id='line_1_15' title="bbox 105 1234 1481 1294; baseline 0 -17"><span class='ocrx_word' id='word_1_121' title='bbox 105 1243 254 1293; x_wconf 81' lang='lat' dir='ltr'>gerent</span> <span class='ocrx_word' id='word_1_122' title='bbox 270 1269 281 1288; x_wconf 92' lang='lat'>,</span> <span class='ocrx_word' id='word_1_123' title='bbox 308 1250 495 1294; x_wconf 88' lang='lat' dir='ltr'>quorum</span> <span class='ocrx_word' id='word_1_124' title='bbox 518 1234 693 1280; x_wconf 90' lang='lat' dir='ltr'>traditio</span> <span class='ocrx_word' id='word_1_125' title='bbox 715 1234 768 1279; x_wconf 92' lang='lat' dir='ltr'>de</span> <span class='ocrx_word' id='word_1_126' title='bbox 789 1235 984 1280; x_wconf 85' lang='lat' dir='ltr'>lavandis</span> <span class='ocrx_word' id='word_1_127' title='bbox 1006 1235 1206 1279; x_wconf 87' lang='lat' dir='ltr'>manibus</span> <span class='ocrx_word' id='word_1_128' title='bbox 1232 1235 1452 1278; x_wconf 81' lang='lat' dir='ltr'>ferebatur</span> <span class='ocrx_word' id='word_1_129' title='bbox 1470 1256 1481 1291; x_wconf 81' lang='lat'>3</span> 
     </span>
     <span class='ocr_line' id='line_1_16' title="bbox 101 1303 1480 1362; baseline -0.003 -13"><span class='ocrx_word' id='word_1_130' title='bbox 101 1304 350 1349; x_wconf 86' lang='lat' dir='ltr'>convocatis</span> <span class='ocrx_word' id='word_1_131' title='bbox 369 1303 424 1347; x_wconf 86' lang='lat' dir='ltr'>ad</span> <span class='ocrx_word' id='word_1_132' title='bbox 445 1319 488 1348; x_wconf 92' lang='lat' dir='ltr'>se</span> <span class='ocrx_word' id='word_1_133' title='bbox 510 1304 648 1349; x_wconf 89' lang='lat' dir='ltr'>turbis</span> <span class='ocrx_word' id='word_1_134' title='bbox 671 1305 778 1349; x_wconf 78' lang='lat' dir='ltr'>dixit</span> <span class='ocrx_word' id='word_1_135' title='bbox 795 1306 853 1349; x_wconf 92' lang='lat' dir='ltr'>eis</span> <span class='ocrx_word' id='word_1_136' title='bbox 877 1325 884 1350; x_wconf 89' lang='lat'><strong>:</strong></span> <span class='ocrx_word' id='word_1_137' title='bbox 911 1325 930 1347; x_wconf 76' lang='grc' dir='ltr'>α</span> <span class='ocrx_word' id='word_1_138' title='bbox 950 1304 1125 1359; x_wconf 88' lang='lat' dir='ltr'>Audite,</span> <span class='ocrx_word' id='word_1_139' title='bbox 1151 1313 1194 1348; x_wconf 91' lang='lat' dir='ltr'>et</span> <span class='ocrx_word' id='word_1_140' title='bbox 1209 1303 1480 1362; x_wconf 83' lang='lat' dir='ltr'>intelligite.»</span> 
     </span>
     <span class='ocr_line' id='line_1_17' title="bbox 105 1373 1481 1434; baseline 0.001 -17"><span class='ocrx_word' id='word_1_141' title='bbox 105 1377 330 1432; x_wconf 84' lang='lat' dir='ltr'>Tanquam</span> <span class='ocrx_word' id='word_1_142' title='bbox 362 1373 524 1418; x_wconf 87' lang='lat' dir='ltr'>diceret</span> <span class='ocrx_word' id='word_1_143' title='bbox 545 1394 552 1417; x_wconf 92' lang='lat'>:</span> <span class='ocrx_word' id='word_1_144' title='bbox 583 1377 720 1434; x_wconf 91' lang='lat' dir='ltr'>Super</span> <span class='ocrx_word' id='word_1_145' title='bbox 742 1375 928 1419; x_wconf 86' lang='lat' dir='ltr'>seniores</span> <span class='ocrx_word' id='word_1_146' title='bbox 954 1375 1049 1419; x_wconf 89' lang='lat' dir='ltr'>illos</span> <span class='ocrx_word' id='word_1_147' title='bbox 1073 1385 1115 1418; x_wconf 90' lang='lat' dir='ltr'>et</span> <span class='ocrx_word' id='word_1_148' title='bbox 1135 1390 1211 1419; x_wconf 90' lang='lat' dir='ltr'>vos</span> <span class='ocrx_word' id='word_1_149' title='bbox 1228 1373 1455 1432; x_wconf 82' lang='lat' dir='ltr'>intelligite</span> <span class='ocrx_word' id='word_1_150' title='bbox 1470 1409 1481 1429; x_wconf 91' lang='lat'>,</span> 
     </span>
     <span class='ocr_line' id='line_1_18' title="bbox 102 1442 1481 1505; baseline 0 -18"><span class='ocrx_word' id='word_1_151' title='bbox 102 1453 152 1487; x_wconf 89' lang='lat' dir='ltr'>ut</span> <span class='ocrx_word' id='word_1_152' title='bbox 182 1444 311 1487; x_wconf 84' lang='lat' dir='ltr'>etiam</span> <span class='ocrx_word' id='word_1_153' title='bbox 344 1442 398 1487; x_wconf 90' lang='lat' dir='ltr'>de</span> <span class='ocrx_word' id='word_1_154' title='bbox 419 1444 543 1487; x_wconf 88' lang='lat' dir='ltr'>vobis</span> <span class='ocrx_word' id='word_1_155' title='bbox 573 1444 646 1488; x_wconf 88' lang='lat' dir='ltr'>illa</span> <span class='ocrx_word' id='word_1_156' title='bbox 677 1446 906 1504; x_wconf 85' lang='lat' dir='ltr'>prophetia</span> <span class='ocrx_word' id='word_1_157' title='bbox 935 1444 1095 1489; x_wconf 84' lang='lat' dir='ltr'>clareat</span> <span class='ocrx_word' id='word_1_158' title='bbox 1123 1460 1212 1489; x_wconf 90' lang='lat' dir='ltr'>esse</span> <span class='ocrx_word' id='word_1_159' title='bbox 1234 1444 1451 1505; x_wconf 84' lang='lat' dir='ltr'>praemissa</span> <span class='ocrx_word' id='word_1_160' title='bbox 1471 1479 1481 1498; x_wconf 92' lang='lat'>,</span> 
     </span>
     <span class='ocr_line' id='line_1_19' title="bbox 106 1514 1486 1574; baseline 0.001 -18"><span class='ocrx_word' id='word_1_161' title='bbox 106 1534 126 1556; x_wconf 92' lang='lat'>«</span> <span class='ocrx_word' id='word_1_162' title='bbox 164 1517 303 1573; x_wconf 83' lang='lat' dir='ltr'>Super</span> <span class='ocrx_word' id='word_1_163' title='bbox 329 1514 516 1558; x_wconf 87' lang='lat' dir='ltr'>seniores</span> <span class='ocrx_word' id='word_1_164' title='bbox 547 1515 772 1574; x_wconf 77' lang='lat' dir='ltr'>intellexi3</span> <span class='ocrx_word' id='word_1_165' title='bbox 800 1535 819 1556; x_wconf 86' lang='lat'>»</span> <span class='ocrx_word' id='word_1_166' title='bbox 846 1532 926 1560; x_wconf 91' lang='lat' dir='ltr'>nec</span> <span class='ocrx_word' id='word_1_167' title='bbox 953 1516 1094 1559; x_wconf 89' lang='lat' dir='ltr'>solum</span> <span class='ocrx_word' id='word_1_168' title='bbox 1125 1515 1255 1574; x_wconf 88' lang='lat' dir='ltr'>capiti</span> <span class='ocrx_word' id='word_1_169' title='bbox 1277 1549 1287 1569; x_wconf 88' lang='lat'>,</span> <span class='ocrx_word' id='word_1_170' title='bbox 1313 1530 1486 1558; x_wconf 87' lang='lat' dir='ltr'>verum-</span> 
     </span>
     <span class='ocr_line' id='line_1_20' title="bbox 103 1584 1482 1645; baseline -0.001 -17"><span class='ocrx_word' id='word_1_171' title='bbox 103 1585 234 1628; x_wconf 88' lang='lat' dir='ltr'>etiam</span> <span class='ocrx_word' id='word_1_172' title='bbox 256 1586 451 1644; x_wconf 84' lang='lat' dir='ltr'>corpori,</span> <span class='ocrx_word' id='word_1_173' title='bbox 484 1588 539 1629; x_wconf 76' lang='lat' dir='ltr'>Ac</span> <span class='ocrx_word' id='word_1_174' title='bbox 562 1586 621 1629; x_wconf 89' lang='lat' dir='ltr'>sic</span> <span class='ocrx_word' id='word_1_175' title='bbox 642 1586 844 1630; x_wconf 89' lang='lat' dir='ltr'>universo</span> <span class='ocrx_word' id='word_1_176' title='bbox 867 1586 1037 1631; x_wconf 89' lang='lat' dir='ltr'>Christo</span> <span class='ocrx_word' id='word_1_177' title='bbox 1071 1594 1214 1645; x_wconf 84' lang='lat' dir='ltr'>aptata</span> <span class='ocrx_word' id='word_1_178' title='bbox 1237 1584 1482 1628; x_wconf 88' lang='lat' dir='ltr'>conveniat.</span> 
     </span>
     <span class='ocr_line' id='line_1_21' title="bbox 108 1654 1487 1716; baseline 0.001 -20"><span class='ocrx_word' id='word_1_179' title='bbox 108 1674 128 1697; x_wconf 90' lang='lat'>«</span> <span class='ocrx_word' id='word_1_180' title='bbox 161 1658 259 1699; x_wconf 89' lang='lat' dir='ltr'>Non</span> <span class='ocrx_word' id='word_1_181' title='bbox 297 1654 418 1714; x_wconf 89' lang='lat' dir='ltr'>quod</span> <span class='ocrx_word' id='word_1_182' title='bbox 448 1655 582 1699; x_wconf 84' lang='lat' dir='ltr'>intrat</span> <span class='ocrx_word' id='word_1_183' title='bbox 612 1655 658 1698; x_wconf 94' lang='lat' dir='ltr'>in</span> <span class='ocrx_word' id='word_1_184' title='bbox 686 1671 791 1710; x_wconf 86' lang='lat' dir='ltr'>nos,</span> <span class='ocrx_word' id='word_1_185' title='bbox 838 1656 1092 1716; x_wconf 85' lang='lat' dir='ltr'>coinquinat</span> <span class='ocrx_word' id='word_1_186' title='bbox 1127 1656 1377 1711; x_wconf 83' lang='lat' dir='ltr'>hominem3</span> <span class='ocrx_word' id='word_1_187' title='bbox 1411 1655 1487 1698; x_wconf 89' lang='lat' dir='ltr'>sed</span> 
     </span>
     <span class='ocr_line' id='line_1_22' title="bbox 108 1724 1486 1786; baseline 0.002 -21"><span class='ocrx_word' id='word_1_188' title='bbox 108 1744 127 1765; x_wconf 92' lang='lat'>»</span> <span class='ocrx_word' id='word_1_189' title='bbox 163 1725 282 1785; x_wconf 89' lang='lat' dir='ltr'>quod</span> <span class='ocrx_word' id='word_1_190' title='bbox 305 1724 498 1785; x_wconf 89' lang='lat' dir='ltr'>procedit</span> <span class='ocrx_word' id='word_1_191' title='bbox 521 1741 569 1769; x_wconf 82' lang='lat' dir='ltr'>ex</span> <span class='ocrx_word' id='word_1_192' title='bbox 592 1741 682 1780; x_wconf 85' lang='lat' dir='ltr'>ore,</span> <span class='ocrx_word' id='word_1_193' title='bbox 703 1727 787 1770; x_wconf 90' lang='lat' dir='ltr'>hoc</span> <span class='ocrx_word' id='word_1_194' title='bbox 811 1726 1067 1786; x_wconf 84' lang='lat' dir='ltr'>coinquinat</span> <span class='ocrx_word' id='word_1_195' title='bbox 1093 1726 1329 1770; x_wconf 87' lang='lat' dir='ltr'>hominem.</span> <span class='ocrx_word' id='word_1_196' title='bbox 1354 1743 1373 1765; x_wconf 90' lang='lat'>»</span> <span class='ocrx_word' id='word_1_197' title='bbox 1394 1727 1486 1768; x_wconf 93' lang='lat' dir='ltr'>Hoc</span> 
     </span>
     <span class='ocr_line' id='line_1_23' title="bbox 105 1795 1487 1855; baseline -0.001 -16"><span class='ocrx_word' id='word_1_198' title='bbox 105 1796 292 1839; x_wconf 88' lang='lat' dir='ltr'>seniores</span> <span class='ocrx_word' id='word_1_199' title='bbox 323 1795 387 1838; x_wconf 89' lang='lat' dir='ltr'>illi</span> <span class='ocrx_word' id='word_1_200' title='bbox 413 1811 501 1839; x_wconf 91' lang='lat' dir='ltr'>non</span> <span class='ocrx_word' id='word_1_201' title='bbox 535 1795 862 1853; x_wconf 81' lang='lat' dir='ltr'>intelligebant,</span> <span class='ocrx_word' id='word_1_202' title='bbox 888 1797 963 1855; x_wconf 89' lang='lat' dir='ltr'>qui</span> <span class='ocrx_word' id='word_1_203' title='bbox 986 1796 1040 1840; x_wconf 89' lang='lat' dir='ltr'>de</span> <span class='ocrx_word' id='word_1_204' title='bbox 1070 1796 1263 1840; x_wconf 86' lang='lat' dir='ltr'>lavandis</span> <span class='ocrx_word' id='word_1_205' title='bbox 1285 1795 1487 1839; x_wconf 88' lang='lat' dir='ltr'>manibus</span> 
     </span>
     <span class='ocr_line' id='line_1_24' title="bbox 105 1865 1488 1927; baseline -0.001 -17"><span class='ocrx_word' id='word_1_206' title='bbox 105 1882 180 1910; x_wconf 90' lang='lat' dir='ltr'>sua</span> <span class='ocrx_word' id='word_1_207' title='bbox 198 1865 318 1910; x_wconf 91' lang='lat' dir='ltr'>velut</span> <span class='ocrx_word' id='word_1_208' title='bbox 341 1881 496 1924; x_wconf 82' lang='lat' dir='ltr'>magna</span> <span class='ocrx_word' id='word_1_209' title='bbox 518 1865 722 1909; x_wconf 87' lang='lat' dir='ltr'>mandata</span> <span class='ocrx_word' id='word_1_210' title='bbox 745 1865 1026 1910; x_wconf 86' lang='lat' dir='ltr'>tradiderant.</span> <span class='ocrx_word' id='word_1_211' title='bbox 1050 1871 1144 1927; x_wconf 88' lang='lat' dir='ltr'>Ipsa</span> <span class='ocrx_word' id='word_1_212' title='bbox 1159 1882 1336 1927; x_wconf 89' lang='lat' dir='ltr'>quoque</span> <span class='ocrx_word' id='word_1_213' title='bbox 1349 1881 1488 1910; x_wconf 92' lang='lat' dir='ltr'>mem-</span> 
     </span>
     <span class='ocr_line' id='line_1_25' title="bbox 104 1936 1486 1996; baseline -0.001 -16"><span class='ocrx_word' id='word_1_214' title='bbox 104 1937 181 1980; x_wconf 83' lang='lat' dir='ltr'>bra</span> <span class='ocrx_word' id='word_1_215' title='bbox 216 1936 364 1996; x_wconf 87' lang='lat' dir='ltr'>capitis</span> <span class='ocrx_word' id='word_1_216' title='bbox 396 1936 524 1995; x_wconf 89' lang='lat' dir='ltr'>hujus</span> <span class='ocrx_word' id='word_1_217' title='bbox 553 1951 682 1995; x_wconf 85' lang='lat' dir='ltr'>super</span> <span class='ocrx_word' id='word_1_218' title='bbox 716 1936 901 1980; x_wconf 89' lang='lat' dir='ltr'>seniores</span> <span class='ocrx_word' id='word_1_219' title='bbox 945 1937 1222 1995; x_wconf 86' lang='lat' dir='ltr'>intelligentis</span> <span class='ocrx_word' id='word_1_220' title='bbox 1242 1972 1253 1991; x_wconf 93' lang='lat'>,</span> <span class='ocrx_word' id='word_1_221' title='bbox 1289 1937 1486 1980; x_wconf 87' lang='lat' dir='ltr'>nondum</span> 
     </span>
     <span class='ocr_line' id='line_1_26' title="bbox 106 2006 1489 2068; baseline 0 -17"><span class='ocrx_word' id='word_1_222' title='bbox 106 2007 226 2068; x_wconf 88' lang='lat' dir='ltr'>quod</span> <span class='ocrx_word' id='word_1_223' title='bbox 248 2008 302 2051; x_wconf 85' lang='lat' dir='ltr'>ab</span> <span class='ocrx_word' id='word_1_224' title='bbox 325 2023 375 2051; x_wconf 93' lang='lat' dir='ltr'>eo</span> <span class='ocrx_word' id='word_1_225' title='bbox 407 2007 573 2051; x_wconf 89' lang='lat' dir='ltr'>dictum</span> <span class='ocrx_word' id='word_1_226' title='bbox 596 2017 659 2051; x_wconf 83' lang='lat' dir='ltr'>est</span> <span class='ocrx_word' id='word_1_227' title='bbox 681 2006 993 2052; x_wconf 77' lang='lat' dir='ltr'>intellexerant.</span> <span class='ocrx_word' id='word_1_228' title='bbox 1021 2009 1218 2068; x_wconf 82' lang='lat' dir='ltr'>Denique</span> <span class='ocrx_word' id='word_1_229' title='bbox 1238 2017 1334 2068; x_wconf 87' lang='lat' dir='ltr'>post</span> <span class='ocrx_word' id='word_1_230' title='bbox 1353 2024 1489 2067; x_wconf 86' lang='lat' dir='ltr'>pauca</span> 
     </span>
     <span class='ocr_line' id='line_1_27' title="bbox 107 2078 1488 2138; baseline 0 -16"><span class='ocrx_word' id='word_1_231' title='bbox 107 2078 370 2138; x_wconf 88' lang='lat' dir='ltr'>respondens</span> <span class='ocrx_word' id='word_1_232' title='bbox 398 2082 551 2122; x_wconf 91' lang='lat' dir='ltr'>Petrus</span> <span class='ocrx_word' id='word_1_233' title='bbox 575 2078 680 2121; x_wconf 79' lang='lat' dir='ltr'>dixit</span> <span class='ocrx_word' id='word_1_234' title='bbox 713 2079 751 2122; x_wconf 87' lang='lat' dir='ltr'>ei</span> <span class='ocrx_word' id='word_1_235' title='bbox 778 2098 786 2122; x_wconf 89' lang='lat'>:</span> <span class='ocrx_word' id='word_1_236' title='bbox 817 2098 836 2119; x_wconf 83' lang='grc'>«</span> <span class='ocrx_word' id='word_1_237' title='bbox 858 2078 1056 2122; x_wconf 86' lang='lat' dir='ltr'>Edissere</span> <span class='ocrx_word' id='word_1_238' title='bbox 1085 2080 1209 2123; x_wconf 87' lang='lat' dir='ltr'>nobis</span> <span class='ocrx_word' id='word_1_239' title='bbox 1238 2078 1488 2138; x_wconf 86' lang='lat' dir='ltr'>parabolam</span> 
     </span>
     <span class='ocr_line' id='line_1_28' title="bbox 110 2148 1489 2210; baseline 0.002 -20"><span class='ocrx_word' id='word_1_240' title='bbox 110 2168 130 2191; x_wconf 88' lang='lat'>»</span> <span class='ocrx_word' id='word_1_241' title='bbox 165 2150 305 2193; x_wconf 83' lang='lat' dir='ltr'>istam.</span> <span class='ocrx_word' id='word_1_242' title='bbox 324 2167 343 2189; x_wconf 85' lang='lat'>»</span> <span class='ocrx_word' id='word_1_243' title='bbox 365 2149 552 2193; x_wconf 85' lang='lat' dir='ltr'>Putabat</span> <span class='ocrx_word' id='word_1_244' title='bbox 570 2148 713 2192; x_wconf 86' lang='lat' dir='ltr'>adhuc</span> <span class='ocrx_word' id='word_1_245' title='bbox 735 2164 824 2192; x_wconf 86' lang='lat' dir='ltr'>esse</span> <span class='ocrx_word' id='word_1_246' title='bbox 846 2149 1112 2208; x_wconf 78' lang='lat' dir='ltr'>parabolam,</span> <span class='ocrx_word' id='word_1_247' title='bbox 1139 2150 1258 2210; x_wconf 87' lang='lat' dir='ltr'>quod</span> <span class='ocrx_word' id='word_1_248' title='bbox 1281 2149 1489 2193; x_wconf 85' lang='lat' dir='ltr'>Dominus</span> 
     </span>
     <span class='ocr_line' id='line_1_29' title="bbox 108 2218 1490 2277; baseline 0 -14"><span class='ocrx_word' id='word_1_249' title='bbox 108 2221 198 2264; x_wconf 88' lang='lat' dir='ltr'>sine</span> <span class='ocrx_word' id='word_1_250' title='bbox 220 2219 368 2277; x_wconf 81' lang='lat' dir='ltr'>figuris</span> <span class='ocrx_word' id='word_1_251' title='bbox 391 2218 532 2262; x_wconf 83' lang='lat' dir='ltr'>fuerat</span> <span class='ocrx_word' id='word_1_252' title='bbox 549 2218 760 2262; x_wconf 86' lang='lat' dir='ltr'>elocutus.</span> <span class='ocrx_word' id='word_1_253' title='bbox 789 2223 845 2262; x_wconf 89' lang='lat' dir='ltr'>At</span> <span class='ocrx_word' id='word_1_254' title='bbox 865 2219 936 2262; x_wconf 85' lang='lat' dir='ltr'>ille</span> <span class='ocrx_word' id='word_1_255' title='bbox 959 2219 1065 2263; x_wconf 78' lang='lat' dir='ltr'>dixit</span> <span class='ocrx_word' id='word_1_256' title='bbox 1089 2240 1096 2263; x_wconf 94' lang='grc'>;</span> <span class='ocrx_word' id='word_1_257' title='bbox 1127 2239 1145 2261; x_wconf 91' lang='lat'>«</span> <span class='ocrx_word' id='word_1_258' title='bbox 1173 2219 1328 2263; x_wconf 73' lang='lat' dir='ltr'>Adhuc</span> <span class='ocrx_word' id='word_1_259' title='bbox 1351 2228 1391 2263; x_wconf 78' lang='lat' dir='ltr'>ct</span> <span class='ocrx_word' id='word_1_260' title='bbox 1413 2234 1490 2263; x_wconf 89' lang='lat' dir='ltr'>vos</span> 
     </span>
     <span class='ocr_line' id='line_1_30' title="bbox 112 2288 1490 2350; baseline 0.002 -19"><span class='ocrx_word' id='word_1_261' title='bbox 112 2310 131 2332; x_wconf 87' lang='lat'>»</span> <span class='ocrx_word' id='word_1_262' title='bbox 167 2293 259 2334; x_wconf 90' lang='lat' dir='ltr'>sine</span> <span class='ocrx_word' id='word_1_263' title='bbox 282 2288 507 2332; x_wconf 89' lang='lat' dir='ltr'>intellectu</span> <span class='ocrx_word' id='word_1_264' title='bbox 544 2289 676 2333; x_wconf 76' lang='lat' dir='ltr'>estis?</span> <span class='ocrx_word' id='word_1_265' title='bbox 704 2292 799 2334; x_wconf 89' lang='lat' dir='ltr'>Non</span> <span class='ocrx_word' id='word_1_266' title='bbox 823 2289 1058 2348; x_wconf 82' lang='lat' dir='ltr'>intelligitis</span> <span class='ocrx_word' id='word_1_267' title='bbox 1090 2290 1190 2350; x_wconf 89' lang='lat' dir='ltr'>quia</span> <span class='ocrx_word' id='word_1_268' title='bbox 1221 2305 1349 2334; x_wconf 90' lang='lat' dir='ltr'>omne</span> <span class='ocrx_word' id='word_1_269' title='bbox 1371 2291 1490 2349; x_wconf 84' lang='lat' dir='ltr'>quod</span> 
     </span>
     <span class='ocr_line' id='line_1_31' title="bbox 112 2358 1487 2416; baseline 0 -15"><span class='ocrx_word' id='word_1_270' title='bbox 112 2379 132 2402; x_wconf 90' lang='lat'>»</span> <span class='ocrx_word' id='word_1_271' title='bbox 168 2361 212 2402; x_wconf 87' lang='lat' dir='ltr'>in</span> <span class='ocrx_word' id='word_1_272' title='bbox 235 2375 281 2403; x_wconf 91' lang='lat' dir='ltr'>os</span> <span class='ocrx_word' id='word_1_273' title='bbox 303 2359 450 2413; x_wconf 84' lang='lat' dir='ltr'>intrat,</span> <span class='ocrx_word' id='word_1_274' title='bbox 471 2359 515 2402; x_wconf 91' lang='lat' dir='ltr'>in</span> <span class='ocrx_word' id='word_1_275' title='bbox 538 2369 733 2403; x_wconf 83' lang='lat' dir='ltr'>ventrem</span> <span class='ocrx_word' id='word_1_276' title='bbox 750 2358 938 2414; x_wconf 86' lang='lat' dir='ltr'>vadit,ct</span> <span class='ocrx_word' id='word_1_277' title='bbox 955 2361 999 2403; x_wconf 89' lang='lat' dir='ltr'>in</span> <span class='ocrx_word' id='word_1_278' title='bbox 1023 2376 1233 2404; x_wconf 87' lang='lat' dir='ltr'>secessum</span> <span class='ocrx_word' id='word_1_279' title='bbox 1254 2361 1487 2416; x_wconf 79' lang='lat' dir='ltr'>emittitur3</span> 
     </span>
     <span class='ocr_line' id='line_1_32' title="bbox 111 2430 1488 2490; baseline 0.001 -18"><span class='ocrx_word' id='word_1_280' title='bbox 111 2450 132 2473; x_wconf 86' lang='lat'>»</span> <span class='ocrx_word' id='word_1_281' title='bbox 167 2446 267 2490; x_wconf 85' lang='lat' dir='ltr'>quae</span> <span class='ocrx_word' id='word_1_282' title='bbox 299 2439 444 2473; x_wconf 88' lang='lat' dir='ltr'>autem</span> <span class='ocrx_word' id='word_1_283' title='bbox 466 2431 708 2489; x_wconf 88' lang='lat' dir='ltr'>procedunt</span> <span class='ocrx_word' id='word_1_284' title='bbox 731 2430 785 2474; x_wconf 92' lang='lat' dir='ltr'>de</span> <span class='ocrx_word' id='word_1_285' title='bbox 805 2446 878 2474; x_wconf 89' lang='lat' dir='ltr'>ore</span> <span class='ocrx_word' id='word_1_286' title='bbox 894 2466 904 2482; x_wconf 87' lang='lat'>,</span> <span class='ocrx_word' id='word_1_287' title='bbox 930 2430 984 2474; x_wconf 90' lang='lat' dir='ltr'>de</span> <span class='ocrx_word' id='word_1_288' title='bbox 1011 2431 1140 2475; x_wconf 88' lang='lat' dir='ltr'>corde</span> <span class='ocrx_word' id='word_1_289' title='bbox 1165 2440 1349 2484; x_wconf 77' lang='lat' dir='ltr'>exeunt,</span> <span class='ocrx_word' id='word_1_290' title='bbox 1374 2440 1417 2473; x_wconf 87' lang='lat' dir='ltr'>et</span> <span class='ocrx_word' id='word_1_291' title='bbox 1439 2446 1488 2474; x_wconf 87' lang='lat' dir='ltr'>ea</span> 
     </span>
     <span class='ocr_line' id='line_1_33' title="bbox 113 2499 1488 2560; baseline 0.001 -18"><span class='ocrx_word' id='word_1_292' title='bbox 113 2520 133 2542; x_wconf 91' lang='lat'>»</span> <span class='ocrx_word' id='word_1_293' title='bbox 168 2500 455 2560; x_wconf 88' lang='lat' dir='ltr'>coinquinant</span> <span class='ocrx_word' id='word_1_294' title='bbox 477 2501 699 2546; x_wconf 88' lang='lat' dir='ltr'>hominem</span> <span class='ocrx_word' id='word_1_295' title='bbox 715 2504 725 2526; x_wconf 87' lang='lat'>¹</span> <span class='ocrx_word' id='word_1_296' title='bbox 743 2503 759 2542; x_wconf 70' lang='grc' dir='ltr'>’ἲ</span> <span class='ocrx_word' id='word_1_297' title='bbox 781 2520 799 2541; x_wconf 85' lang='lat'>»</span> <span class='ocrx_word' id='word_1_298' title='bbox 819 2499 975 2545; x_wconf 84' lang='lat' dir='ltr'>Adhuc</span> <span class='ocrx_word' id='word_1_299' title='bbox 998 2511 1039 2544; x_wconf 92' lang='lat' dir='ltr'>et</span> <span class='ocrx_word' id='word_1_300' title='bbox 1061 2517 1134 2545; x_wconf 84' lang='lat' dir='ltr'>vos</span> <span class='ocrx_word' id='word_1_301' title='bbox 1153 2500 1242 2544; x_wconf 84' lang='lat' dir='ltr'>sine</span> <span class='ocrx_word' id='word_1_302' title='bbox 1264 2499 1488 2544; x_wconf 84' lang='lat' dir='ltr'>intellectu</span> 
     </span>
     <span class='ocr_line' id='line_1_34' title="bbox 160 2585 494 2626; baseline -0.003 -8"><span class='ocrx_word' id='word_1_303' title='bbox 160 2592 168 2608; x_wconf 86' lang='lat'><em>¹</em></span> <span class='ocrx_word' id='word_1_304' title='bbox 190 2585 306 2618; x_wconf 77' lang='lat' dir='ltr'>Matth.</span> <span class='ocrx_word' id='word_1_305' title='bbox 328 2596 379 2626; x_wconf 79' lang='lat' dir='ltr'>xv,</span> <span class='ocrx_word' id='word_1_306' title='bbox 402 2588 494 2618; x_wconf 82' lang='lat'>1-18.</span> 
     </span>
    </p>
   </div>
  </div>
 </body>
</html>
