1848 3261
383 190 438 230 64
823 198 856 227 s.
893 197 1123 228 Auensrmi
1155 197 1336 225 Emscom

381 264 515 310 tando
537 265 681 309 omnia
704 264 816 308 mala
833 264 947 308 facta
968 273 1057 308 tua.
1085 266 1223 315 Quam
1237 259 1375 305 multa
1390 259 1504 302 enim
1517 257 1630 302 mala
1650 257 1765 302 facta

382 345 455 380 tua
472 370 484 391 2
508 345 597 379 tam
614 334 764 379 multae
779 335 907 379 bonae
925 333 1230 378 retributiones
1249 332 1354 391 ejus.
1371 332 1428 374 Et
1445 329 1552 389 quid
1567 328 1631 372 illi
1648 327 1764 372 offe-

380 421 446 449 res
468 404 579 450 forte
606 406 857 449 xeniorum?
880 403 987 465 quid
1011 403 1273 447 munerum?
1297 400 1405 460 quid
1429 398 1765 444 sacrificiorum?

380 476 594 529 Quoniam
615 491 705 520 non
727 475 989 520 oblivisceris
1004 473 1309 518 retributiones
1324 473 1414 530 ejus
1426 505 1436 525 ,
1452 471 1536 514 hoc
1557 468 1765 513 sacrificio

380 545 619 590 delectatur
639 565 648 590 ;
667 565 686 587 «
702 545 905 599 Benedic,
931 545 1090 598 anima,
1113 543 1363 587 Dominum.
1387 539 1653 586 Sacrificium
1669 538 1767 582 lau-

382 633 402 656 »
437 615 502 659 dis
521 614 784 674 glorificabit
814 630 898 658 me.
925 613 1108 658 Immola
1131 616 1221 657 Deo
1243 611 1501 656 sacrificium
1527 608 1668 653 laudis
1685 643 1696 664 ,
1723 617 1767 652 et

385 703 406 726 »
442 685 576 729 redde
592 684 810 730 Altissimo
833 693 932 729 vota
965 693 1039 728 tua
1055 686 1085 727 ¹.
1113 702 1132 724 »
1160 682 1348 726 Laudari
1367 697 1410 725 se
1431 680 1527 726 vult
1550 683 1663 724 Deus
1690 698 1699 723 :
1724 687 1768 722 et

378 757 477 811 hoc,
492 765 542 800 ut
557 765 608 799 tu
620 755 818 814 proficias
834 776 845 813 3
860 770 948 799 non
963 763 1013 798 ut
1024 753 1096 797 ille
1108 753 1380 797 sublimetur.
1392 755 1489 797 Non
1507 760 1571 795 est
1588 749 1767 794 omnino

378 827 497 886 quod
519 825 583 869 illi
605 825 843 869 retribuere
866 844 874 869 :
907 833 950 868 et
983 823 1105 884 quod
1135 823 1285 882 exigit,
1323 838 1412 866 non
1449 821 1531 865 sibi
1550 856 1561 875 ,
1586 819 1662 864 sed
1689 818 1767 863 tibi

379 896 509 955 exigit
535 915 544 940 ε
569 896 650 940 tibi
679 895 899 955 proderit,
936 895 1015 939 tibi
1038 887 1246 938 serratur.
1279 896 1377 938 Non
1403 893 1488 936 hoc
1511 908 1534 935 a
1556 900 1598 934 te
1622 897 1763 944 amat,

380 966 500 1027 quod
521 965 645 1010 illum
669 975 823 1024 augeat
838 1001 848 1020 ,
874 964 994 1025 quod
1012 974 1055 1008 te
1070 964 1124 1008 ad
1145 963 1269 1007 illum
1291 962 1515 1022 perducat.
1533 965 1767 1020 Propterea

380 1037 636 1097 quaerebant
657 1040 867 1093 Martyres
881 1071 891 1090 ,
913 1035 1174 1078 deficiebant
1192 1033 1383 1092 quodam
1398 1031 1530 1076 modo
1545 1046 1634 1074 non
1652 1030 1770 1073 inve-

381 1106 541 1151 niendo
559 1141 569 1161 ,
596 1115 638 1149 et
661 1105 888 1160 dicebant,
918 1124 936 1145 ε(
954 1103 1070 1157 Quid
1088 1103 1325 1146 retribuam
1343 1101 1530 1145 Domino
1545 1135 1555 1155 ,
1576 1115 1655 1159 pro
1671 1115 1767 1143 om·-

383 1195 403 1217 »
442 1178 521 1219 bus
540 1192 639 1236 quae
663 1175 863 1219 retribuit
891 1174 1027 1217 mibi?
1052 1193 1070 1214 »
1098 1177 1153 1217 Et
1171 1188 1258 1216 non
1290 1173 1551 1216 invenerunt
1572 1170 1678 1230 quid
1700 1185 1769 1212 re-

380 1247 648 1300 tribuerent,
681 1246 788 1299 nisi,
812 1244 1035 1289 «Calicem
1065 1243 1260 1286 salutaris
1284 1242 1489 1300 accipiam
1505 1276 1515 1293 ,
1542 1250 1585 1284 et
1606 1254 1768 1283 nomen

384 1335 404 1358 »
431 1317 604 1361 Domini
628 1316 883 1359 invocabo&
904 1333 922 1354 »
941 1312 1053 1366 Quid
1072 1313 1283 1356 retribues
1298 1311 1515 1356 Domino?
1535 1309 1767 1368 Cogitabas

381 1387 519 1441 enim,
552 1395 595 1429 et
616 1400 705 1429 nou
723 1384 973 1428 inveniebas
995 1402 1002 1426 ;
1028 1402 1048 1424 «
1068 1382 1258 1426 Calicem
1276 1381 1472 1425 salutaris
1492 1380 1714 1439 accipiam.
1743 1397 1763 1420 »

382 1456 523 1510 Quid?
551 1456 728 1500 calicem
767 1454 964 1498 salutaris
997 1468 1143 1497 nonne
1184 1453 1275 1511 ipse
1297 1452 1508 1496 Dominus
1533 1450 1680 1495 dedit?
1706 1454 1769 1494 De

382 1535 458 1570 tuo
477 1524 644 1584 aliquid
667 1524 881 1577 retribue,
905 1523 938 1566 si
959 1532 1097 1581 potes.
1124 1524 1244 1576 Non,
1276 1521 1481 1578 dixerim,
1506 1535 1560 1563 ne
1583 1518 1734 1563 feceris
1753 1553 1764 1574 ,

382 1596 472 1640 noli
493 1595 547 1639 de
570 1605 646 1639 tuo
669 1594 909 1638 retribuere
928 1612 936 1637 z
957 1608 1046 1636 non
1068 1591 1163 1635 vult
1180 1595 1293 1635 Deus
1309 1591 1363 1635 de
1381 1600 1458 1635 tuo
1470 1590 1549 1634 sibi
1569 1589 1767 1634 retribui.

386 1667 428 1711 Si
449 1665 503 1709 de
520 1675 598 1709 tuo
623 1665 826 1708 retribuis
839 1699 849 1719 ,
875 1672 1101 1723 peccatum
1124 1663 1343 1706 retribuis.
1364 1662 1520 1705 Omnia
1538 1661 1654 1705 enim
1672 1677 1772 1720 quae

382 1738 536 1791 habes,
563 1737 616 1780 ab
639 1735 715 1780 illo
737 1736 870 1779 habes
898 1754 907 1779 z
938 1744 1065 1778 tuum
1087 1743 1315 1794 peccatum
1337 1733 1478 1777 solum
1504 1732 1653 1776 habes.
1674 1735 1773 1777 Non

381 1807 477 1852 vult
497 1807 578 1851 sibi
600 1806 781 1850 retribui
798 1805 852 1848 de
874 1814 977 1860 tuo,
1004 1804 1058 1848 de
1080 1820 1157 1849 suo
1170 1803 1280 1848 vult.
1299 1803 1530 1856 Quomodo
1554 1802 1770 1861 agricolae,

384 1877 438 1921 de
466 1887 580 1921 terra
602 1891 734 1936 quam
765 1876 1017 1931 seminavit,
1059 1875 1093 1918 si
1123 1883 1312 1934 segetem
1345 1873 1561 1928 attuleris,
1586 1873 1640 1917 de
1663 1873 1773 1932 agri-

384 1948 490 1991 colae
507 1947 656 1991 fructu
678 1946 915 1989 retribuisti
941 1965 949 1988 :
971 1945 1004 1988 si
1028 1945 1194 2003 spinas,
1226 1943 1280 1987 de
1304 1953 1381 1987 tuo
1404 1942 1615 1987 obtulisti.
1641 1943 1768 1986 Veri-

387 2027 520 2062 tatem
558 2017 772 2070 retribue,
810 2016 857 2059 in
889 2015 1068 2058 veritate
1105 2014 1339 2058 Dominum
1371 2014 1533 2058 lauda:
1560 2014 1594 2057 si
1617 2013 1671 2057 de
1694 2023 1772 2058 tuo

387 2088 574 2133 volueris
589 2123 599 2142 ,
635 2085 870 2130 mentieris.
901 2104 920 2126 «
955 2086 1041 2137 Qui
1062 2084 1257 2144 loquitur
1279 2084 1556 2128 mendacium
1571 2119 1581 2139 ,
1616 2083 1670 2128 de
1692 2099 1772 2129 suo

388 2178 408 2201 »
443 2159 678 2219 loquiturss.
708 2176 728 2198 υ
758 2157 799 2201 Si
821 2156 916 2216 quis
949 2155 1144 2215 loquitur
1174 2155 1450 2212 mendacium
1469 2190 1479 2210 ,
1513 2154 1568 2199 de
1602 2171 1681 2200 suo
1709 2154 1771 2200 lo-

386 2231 557 2290 quitur;
581 2229 658 2289 qui
679 2227 873 2287 loquitur
898 2227 1124 2271 veritatem
1141 2261 1152 2282 ,
1173 2227 1227 2270 de
1246 2226 1323 2270 Dei
1345 2226 1555 2286 loquitur.
1577 2226 1694 2279 Quid
1708 2234 1771 2269 est

387 2310 532 2344 autem
562 2299 753 2357 accipere
785 2296 962 2341 calicem
992 2297 1209 2351 salutaris,
1241 2296 1320 2339 nisi
1352 2296 1567 2354 passiones
1594 2295 1770 2340 Domini

385 2372 569 2415 imitari?
588 2373 680 2414 Hoc
697 2372 906 2426 Martyres
930 2367 1140 2412 fecerunt.
1164 2370 1256 2411 Hoc
1271 2367 1623 2426 superbientibus
1642 2366 1765 2422 dixit,

387 2451 430 2486 et
451 2440 571 2485 sedes
604 2438 807 2484 sublimes
839 2439 929 2498 jam
951 2437 1269 2497 quaerentibus,
1295 2445 1337 2481 et
1366 2435 1606 2481 convallem
1628 2435 1770 2496 plora-

436 2534 444 2551 ¹
468 2527 550 2561 Psal.
570 2538 654 2568 uix,
678 2525 714 2568 ¹3}
734 2530 764 2558 et
783 2525 836 2558 33.
858 2541 898 2547 -
918 2532 929 2547 ²
953 2525 998 2557 Id.
1018 2535 1090 2566 cxv,
1114 2533 1166 2566 12,
1190 2524 1238 2556 13.
1261 2540 1301 2546 ·--
1319 2521 1331 2547 3
1349 2526 1441 2556 Joan.
1457 2534 1524 2564 vm,
1545 2522 1598 2565 44.
