1848 3261
362 221 447 263 342
781 228 816 258 s.
850 227 1080 258 nmmum
1110 228 1293 256 Enscom

366 317 387 340 »
422 300 536 342 Deus
566 295 766 339 eorum1?
784 311 805 335 »
830 296 882 338 In
914 293 1144 338 novissimo
1171 292 1286 335 enim
1311 292 1535 352 apparebit
1564 293 1733 338 miseri-

363 367 507 413 cordia
529 367 620 426 ejus
641 375 683 409 et
705 364 873 418 veritas,
896 363 1072 424 quando
1095 362 1267 421 signum
1288 363 1387 406 Filii
1402 364 1588 408 hominis
1600 379 1735 424 appa-

360 439 473 483 rebit
495 437 539 480 in
561 436 674 481 coelo
689 470 700 490 ‚
725 444 768 478 et
788 443 894 478 tunc
920 434 1126 493 plangent
1149 448 1297 477 omnes
1318 434 1456 478 tribus
1477 443 1603 478 terrae
1618 469 1629 489 ‚
1654 450 1734 479 nec

359 509 506 554 dicent
529 527 538 552 ι
563 506 678 550 «Ubi
702 513 765 547 est
782 508 895 548 Deus
918 506 1097 548 eorum?
1122 521 1142 544 »
1166 519 1265 547 cum
1287 503 1345 547 eis
1368 519 1457 547 non
1475 505 1617 549 adhuc
1638 520 1735 549 cre-

359 579 525 625 dendus
547 576 822 636 praedicatur,
847 574 922 617 sed
937 575 1026 634 jam
1049 573 1300 619 tremendus
1321 574 1579 618 ostenditur.

414 650 535 693 XIV.
576 666 595 687 «
620 649 732 689 Deus
760 653 905 688 autem
937 654 1082 688 noster
1111 645 1158 688 in
1187 644 1299 688 coelo
1321 660 1546 688 sursum.»
1572 646 1671 689 Non
1692 645 1736 689 in

359 719 473 765 coelo
489 752 500 772 ‚
525 716 602 760 ubi
624 713 758 759 solem
781 723 824 757 et
839 714 988 757 lunam
1008 714 1177 768 vident,
1200 730 1329 773 opera
1346 715 1422 758 Dei
1445 730 1543 774 quae
1561 714 1735 773 colunt3

359 790 435 835 sed
461 807 480 830 «
503 791 553 831 ln
575 785 688 830 coelo
718 801 888 829 sursum
903 820 914 840 ‚
944 803 964 826 »
998 784 1117 844 quod
1141 785 1455 843 transgreditur
1476 785 1620 828 omnia
1641 801 1739 829 cor-

357 875 461 921 pora
477 857 669 903 coelestia
685 865 728 899 et
740 847 970 899 terrestria.
990 858 1078 900 Nec
1095 855 1154 900 sic
1171 864 1233 899 est
1249 857 1294 899 in
1310 855 1423 900 coelo
1444 859 1556 900 Deus
1574 865 1735 911 noster,

358 930 481 993 quasi
497 929 720 973 subtracto
743 926 856 971 coelo
878 927 1048 970 ruinam
1071 926 1162 970 sine
1178 926 1278 970 sede
1297 925 1516 970 formidet.
1547 929 1632 970 «In
1653 942 1740 970 808-

364 1021 386 1045 »
421 1003 471 1046 lis
503 1010 547 1045 et
574 1000 620 1043 in
650 1008 764 1043 terra
786 998 930 1042 omnia
955 1012 1246 1058 quaecumque
1266 997 1406 1042 voluit
1429 996 1531 1041 fecit
1543 1001 1576 1040 ².
1600 1016 1619 1038 »
1651 999 1740 1042 Nec

358 1073 524 1131 indiget
552 1070 755 1130 operibus
778 1069 889 1122 suis,
915 1078 1123 1129 tanquam
1149 1069 1195 1112 in
1217 1069 1275 1112 eis
1296 1068 1548 1123 collocetur,
1573 1077 1625 1112 ut
1645 1083 1740 1112 ma-

359 1152 460 1188 neat
479 1164 490 1200 3
525 1140 599 1185 sed
619 1141 665 1183 in
686 1155 762 1183 sua
779 1139 1019 1182 aeternitate
1041 1138 1253 1198 persistit,
1277 1138 1322 1182 111
1338 1154 1425 1198 qua
1446 1153 1625 1181 manens
1643 1153 1742 1182 om-

358 1216 430 1258 nia
461 1226 750 1273 quaecumque
783 1210 923 1253 voluit
945 1208 1046 1253 fecit
1074 1209 1118 1252 in
1144 1208 1270 1253 coelis
1299 1218 1342 1252 et
1371 1210 1415 1252 111
1438 1217 1565 1253 terra.
1591 1211 1741 1269 Neque

360 1285 476 1329 enim
496 1284 706 1342 jam‘eum
730 1280 981 1338 portabant,
1007 1289 1058 1322 ut
1080 1279 1134 1322 ab
1152 1294 1203 1322 eo
1225 1279 1317 1322 fieri
1339 1288 1540 1337 possent3
1564 1279 1741 1338 quando

361 1355 443 1398 nisi
462 1354 637 1405 fierent,
663 1365 764 1394 eum
786 1359 955 1406 portare
979 1364 1067 1392 non
1089 1357 1277 1407 possent.
1299 1351 1413 1406 Ergo
1429 1349 1475 1392 in
1497 1349 1657 1408 quibus
1679 1358 1743 1393 est

360 1426 473 1484 ipse,
507 1431 717 1481 tanquam
739 1419 979 1478 indigentia
1001 1420 1220 1473 continet,
1255 1434 1345 1462 non
1366 1419 1421 1462 ab
1443 1419 1502 1462 eis
1533 1428 1743 1479 tanquam

364 1493 562 1551 indigens
585 1491 847 1535 continetur.
872 1489 969 1533 Sive
983 1488 1041 1532 sic
1058 1488 1325 1546 intelligatur
1350 1507 1359 1533 ε
1388 1507 1409 1530 «
1430 1491 1480 1532 In
1499 1488 1620 1533 coelis
1642 1499 1685 1533 et
1700 1489 1747 1533 in

369 1585 387 1607 »
422 1573 535 1607 terra
554 1561 697 1605 onmia
719 1574 1008 1621 quaecumque
1028 1558 1169 1602 voluit
1192 1557 1294 1602 fecit
1309 1594 1320 1614 ‚
1349 1577 1369 1600 »
1393 1558 1464 1604 vel
1484 1559 1529 1602 111
1550 1560 1745 1618 superio-

365 1636 484 1680 ribus
504 1668 515 1690 ,
539 1632 610 1678 vel
630 1633 674 1676 in
704 1630 979 1675 inferioribus
998 1629 1149 1691 populi
1171 1631 1235 1673 sui
1252 1630 1541 1674 voluntariam
1564 1630 1744 1689 gratiam

365 1721 487 1751 suam
521 1703 770 1757 constituit,
808 1717 864 1745 ne
889 1702 984 1762 quis
1015 1700 1069 1744 de
1091 1716 1272 1760 operum
1299 1701 1462 1744 meritis
1488 1699 1695 1758 glorietur
1731 1720 1741 1746 ε

365 1777 468 1838 quia
506 1775 592 1820 sive
613 1782 781 1818 montes
811 1773 993 1831 gestiant
1014 1771 1134 1815 velut
1163 1771 1338 1827 arietes,
1363 1771 1452 1815 sive
1473 1770 1603 1815 colles
1624 1770 1746 1815 velut

366 1847 467 1907 agni
483 1847 629 1891 ovium
645 1866 656 1902 3
691 1860 714 1888 a
731 1843 839 1889 facie
861 1842 1033 1888 Domini
1050 1851 1266 1887 commota
1284 1851 1347 1887 est
1363 1851 1476 1887 terra
1491 1877 1502 1898 ‚
1522 1857 1577 1887 ne
1596 1841 1642 1887 in
1660 1850 1747 1887 ter-

367 1919 481 1965 renis
502 1917 700 1962 sordibus
720 1925 932 1976 perpetuo
953 1923 1241 1959 remanerent.

417 2033 429 2051 ¹
448 2025 563 2059 Psalm.
580 2025 712 2057 secund.
731 2035 818 2063 exin,
838 2032 871 2056 2.
889 2040 931 2046 —
948 2030 961 2046 ²
981 2022 1062 2055 lbid.
1089 2022 1121 2054 3.
