1848 3261
383 198 466 239 3⁵78
814 206 848 237 s.
883 205 1115 239 ,mausum
1146 209 1330 240 Enscon

379 273 496 330 Quid
512 273 572 319 ibi
593 273 712 325 aliud
736 273 928 320 dicemus
946 310 957 331 ,
981 275 1063 320 nisi
1083 309 1094 330 ‚
1116 293 1137 317 «
1157 280 1266 319 Deus
1288 290 1408 321 meus
1431 291 1474 322 es
1498 285 1547 322 tu
1561 312 1572 333 ‚
1598 287 1642 323 et
1662 293 1762 325 con-

380 365 401 389 »
438 346 596 390 fitebor
612 346 691 390 tibi
711 350 850 405 ,Deus
871 362 992 391 meus
1010 361 1052 391 es
1076 355 1146 401 tu,
1166 355 1209 390 et
1221 346 1419 393 exaltabo
1433 357 1477 392 te
1493 369 1504 406 ς
1519 349 1762 395 confitebor

379 437 401 460 ³>
432 418 511 462 tibi
527 453 537 473 ,
562 418 769 473 Domine,
795 419 1002 478 qnoniam
1029 419 1237 463 exaudisti
1255 435 1350 474 me,
1367 430 1411 464 et
1433 419 1572 465 factus
1594 437 1636 465 es
1655 422 1763 467 mihi

377 505 401 532 3)
434 489 480 533 in
501 488 706 533 salutem¹
722 491 739 530 ‘3
756 507 774 529 »
793 491 891 533 Non
912 490 1092 549 strepitu
1105 490 1339 534 verborum
1359 490 1438 533 ista
1457 490 1668 547 dicemus,
1687 491 1763 537 sed

377 559 552 604 dilectio
574 560 789 602 inhaerens
806 558 869 602 illi
891 575 967 618 per
986 560 1181 620 seipsam
1199 560 1358 605 clamat
1373 560 1499 604 istam
1520 577 1695 618 vocem,
1719 572 1762 607 et

377 629 549 675 dilectio
575 630 666 688 ipsa
683 645 766 673 vox
786 638 849 673 est
870 630 962 673 ista.
998 633 1152 690 Itaque
1182 632 1293 675 sicut
1322 631 1454 690 coepit
1476 631 1652 675 laudem
1668 667 1680 686 ,
1701 633 1761 677 ita

375 702 581 744 terminat
612 719 620 744 z
648 718 668 742 «
691 700 970 744 Confitemini
994 702 1178 745 Domino
1216 702 1422 762 quoniam
1454 702 1595 746 bonus
1615 738 1626 757 ,
1647 719 1762 763 quo-

378 788 399 812 »
435 770 551 814 niam
568 770 614 813 in
636 770 843 814 saeculum
865 771 1158 815 misericordia
1178 773 1269 832 ejus
1282 776 1314 816 2.
1339 792 1356 813 »
1379 773 1490 817 Hinc
1501 773 1635 833 coepit
1649 773 1764 818 Psal-

374 857 472 885 mus
492 876 502 896 ,
523 841 610 885 huc
628 841 786 885 desinit
810 861 819 886 :
842 842 1049 902 quoniam
1072 842 1183 886 sicut
1204 842 1259 886 ab
1280 843 1405 887 initio
1428 843 1548 904 quod
1565 843 1762 887 deserui-

376 928 473 956 mus
491 948 502 968 ,
530 913 590 956 ita
610 912 656 955 in
680 913 813 956 finem
832 929 920 973 quo
940 912 1145 968 redimus,
1170 929 1259 958 non
1281 923 1344 958 est
1366 914 1531 974 aliquid
1554 915 1675 974 quod
1695 931 1763 960 sa-

369 983 538 1028 lubrius
555 983 742 1029 delectet
765 1019 776 1040 ,
801 1000 933 1045 quam
951 984 1043 1028 laus
1066 984 1168 1040 Dei,
1189 994 1232 1029 et
1251 1000 1419 1045 semper
1445 984 1650 1030 Alleluia.
1678 1004 1698 1028 »

384 1169 417 1185 ·ΙΛ
425 1168 561 1185 'mm
565 1168 703 1184 ἋΜΜΜ
707 1168 772 1184 νυνὶ
776 1168 1054 1184 ›UWVVVWQWUQLW
1058 1168 1620 1185 mmmwwizmm1ummuwvm2vm
1625 1169 1762 1185 mmmm

876 1324 1260 1372 ENARRATIO

729 1485 790 1524 IN
836 1483 1142 1524 PSALMUM
1195 1483 1420 1524 CXVIII.

947 1630 1197 1662 PROOEMIUM.

437 1763 630 1805 PsILMos
663 1772 812 1803 omnes
844 1766 1024 1803 caeteros
1037 1759 1051 1784 ³
1068 1793 1079 1813 ,
1118 1773 1228 1819 quos
1261 1757 1457 1803 codicem
1491 1759 1759 1803 Psalmorum

374 1832 575 1877 novimus
606 1831 828 1875 continere
846 1865 857 1886 ,
882 1829 1004 1891 quod
1024 1829 1229 1875 Ecclesiae
1257 1831 1572 1875 consuetudine
1593 1830 1760 1875 Psalte-

372 1903 488 1948 rium
501 1911 797 1961 nuncupatur,
812 1902 971 1961 partim
990 1901 1320 1946 sermocinando
1333 1902 1379 1945 in
1395 1900 1583 1961 populis,
1601 1902 1760 1961 partim

372 1973 577 2019 dictando
596 1973 793 2033 exposui,
812 1972 1003 2017 donante
1016 1973 1218 2028 Domino,
1236 1973 1348 2017 sicut
1360 1973 1485 2032 potui
1511 1991 1519 2017 z
1537 1972 1760 2017 Psalmum

370 2060 473 2090 vero
498 2044 780 2088 centesimum
801 2043 1260 2098 octavum-decimum,
1274 2059 1364 2087 non
1377 2053 1465 2087 tam
1478 2052 1656 2102 propter
1668 2044 1704 2103 ej
1712 2058 1760 2087 us

370 2115 637 2160 notissimam
668 2114 1011 2173 longitudinem,
1037 2130 1170 2174 quam
1192 2123 1369 2174 propter
1400 2115 1490 2174 ejus
1522 2113 1758 2173 profundi-

370 2196 505 2231 tatem
523 2187 670 2246 paucis
683 2185 1019 2245 cognoscibilem
1041 2185 1314 2230 differebam.
1341 2188 1398 2229 Et
1420 2200 1520 2229 cum
1541 2184 1758 2228 molestis-

369 2257 475 2301 sime
494 2256 657 2301 ferrent
674 2256 826 2301 fratres
850 2258 960 2311 mei,
983 2258 1072 2316 ejus
1092 2256 1222 2301 solius
1250 2256 1588 2315 expositionem,
1611 2270 1757 2314 quan-

367 2337 462 2372 tum
477 2328 532 2372 ad
546 2329 580 2389 ej
590 2327 738 2372 usdem
748 2329 938 2387 corporis
954 2328 1143 2372 Psalmos
1159 2327 1356 2385 pertinet,
1372 2326 1519 2371 deesse
1537 2325 1756 2385 opusculis

367 2399 547 2454 nostris,
572 2413 730 2459 meque
759 2398 919 2443 adhoc
952 2398 1211 2444 solvendum
1244 2397 1443 2442 debitum
1471 2398 1757 2443 vehementer

417 2514 427 2530 ¹
450 2507 537 2541 Psal.
557 2519 664 2551 cxvn,
683 2507 736 2541 23.
754 2525 796 2531 —-
818 2514 831 2531 ²
857 2507 939 2542 Ibid.
961 2516 1016 2551 29.
1037 2525 1080 2532 -
1099 2506 1112 2532 3
1134 2507 1212 2541 vide
1228 2510 1267 2541 D.
1289 2507 1431 2551 Guillon,
1463 2511 1543 2541 tom.
1569 2517 1656 2550 xxu,
1682 2517 1754 2551 pag.

372 2561 492 2595 32-35.
