1848 3261
319 195 560 226 unitum-no
591 198 639 226 ΙΝ
668 194 872 226 PsALMUM
902 198 1063 237 cxvm,
1099 199 1238 230 snnMo
1268 205 1347 233 v11.
1435 194 1521 235 407

143 280 165 304 »
200 277 332 322 quam
355 261 508 306 reddet
529 262 636 306 mihi
658 262 869 307 Dominus
897 261 943 304 in
963 260 1037 305 illa
1058 262 1129 307 die
1146 266 1287 324 Justus
1304 269 1478 328 judex1.
1497 290 1518 314 »

140 333 300 392 Utique
315 334 456 392 justus
477 368 488 388 ‚
523 331 805 376 retribuendo
828 331 945 376 bona
972 347 1052 391 pro
1076 333 1202 378 bonis
1229 354 1237 380 :
1274 339 1376 397 quia
1403 341 1522 400 prius

139 403 399 459 misericors,
424 403 706 448 retribuendo
729 403 844 446 bona
865 417 944 461 pro
965 402 1102 447 malis.
1133 406 1337 456 Quamvis
1361 419 1404 453 et
1432 412 1524 470 ipsa

132 474 297 532 justitia
316 509 326 528 ‚
359 490 445 534 qua
471 475 774 518 retribuuntur
797 473 914 516 bona
946 488 1025 532 pro
1047 473 1173 518 bonis
1194 509 1205 530 ,
1239 492 1331 520 non
1349 488 1413 522 est
1433 481 1524 526 sine

137 544 454 602 misericordia3
475 546 576 604 quia
605 554 647 588 et
667 545 750 588 hoc
773 544 981 603 scriptum
1005 553 1069 589 est
1089 564 1099 590 :
1132 564 1152 588 (ι
1181 547 1264 599 Qui
1286 559 1464 594 coronat
1484 561 1527 596 te

139 632 160 655 »
195 615 240 659 in
259 615 532 659 miseratione
545 623 588 658 et
603 613 895 658 misericordia
909 617 942 658 2.
962 632 982 656 ))
1001 615 1086 668 Qui
1108 616 1225 660 enim
1247 617 1355 662 dixit
1380 638 1389 663 :
1413 638 1434 662 «
1448 622 1529 666 Bo-

138 702 159 726 »
194 700 302 728 num
320 694 539 729 certamen
555 685 739 739 certavi,
768 703 788 726 »
806 684 984 744 quando
1006 685 1223 742 vinceret,
1248 688 1329 732 nisi
1347 687 1422 734 illo
1446 689 1527 735 do-

135 763 268 798 nante
290 754 344 798 de
359 771 447 814 quo
470 755 528 798 ait
549 773 558 800 :
588 773 607 797 «
632 754 799 798 Gratias
821 758 935 809 Deo,
959 755 1035 814 qui
1054 755 1129 800 dat
1150 757 1276 802 nohis
1298 758 1527 805 victoriam

137 842 158 867 >›
195 839 271 883 per
284 826 518 868 Dominum
533 834 730 869 nostrum
753 828 778 869 J
782 829 903 869 esum
919 825 1142 871 Christum
1155 828 1169 853 3
1185 829 1204 872 Ρ
1220 846 1241 870 »
1258 830 1316 873 Et
1336 830 1413 889 qui
1428 846 1529 876 cur-

134 910 230 939 sum
255 896 575 940 consummavit
591 931 602 950 ,
623 896 803 956 quando
821 905 1039 951 curreret,
1063 897 1241 956 quando
1263 902 1524 959 perveniret,

133 966 215 1009 nisi
230 965 305 1010 illo
327 965 562 1027 adjuvante
584 968 638 1010 de
662 983 751 1027 quo
774 967 834 1011 ait
857 986 867 1012 ;
899 986 920 1009 «
940 968 1078 1025 Igitur
1098 984 1188 1013 non
1210 970 1395 1016 volentis
1414 1007 1425 1024 ,
1451 989 1530 1017 ne-

136 1053 157 1078 »
193 1052 279 1095 que
297 1038 508 1082 currentis
529 1073 540 1093 ‚
566 1036 642 1081 sed
671 1038 911 1082 miserentis
933 1047 997 1082 est
1019 1038 1096 1082 Dei
1115 1039 1160 1081 4?
1178 1058 1197 1080 »
1222 1042 1279 1084 Et
1299 1041 1375 1100 qui
1396 1042 1528 1087 fidem

133 1108 341 1163 servavit,
370 1107 546 1168 quando
572 1108 618 1151 id
641 1106 802 1152 faceret
823 1142 834 1162 ‚
860 1108 964 1159 nisi,
991 1117 1042 1152 ut
1063 1108 1154 1168 ipse
1175 1111 1235 1154 ait
1250 1144 1262 1165 ‚
1287 1111 1527 1157 misericor-

137 1176 251 1220 diam
271 1187 527 1222 consecutus
544 1186 594 1220 ut
616 1176 755 1220 fidelis
778 1187 888 1222 esset
902 1180 916 1204 ⁵
935 1179 953 1221 Ξ)

192 1249 273 1290 ΙΙΙ.
299 1250 525 1307 Nusquam
544 1263 646 1306 ergo
668 1263 711 1291 se
728 1247 906 1292 extollat
927 1249 1120 1292 humana
1142 1249 1345 1308 superbia
1366 1269 1375 1295 ε
1401 1250 1528 1297 donis

133 1317 219 1360 suis
241 1320 354 1360 Deus
373 1317 574 1360 retribuit
595 1317 711 1360 bona
733 1318 928 1376 praemia.
955 1318 1039 1362 Sed
1056 1318 1135 1362 iste
1157 1320 1232 1379 qui
1251 1321 1339 1380 jam
1365 1331 1459 1366 orat
1480 1332 1524 1367 et

133 1387 239 1431 dicit
267 1407 275 1431 ;
306 1406 326 1429 «
351 1387 563 1430 Retribue
598 1402 720 1431 servo
757 1396 859 1442 tuo,
896 1388 1067 1443 vivam,
1097 1407 1117 1430 »
1145 1390 1178 1433 si
1212 1391 1385 1449 penitus
1417 1403 1527 1438 esset

130 1467 330 1501 mortuus
347 1492 357 1512 ‚
384 1473 473 1501 non
505 1466 647 1501 oraret
674 1473 681 1498 ε
715 1457 792 1501 sed
822 1458 876 1501 ab
898 1457 974 1502 illo
1008 1459 1173 1518 accepit
1194 1460 1366 1511 initium
1394 1463 1524 1508 bonae

130 1529 513 1588 concupiscentiae,
530 1544 553 1571 a
571 1544 659 1588 quo
676 1529 811 1573 vitam
833 1529 972 1588 poscit
993 1529 1270 1575 obedientiae.
1291 1532 1526 1579 Habebant

131 1599 244 1643 enim
269 1599 458 1659 aliquam
482 1598 630 1653 fidem,
650 1599 727 1658 qui
745 1598 976 1643 dicebant:
1003 1618 1020 1640 «
1043 1601 1244 1657 Domine,
1263 1617 1374 1661 auge
1396 1604 1523 1649 nobis

136 1690 153 1712 s>
191 1669 378 1714 fidem⁰2
406 1687 426 1710 ³>
455 1669 535 1713 Ille
556 1685 659 1714 vero
683 1679 725 1714 et
754 1669 1106 1714 incredulitatem
1136 1687 1256 1715 suam
1279 1673 1523 1720 confiteba—

129 1742 275 1797 batur,
302 1757 382 1785 nec
406 1742 537 1784 fidem
560 1741 848 1797 diffitebatur,
875 1742 952 1801 qui
973 1757 1074 1785 cum
1096 1751 1206 1786 esset
1233 1743 1521 1803 interrogatus

129 1821 278 1856 utrum
299 1811 521 1865 crederet,
542 1812 600 1855 ait
627 1831 635 1856 :
666 1831 685 1853 «
711 1811 853 1856 Credo
870 1847 880 1867 ,
902 1812 1109 1867 Domine,
1134 1813 1290 1873 adjuva
1312 1814 1520 1861 incredu-

133 1903 150 1923 »
186 1882 353 1926 litatem
377 1883 560 1924 meam⁷.
583 1899 603 1922 »
631 1884 655 1925 J
660 1897 729 1926 am
750 1882 904 1942 utique
924 1883 1067 1927 vivere
1089 1884 1299 1943 incipiens
1327 1887 1518 1945 postulat

126 1952 282 2006 vitam,
304 1951 380 2010 qui
407 1950 588 1995 credens
610 1960 704 1995 orat
725 1952 1020 1996 obedientiam
1038 1968 1046 1994 :
1065 1967 1155 1998 non
1176 1969 1256 2013 pro
1275 1969 1324 1999 ea
1351 1967 1517 2003 servata

128 2022 355 2083 praemium
377 2042 388 2079 3
414 2021 487 2066 sed
517 2030 567 2065 ut
597 2030 807 2077 servetur,
838 2022 1060 2067 auxilium.
1086 2023 1184 2068 Vita
1207 2025 1371 2085 quippe
1402 2043 1518 2072 cres-

127 2101 268 2147 cente,
294 2092 473 2136 vivescit
493 2107 572 2151 per
594 2107 768 2137 omnem
789 2091 921 2149 diem,
944 2093 1022 2154 qui
1043 2103 1278 2140 renovatur
1298 2094 1354 2140 de
1385 2095 1456 2141 die
1469 2098 1516 2143 in

127 2163 240 2208 diem
254 2165 287 2206 8.

187 2237 263 2277 IV.
293 2233 439 2278 Sciens
469 2242 613 2278 autem
640 2234 774 2278 verba
807 2235 884 2279 Dei
918 2249 1007 2279 non
1043 2250 1167 2295 posse
1199 2235 1406 2282 custodiri
1438 2253 1516 2298 per

127 2303 421 2349 obedientiam
437 2339 447 2359 ,
473 2305 555 2348 nisi
577 2304 809 2350 videantur
830 2321 907 2366 per
926 2306 1273 2366 intelligentiam,
1295 2309 1380 2354 hoc
1401 2325 1514 2370 quo-

176 2425 186 2441 1
207 2427 226 2450 2
246 2419 326 2451 Tim.
349 2430 392 2460 lv,
408 2429 440 2461 7,
461 2422 493 2452 8.
514 2437 555 2443 —-
572 2427 584 2443 ²
603 2421 685 2453 Psal.
702 2432 753 2464 cn,
776 2420 808 2464 4.
828 2438 870 2445 -
890 2419 904 2445 3
932 2433 946 2455 1
966 2425 1037 2456 Cor.
1060 2434 1115 2462 xv,
1135 2423 1188 2465 57.
1209 2439 1250 2446 -
1267 2421 1285 2454 4
1301 2425 1392 2458 Rom.
1413 2435 1457 2468 vi,
1476 2426 1511 2460 6.

129 2491 170 2497 -
205 2464 218 2486 ⁵
248 2487 260 2506 1
287 2477 360 2508 Cor.
380 2486 421 2509 vu
436 2501 445 2518 ‚
477 2476 531 2509 25.
561 2494 601 2500 —-
621 2475 635 2501 6
654 2480 730 2511 Luc.
753 2488 838 2520 xvn,
865 2478 896 2511 5.
915 2494 958 2503 —
978 2487 991 2513 7
1011 2479 1125 2513 Matth.
1145 2490 1200 2521 vi,
1225 2479 1278 2514 23.
1300 2497 1341 2504 -
1359 2479 1374 2503 ⁸
1396 2490 1417 2515 2
1436 2483 1508 2517 Cor.

129 2539 176 2569 iv,
201 2528 250 2560 16.
