1848 3261
423 232 664 266 ENARRATIO
695 237 740 263 IN
772 231 974 262 PsALMmr
1004 236 1089 261 eix.
1367 225 1452 264 297

36 332 39 333 ν
71 303 429 366 quandoquidem
451 313 495 348 et
513 304 607 362 ipse
627 301 913 362 principium?
931 299 1120 359 Adjuvet
1153 301 1385 356 Dominus,
1405 310 1456 345 ut

68 391 150 420 nec
180 376 286 419 mihi
324 375 466 420 dicere
502 374 798 434 perturbetur,
836 387 917 415 nec
951 371 1071 415 vobis
1107 370 1272 414 audire.
1313 372 1454 417 Video

73 447 189 491 enim
211 447 331 506 quod
347 448 436 507 jam
458 445 622 490 factum
645 453 732 498 est,
757 452 800 487 et
821 443 1046 487 vobiscum
1070 441 1198 486 video
1230 441 1365 485 oculis
1404 444 1458 485 fi-

72 516 144 561 dei
170 537 178 561 :
203 517 339 562 oculis
369 532 546 577 quoque
567 515 704 560 carnis
724 513 852 559 video
874 512 993 574 quod
1010 514 1099 572 jam
1120 513 1169 556 fit
1185 547 1196 567 ,
1221 528 1458 572 rursusque

72 587 208 631 oculis
230 587 331 631 fidei
352 588 576 632 vobiscum
598 600 723 645 spero
743 584 863 644 quod
886 583 1085 627 futurum
1104 592 1182 627 est.
1219 581 1336 635 Quid
1357 597 1458 640 ergo

71 657 237 702 sactum
258 660 352 701 est?
373 658 481 717 quid
513 657 592 700 fit?
615 655 722 716 quid
753 655 950 699 futurum
981 655 1069 697 est?
1091 653 1288 698 Christus
1310 668 1458 712 passus

71 736 136 771 est
151 761 162 782 ,
182 735 379 770 mortuus
400 736 484 781 est,
510 725 739 769 resurrexit
757 726 883 769 tertia
904 724 988 778 die,
1005 722 1198 767 ascendit
1213 723 1258 767 in
1275 722 1456 778 coelum,

70 805 123 840 ut
143 797 366 850 novimus,
386 797 718 855 quadragesimo
740 793 832 847 die,
850 794 969 838 sedet
988 793 1043 837 ad
1065 793 1284 837 dexteram
1297 795 1456 839 Patris:

70 867 156 910 hoc
180 867 270 925 jam
306 865 470 909 factum
502 874 586 918 est,
624 866 706 908 hoc
738 879 828 908 non
855 863 1068 918 vidimus,
1108 865 1184 908 sed
1225 863 1456 908 credimus.

71 935 190 988 Quid
207 950 326 978 nunc
343 935 419 979 fit?
443 935 700 978 Dominatur
718 933 764 976 in
785 933 930 977 medio
953 933 1230 978 inimicorum
1251 938 1428 977 suorum
1446 968 1458 989 ‚

73 1003 223 1049 emissa
244 1005 360 1063 virga
383 1005 551 1049 virtutis
571 1006 664 1065 ejus
686 1020 737 1048 ex
765 1004 867 1049 Sion
891 1004 942 1047 fit
962 1005 1046 1048 hoc
1062 1039 1072 1059 ‚
1097 1004 1142 1048 id
1171 1005 1326 1062 agitur.
1354 1008 1463 1049 For-

72 1091 188 1120 mam
222 1077 334 1121 servi
356 1085 401 1120 et
424 1085 682 1136 praesentem
706 1085 810 1120 tunc
843 1075 1050 1119 viderunt
1082 1076 1217 1130 servi,
1242 1085 1284 1119 et
1307 1076 1464 1119 absen-

73 1156 163 1192 tem
185 1163 302 1192 nunc
324 1147 511 1192 credunt
531 1148 658 1192 servi.
698 1150 792 1191 Hoc
831 1145 1048 1191 credimus
1076 1146 1131 1190 de
1158 1146 1297 1191 forma
1319 1148 1429 1191 servi
1449 1182 1461 1204 ,

73 1219 195 1278 quod
215 1234 442 1277 possumus
469 1233 622 1278 capere
641 1253 651 1272 ‚
677 1217 783 1261 dum
807 1216 950 1261 adhuc
974 1232 1122 1261 sumus
1144 1217 1268 1261 servi.
1291 1220 1385 1262 Hoc
1402 1226 1466 1261 est

74 1289 191 1332 enim
208 1288 322 1331 illud
343 1287 410 1331 lac
432 1287 716 1346 parvulorum
730 1321 740 1340 ‚
767 1287 887 1345 quod
904 1287 1162 1345 temperavit
1175 1323 1190 1342 ,
1208 1303 1366 1346 panem
1384 1297 1466 1331 tra-

70 1359 223 1419 jiciens
239 1373 316 1417 per
332 1373 523 1401 carnem.
551 1361 661 1401 Nam
683 1357 805 1415 panis
829 1356 903 1399 {He
924 1356 1192 1415 Angelorum
1209 1392 1219 1411 ,
1234 1358 1280 1401 in
1302 1358 1467 1417 princi-

75 1429 148 1488 pio
165 1437 257 1472 erat
273 1428 465 1472 Verbum
483 1430 513 1470 1.
532 1430 572 1471 U
578 1436 594 1471 t
623 1436 770 1470 tamen
791 1442 949 1485 panem
983 1427 1252 1486 Angelorum
1273 1428 1467 1473 mandu-

80 1509 198 1544 caret
220 1501 396 1553 homo&
434 1501 614 1543 Creator
641 1497 909 1556 Angelorum
939 1496 1077 1541 factus
1120 1507 1182 1541 est
1216 1499 1363 1543 homo.
1401 1502 1467 1543 Ita

76 1569 201 1614 nobis
220 1569 416 1613 Verbum
440 1570 712 1613 incarnatum
743 1566 904 1612 factum
938 1576 1001 1611 est
1033 1569 1284 1627 receptibile
1313 1588 1322 1613 ε
1347 1570 1468 1629 quod

76 1641 266 1699 recipere
304 1656 394 1684 non
427 1640 670 1684 valeremus
689 1674 700 1693 ,
740 1640 774 1682 si
806 1638 941 1682 Filius
977 1638 1155 1698 aequalis
1192 1642 1283 1683 Deo
1313 1656 1401 1684 non
1424 1655 1469 1684 se

78 1711 318 1755 exinaniret
340 1711 524 1754 formam
556 1710 666 1754 servi
689 1710 926 1769 accipienS‚
951 1711 998 1753 iu
1020 1709 1302 1754 similitudine
1323 1711 1468 1755 homi-

78 1797 186 1825 num
216 1779 378 1836 factus,
419 1790 462 1825 et
490 1780 646 1824 habitu
677 1781 880 1824 inventus
908 1789 957 1823 ut
983 1781 1162 1824 liomo3.
1190 1783 1248 1825 Ut
1268 1797 1372 1840 ergo
1393 1791 1470 1826 ut-

84 1867 275 1912 cumque
303 1867 456 1911 capere
486 1866 708 1910 possemus
737 1866 864 1906 eum,
907 1851 982 1911 qui
1019 1868 1106 1895 nou
1144 1861 1287 1911 posset
1323 1853 1419 1912 capi
1447 1868 1471 1897 a

79 1923 361 1977 mortalibus,
386 1922 581 1966 mortalis
614 1920 754 1965 sactus
787 1931 851 1965 est
881 1922 1170 1982 imniortalis3
1207 1933 1258 1967 ut
1296 1933 1471 1984 peracta

81 2009 158 2037 sua
182 2002 323 2037 morte
363 1994 524 2037 faceret
554 1993 847 2047 immortales,
887 2003 929 2037 et
968 1993 1133 2054 aliquid
1169 1994 1291 2039 daret
1333 1995 1472 2055 inspi-

78 2062 287 2116 ciendum
305 2099 316 2118 ,
361 2063 526 2123 aliquid
547 2063 815 2107 credendum
832 2099 843 2118 ⁷
870 2063 1035 2124 aliquid
1075 2075 1174 2125 post
1214 2065 1468 2110 videndum.

88 2132 410 2193 Inspiciendam
461 2133 583 2177 dedit
628 2133 811 2177 sormam
859 2135 969 2179 servi
1017 2137 1301 2195 praesentibus
1333 2172 1344 2191 ‚
1383 2153 1490 2184 non*

85 2204 227 2248 solum
269 2203 406 2248 oculis
440 2203 671 2247 videndam
699 2239 709 2258 ‚
750 2204 824 2249 sed
874 2206 1002 2249 etiam
1042 2207 1246 2251 manibus
1279 2217 1474 2267 pertrac-

83 2273 278 2318 tandam.
306 2277 418 2319 Cum
450 2274 598 2318 eadem
620 2274 757 2319 forma
782 2276 977 2320 ascendit
1005 2277 1051 2320 in
1082 2278 1243 2322 coelum
1263 2314 1274 2334 ‚
1300 2277 1475 2323 credere

40 2351 49 2357 ·’
84 2344 209 2388 nobis
221 2345 349 2404 jussit
365 2380 375 2398 ,
402 2345 523 2404 quod
546 2344 630 2388 illis
653 2345 800 2389 videre
819 2347 1043 2391 concessit.
1073 2349 1157 2392 Sed
1178 2358 1221 2392 et
1242 2364 1319 2392 nos
1336 2348 1475 2392 hahe-

84 2425 181 2457 mus
212 2413 332 2473 quod
361 2414 602 2457 videamus.
642 2415 711 2458 {lli
733 2416 848 2459 enim
871 2417 1074 2462 viderunt
1094 2419 1257 2475 virgam
1280 2419 1476 2462 emissam

87 2497 138 2525 ex
154 2483 278 2538 Sion,
304 2499 382 2527 nos
403 2483 601 2528 videmus
623 2484 838 2529 dominari
857 2486 904 2529 iu
920 2487 1063 2531 medio
1080 2488 1356 2533 inimicorum
1379 2504 1476 2534 suo-

137 2576 145 2592 ¹
167 2572 258 2602 Joan.
280 2582 304 2612 1,
327 2582 355 2602 1.
376 2588 417 2594 —-
440 2578 452 2593 ²
472 2571 549 2603 Psal.
576 2582 693 2611 txxwi,
714 2571 768 2605 522
791 2589 828 2594 ——
848 2571 986 2614 31¹hih'p.
1003 2583 1036 2614 ιι,
1055 2573 1088 2614 6,
1111 2584 1140 2614 5.
