1848 3261
371 194 455 234 256
808 201 841 231 s.
877 201 1106 232 Aucusrmi
1138 203 1317 231 EPISCOPI

373 287 391 309 «
428 270 481 312 In
501 268 657 324 finem,
681 282 736 311 ne
757 282 1028 327 corrumpas,
1065 267 1146 326 ipsi
1169 267 1308 311 David
1323 301 1334 322 ,
1360 267 1407 311 in
1429 267 1545 311 tituli
1566 267 1746 326 inscrip-

373 359 390 380 »
427 338 591 384 tionem
610 373 621 393 ,
647 353 747 383 cum
776 338 947 397 sugeret
969 354 991 382 a
1013 337 1122 381 facie
1146 336 1248 381 Saiil
1270 338 1315 381 in
1336 338 1586 397 speluncam
1613 356 1621 382 :
1652 357 1670 378 »
1705 345 1750 381 et

367 408 414 453 in
433 408 561 453 titulo
583 408 1055 469 quinquagesimi-noni
1075 427 1082 452 :
1110 426 1129 449 «
1153 410 1205 451 In
1226 408 1358 451 finem
1373 444 1384 463 ,
1410 409 1474 452 his
1490 409 1566 468 qui
1587 409 1749 451 immu-

370 497 390 522 1)
427 480 659 535 rabuntur,
683 481 729 523 in
752 479 867 523 tituli
902 479 1249 538 inscriptionem,
1279 479 1361 538 ipsi
1382 478 1523 523 David
1538 514 1549 534 ,
1573 480 1616 522 in
1641 478 1748 523 doc—

369 568 389 591 »
427 550 598 605 trinam,
622 564 723 593 cum
744 548 968 593 succendit
984 548 1365 608 Mesopotamiam,
1388 548 1571 606 Syriam,
1599 557 1641 592 et
1665 551 1749 606 Sy-

371 639 391 663 »
426 622 534 665 riam
566 620 695 665 Sobal
715 655 725 674 ,
763 629 806 664 ct
842 621 1054 664 convertit
1082 620 1192 664 Joab
1213 655 1223 675 ,
1255 629 1298 664 et
1330 620 1541 679 percussit
1571 620 1616 663 in
1637 618 1750 664 vallo

371 711 391 734 »
431 692 675 737 Salinarum
692 690 923 736 duodecim
943 690 1105 735 millia?
1130 710 1150 732 ³>
1172 694 1280 737 Nam
1302 700 1459 750 praeter
1469 691 1515 735 id
1532 690 1651 752 quod
1668 706 1749 750 po-

367 763 498 807 situm
516 772 578 806 est
594 797 604 817 ,
633 781 653 804 «
683 765 736 805 In
758 761 874 805 tituli
895 761 1220 821 inscriptionem
1236 797 1247 817 ,
1275 780 1295 802 »
1321 771 1364 806 et
1390 781 1410 804 «
1433 763 1519 822 Ipsi
1540 760 1671 805 David
1686 796 1697 815 ,
1724 779 1745 802 »

367 843 410 877 et
435 853 454 875 «
475 836 525 876 In
556 833 717 888 finem,
745 850 765 873 »
792 842 946 877 caetera
975 832 1034 876 ita
1057 833 1224 877 diversa
1251 843 1353 877 sunt
1370 869 1381 888 ,
1416 843 1467 878 ut
1493 832 1566 877 illc
1593 832 1751 882 habeat

366 904 658 949 humilitatem
691 903 854 959 David,
894 905 971 948 iste
1000 903 1331 962 fortitudinem,
1354 904 1427 948 ille
1459 903 1609 963 fugam
1627 939 1637 959 ,
1672 904 1750 948 iste

364 975 578 1019 victorias.
593 978 649 1018 Et
670 983 815 1018 tamen
837 990 886 1018 ex
911 975 1090 1019 istorum
1113 975 1300 1020 duorum
1318 975 1627 1034 posterioribus
1651 990 1751 1034 pai·-

367 1047 499 1102 tihus,
515 1062 703 1107 quorum
718 1056 806 1090 tam
824 1046 981 1090 diversi
998 1047 1113 1091 tituli
1131 1056 1249 1103 sunt,
1265 1047 1458 1091 Psalmus
1472 1047 1551 1091 iste
1569 1062 1750 1106 compo-

366 1119 499 1162 nitur.
519 1118 603 1161 Ubi
621 1117 888 1175 significatur
903 1117 957 1161 ad
974 1133 1112 1161 unum
1126 1117 1290 1178 aliquid
1307 1133 1563 1162 concurrere
1576 1127 1751 1162 utrum-

366 1204 452 1248 que
476 1223 487 1243 ,
518 1203 609 1232 non
630 1188 856 1247 superficie
877 1188 1066 1232 historiae
1086 1223 1096 1241 ,
1122 1187 1197 1232 sed
1226 1188 1456 1233 altitudine
1479 1189 1746 1248 prophetiae,

365 1258 574 1318 copulatis
596 1258 822 1317 utriusque
848 1258 1008 1301 finibus
1029 1258 1074 1300 in
1089 1259 1173 1302 hoc
1197 1274 1319 1316 uno,
1342 1260 1464 1319 cujus
1487 1268 1551 1303 est
1569 1258 1721 1302 titulus
1735 1293 1746 1314 ,

369 1348 390 1371 «
423 1329 653 1374 Canticum
671 1327 827 1371 Psalmi
849 1327 929 1386 ipsi
943 1328 1080 1372 David
1095 1330 1107 1354 ¹
1126 1347 1169 1386 3»
1186 1338 1342 1373 neutro
1357 1329 1419 1372 illi
1438 1329 1564 1373 titulo
1584 1329 1746 1383 similis,

364 1408 522 1460 praeter
543 1397 665 1458 quod
686 1397 756 1442 hic
773 1397 903 1441 etiam
926 1398 1115 1457 positum
1138 1407 1222 1454 est,
1253 1417 1274 1440 »
1301 1399 1387 1458 Ipsi
1410 1398 1558 1443 David.
1587 1417 1608 1441 »
1633 1404 1751 1452 Quo-

364 1470 481 1514 niam
515 1468 662 1513 multis
684 1468 880 1528 partibus
907 1476 950 1512 et
970 1467 1119 1512 multis
1141 1469 1279 1512 modis
1295 1503 1306 1524 ,
1333 1470 1442 1513 sicut
1463 1468 1517 1512 ad
1540 1468 1748 1513 Hebraeos

365 1541 559 1601 Epistola
596 1540 819 1600 loquitur,
861 1539 964 1584 olim
999 1543 1111 1584 Deus
1143 1539 1316 1585 locutus
1349 1550 1412 1585 est
1451 1541 1649 1585 Patribus
1671 1556 1748 1600 per

364 1613 601 1672 Prophetas
615 1614 632 1638 ²
655 1630 663 1656 :
689 1626 788 1654 eum
810 1620 956 1654 tamen
974 1610 1145 1655 locutus
1167 1621 1249 1666 est,
1275 1627 1407 1672 quem
1429 1611 1544 1655 misit
1564 1621 1712 1671 postea
1732 1647 1744 1667 ,

364 1692 416 1727 ut
436 1682 757 1742 complerentur
780 1681 952 1741 eloquia
984 1682 1314 1740 Prophetarum.
1345 1700 1366 1724 ‹<
1390 1687 1615 1742 Quotquot
1632 1682 1747 1727 enim

368 1771 389 1795 >›
424 1753 726 1814 promissiones
747 1752 846 1807 Dei,
872 1751 919 1794 in
940 1751 1014 1795 illo
1034 1752 1179 1796 Etiam
1193 1754 1225 1796 3.
1253 1770 1274 1793 »

414 1856 423 1873 ¹
451 1849 530 1882 Psal.
548 1859 623 1891 cvn,
643 1859 674 1891 7.
695 1865 737 1871 —
757 1854 770 1871 ²
796 1847 896 1880 Hebr.
915 1859 941 1890 1,
965 1857 993 1880 1.
1013 1863 1055 1871 —
1074 1845 1088 1870 3
1106 1856 1125 1880 2
1139 1849 1210 1881 Cor.
1231 1859 1256 1890 1,
1271 1856 1325 1880 20.
