1848 3261
489 229 731 257 iiNAnnA'rto
765 229 808 254 m
843 229 1044 255 rssmstmr
1077 231 1111 254 (2.
1198 207 1205 212 ’
1472 218 1495 254 5

113 305 158 340 et
188 305 333 339 tamen
350 295 515 349 vivere,
551 293 658 337 nihil
687 292 788 336 mali
820 292 898 335 sibi
927 294 1205 351 contingere3
1237 302 1279 337 et
1315 292 1497 351 putabat

112 376 187 411 aut
207 367 396 410 dormire
414 373 544 409 Deum
565 386 574 421 3
601 374 674 408 aut
698 379 761 407 res
786 364 996 406 humanas
1017 379 1105 406 non
1145 363 1380 418 attendere,
1422 372 1498 406 aut

109 453 252 482 amare
277 436 387 481 facta
406 436 631 481 hominum
656 434 782 479 mala.
811 433 941 477 Tollit
963 434 1085 477 istam
1111 434 1417 492 cogitationem
1441 434 1496 477 dc

109 508 340 563 corde,sed
362 509 472 552 bene
488 505 846 565 intelligentibus.
865 504 976 557 Quid
994 505 1191 563 ergoaitP
1213 525 1231 546 «
1250 504 1492 558 Existimas,

109 597 130 620 »
149 595 174 623 0
195 580 343 633 homo,
370 578 625 638 quijudieas
639 592 710 620 eos
734 576 807 635 qui
832 575 930 618 talia
947 585 1082 634 agunt
1104 586 1146 619 et
1168 575 1271 620 facis
1294 592 1365 630 ea,
1385 591 1496 635 quo-

110 669 129 692 »
149 651 264 694 niam
285 660 330 694 tu
356 650 535 709 effugies
551 648 764 710 judicium
784 646 885 689 Dei?
906 650 993 690 »Et
1007 647 1126 706 quasi
1143 646 1305 690 diceret
1328 667 1335 690 :
1353 649 1496 700 Quare

105 721 356 766 facio-tanta
379 720 491 765 mala
505 720 721 781 quotidie,
739 727 781 761 et
796 717 903 761 nihil
922 717 1021 761 mali
1038 718 1143 761 mihi
1162 718 1403 776 contingit?
1426 734 1494 762 sc·-

105 801 230 836 cutus
257 791 444 836 ostendit
465 791 526 835 illi
546 801 717 850 tempus
748 788 1048 832 misericordiae
1066 809 1074 833 :
1094 792 1195 833 «An
1215 789 1383 833 divitias
1412 790 1491 832 be-

107 880 127 903 »
143 862 365 922 nignitatis
379 871 421 906 et
432 862 651 921 patientiae
665 870 708 904 et
720 859 1059 918 longanimitatis
1072 861 1162 917 ejus
1178 860 1436 904 contemnis1
1447 862 1490 904 P»

104 936 161 976 Et
182 948 282 977 vere
308 933 410 993 quia
426 933 510 976 hoc
533 931 856 980 contemnebat,
878 929 954 973 secl
972 929 1073 974 fecit
1093 929 1217 974 illum
1240 930 1490 975 sollicitum.

108 1022 124 1043 «
140 1007 314 1060 ignoras
328 1039 338 1058 ,
352 1003 510 1063 inquit,
528 1001 735 1062 quoniam
748 1000 991 1059 benignitas
1013 1000 1091 1044 Dei
1109 999 1164 1044 ad
1186 1000 1492 1059 poenitentiam

107 1092 126 1114 »
151 1082 189 1117 te
205 1073 383 1118 adducit
399 1076 441 1117 P»
457 1077 570 1117 Ecce
580 1082 749 1131 tempus
762 1070 1083 1114 misericordiae.
1096 1073 1160 1115 Ne
1175 1080 1317 1114 autem
1328 1070 1493 1115 hocille

103 1159 271 1202 semper
296 1153 469 1203 putaret
494 1143 691 1188 futurum
711 1177 722 1196 ,
747 1141 971 1201 quomodo
994 1150 1167 1185 secutus
1191 1156 1289 1185 eum
1313 1141 1494 1185 terruit?

107 1235 127 1258 «
150 1219 215 1260 Tu
234 1222 394 1269 autern,
409 1218 521 1272 (Jam
539 1224 710 1273 tempus
724 1212 877 1273 judicii
899 1212 1016 1267 audi,
1044 1212 1201 1256 audisti
1220 1222 1390 1271 tempus
1410 1213 1494 1256 mi-

105 1305 125 1328 »
149 1287 408 1341 sericordiae,
433 1296 610 1346 propter
627 1321 637 1339 ,
651 1283 992 1329 Misericordiam
1008 1294 1051 1327 et
1069 1283 1283 1343 judicium
1306 1284 1491 1328 cantabo

104 1377 124 1400 »
160 1359 267 1413 tibi,
307 1358 504 1402 Domine.
531 1359 547 1415 )
571 1360 635 1400 Tu
665 1365 810 1400 autem
839 1390 849 1409 ,
874 1356 1018 1415 inquit
1040 1390 1051 1409 ,
1093 1355 1332 1399 secundum
1369 1354 1492 1398 duri-

103 1447 123 1470 »
144 1429 246 1472 tiam
266 1428 406 1473 cordis
424 1428 486 1472 tui
500 1437 542 1488 et
554 1443 628 1471 cor
642 1427 937 1486 impoenitens,
950 1426 1209 1470 thesaurizas
1225 1426 1304 1469 tihi
1321 1426 1428 1469 iram
1446 1426 1492 1469 in

105 1519 123 1540 »
143 1499 212 1542 die
225 1499 299 1542 irae
316 1507 358 1542 et
380 1497 652 1542 revelationis
658 1497 762 1557 justi
775 1495 927 1555 judicii
942 1496 1033 1550 Dei,
1051 1496 1125 1555 qui
1149 1495 1302 1539 reddet
1319 1496 1492 1539 unicui-

104 1588 123 1611 »
143 1585 228 1630 que
238 1570 477 1613 secundum
493 1584 621 1628 opera
638 1572 777 1612 sua'2.»
794 1571 922 1621 Ecce,
934 1587 953 1609 ‹<
969 1566 1307 1612 Misericordiam
1324 1577 1364 1610 ct
1376 1566 1493 1627 judi-

103 1657 123 1681 »
159 1640 274 1684 cium
288 1639 473 1683 cantabo
497 1639 595 1693 tibi,
623 1638 821 1682 Domine.
853 1657 872 1679 u
902 1637 987 1682 Sed
1009 1637 1198 1680 minatus
1222 1646 1285 1681 est
1307 1637 1360 1680 de
1376 1638 1494 1697 judi-

100 1710 165 1753 cio
191 1728 200 1754 :
228 1708 444 1769 numquid
472 1710 570 1753 ideo
584 1708 798 1769 judicium
820 1708 895 1751 Dei
919 1707 1223 1751 tantummodo
1246 1706 1490 1751 formidan-

100 1779 204 1823 dum
225 1789 303 1834 est,
330 1789 373 1823 et
401 1795 489 1823 non
519 1778 784 1822 amandum?
812 1776 1157 1820 Formidandnm
1175 1777 1296 1821 malis
1314 1787 1492 1836 propter

99 1866 276 1909 poenam
297 1885 307 1904 ,
346 1849 582 1893 amandum
616 1849 741 1892 bonis
775 1857 952 1906 propter
990 1863 1209 1891 coronam.
1241 1848 1352 1900 Quia
1386 1864 1492 1906 ergo

100 1919 397 1964 terruitmalos
415 1918 648 1978 Apostolus
660 1919 706 1961 in
720 1919 804 1962 hoc
820 1919 1067 1962 testimonio
1085 1917 1206 1977 quod
1221 1933 1490 1963 commemo-

100 1991 205 2044 ravi,
232 1989 333 2033 audi
349 1990 423 2033 ubi
448 2005 564 2048 spem
586 1988 661 2032 dat
684 1988 807 2032 bonis
830 1987 883 2031 de
902 1987 1083 2047 judicio.
1115 1990 1166 2032 Se
1183 1988 1325 2047 ipsum
1348 1990 1489 2048 ponit,

101 2071 144 2105 et
178 2061 299 2115 dicit,
332 2070 375 2104 et
408 2059 596 2104 ostendit
624 2069 666 2103 et
694 2059 784 2118 ipse
818 2060 861 2101 in
887 2074 930 2102 se
967 2069 1135 2118 tempus
1164 2060 1486 2103 misericordiae.

101 2133 206 2185 Quia
229 2131 309 2174 nisi
332 2140 376 2174 et
397 2132 486 2190 ipse
513 2129 729 2173 inveniret
756 2138 927 2188 tempus
954 2128 1281 2184 misericordiae,
1314 2129 1491 2189 qualem

100 2201 223 2245 illum
251 2202 465 2245 inveniret
492 2200 736 2260 judicium?
765 2199 1097 2257 Blaspliemum,
1142 2209 1487 2258 persecutorem,

100 2273 372 2332 injuriosum.
402 2272 469 2316 Sic
501 2272 612 2315 enim
644 2269 770 2325 dicit,
800 2279 842 2313 et
863 2269 1142 2314 commendat
1167 2279 1336 2330 tempus
1360 2271 1491 2314 mise-

101 2343 314 2395 ricordiee,
332 2343 376 2384 in
393 2358 481 2401 quo
496 2342 627 2385 modo
640 2356 790 2384 sumus
809 2359 816 2383 :
844 2360 859 2379 «
882 2341 966 2393 Qui
983 2340 1116 2399 prius,
1130 2340 1287 2400 inquit,
1302 2340 1492 2384 fuiblas-

104 2432 124 2453 »
146 2413 329 2472 phemus
359 2421 399 2455 et
428 2421 679 2470 persecutor
708 2420 752 2454 et
774 2411 1029 2470 injuriosus3
1055 2410 1130 2454 sed
1152 2410 1490 2454 misericordiam

106 2502 124 2523 >1
145 2491 402 2527 consecutus
425 2483 584 2525 sum3.»
605 2481 687 2525 Sed
702 2480 909 2539 forteipse
923 2479 1038 2524 solus
1063 2490 1322 2525 consecutus
1332 2490 1394 2524 cst
1410 2481 1488 2523 mi-

154 2574 160 2588 ¹
180 2569 268 2598 Rom.
290 2578 326 2603 11,
344 2566 372 2606 4
392 2584 432 2588 —
453 2566 561 2597 ⁷1bid.
586 2566 676 2596 ’1.--
702 2564 713 2581 ³
739 2577 746 2596 ι
773 2566 850 2595 Tim.
874 2577 895 2600 1,
920 2566 968 2596 13.
