<?xml version="1.0" encoding="UTF-8"?>
<!DOCTYPE html PUBLIC "-//W3C//DTD XHTML 1.0 Transitional//EN"
    "http://www.w3.org/TR/xhtml1/DTD/xhtml1-transitional.dtd">
<html xmlns="http://www.w3.org/1999/xhtml" xml:lang="en" lang="en">
 <head>
  <title>
</title>
<meta http-equiv="Content-Type" content="text/html;charset=utf-8" />
  <meta name='ocr-system' content='tesseract 3.04.00' />
  <meta name='ocr-capabilities' content='ocr_page ocr_carea ocr_par ocr_line ocrx_word'/>
</head>
<body>
  <div class='ocr_page' id='page_1' title='image "./operaomniaaccura11auguuoft_0334.png"; bbox 0 0 1848 3261; ppageno 0'>
   <div class='ocr_carea' id='block_1_1' title="bbox 391 207 1336 245">
    <p class='ocr_par' dir='ltr' id='par_1_1' title="bbox 391 207 1336 245">
     <span class='ocr_line' id='line_1_1' title="bbox 391 207 1336 245; baseline -0.005 0"><span class='ocrx_word' id='word_1_1' title='bbox 391 207 474 245; x_wconf 78' lang='lat'>322</span> <span class='ocrx_word' id='word_1_2' title='bbox 820 213 855 242; x_wconf 86' lang='lat' dir='ltr'>s.</span> <span class='ocrx_word' id='word_1_3' title='bbox 890 213 1122 244; x_wconf 72' lang='lat' dir='ltr'>Aucusnm</span> <span class='ocrx_word' id='word_1_4' title='bbox 1153 214 1336 241; x_wconf 74' lang='lat' dir='ltr'>Enscoi‘l</span> 
     </span>
    </p>
   </div>
   <div class='ocr_carea' id='block_1_2' title="bbox 384 277 1784 2318">
    <p class='ocr_par' dir='ltr' id='par_1_2' title="bbox 384 277 1784 2318">
     <span class='ocr_line' id='line_1_2' title="bbox 387 277 1770 339; baseline -0.003 -14"><span class='ocrx_word' id='word_1_5' title='bbox 387 280 517 325; x_wconf 84' lang='lat' dir='ltr'>fuisse</span> <span class='ocrx_word' id='word_1_6' title='bbox 533 293 577 323; x_wconf 94' lang='lat' dir='ltr'>se</span> <span class='ocrx_word' id='word_1_7' title='bbox 600 279 834 339; x_wconf 87' lang='lat' dir='ltr'>aliquando</span> <span class='ocrx_word' id='word_1_8' title='bbox 855 280 1056 324; x_wconf 82' lang='lat' dir='ltr'>tenebras</span> <span class='ocrx_word' id='word_1_9' title='bbox 1076 313 1088 334; x_wconf 94' lang='lat'>,</span> <span class='ocrx_word' id='word_1_10' title='bbox 1122 292 1240 322; x_wconf 88' lang='lat' dir='ltr'>nunc</span> <span class='ocrx_word' id='word_1_11' title='bbox 1271 286 1416 322; x_wconf 91' lang='lat' dir='ltr'>autem</span> <span class='ocrx_word' id='word_1_12' title='bbox 1436 277 1581 321; x_wconf 82' lang='lat' dir='ltr'>lucem</span> <span class='ocrx_word' id='word_1_13' title='bbox 1614 277 1661 320; x_wconf 87' lang='lat' dir='ltr'>in</span> <span class='ocrx_word' id='word_1_14' title='bbox 1681 278 1770 321; x_wconf 93' lang='lat' dir='ltr'>Do-</span> 
     </span>
     <span class='ocr_line' id='line_1_3' title="bbox 386 347 1766 407; baseline -0.005 -13"><span class='ocrx_word' id='word_1_15' title='bbox 386 350 507 394; x_wconf 90' lang='lat' dir='ltr'>mino</span> <span class='ocrx_word' id='word_1_16' title='bbox 523 351 553 393; x_wconf 94' lang='lat'>¹.</span> <span class='ocrx_word' id='word_1_17' title='bbox 573 368 593 391; x_wconf 85' lang='lat'>«</span> <span class='ocrx_word' id='word_1_18' title='bbox 610 349 851 394; x_wconf 69' lang='lat' dir='ltr'>Misericors</span> <span class='ocrx_word' id='word_1_19' title='bbox 864 358 908 393; x_wconf 91' lang='lat' dir='ltr'>et</span> <span class='ocrx_word' id='word_1_20' title='bbox 924 349 1146 393; x_wconf 82' lang='lat' dir='ltr'>miserator</span> <span class='ocrx_word' id='word_1_21' title='bbox 1164 357 1206 391; x_wconf 92' lang='lat' dir='ltr'>et</span> <span class='ocrx_word' id='word_1_22' title='bbox 1216 348 1356 407; x_wconf 87' lang='lat' dir='ltr'>justus</span> <span class='ocrx_word' id='word_1_23' title='bbox 1370 347 1578 392; x_wconf 87' lang='lat' dir='ltr'>Dominus</span> <span class='ocrx_word' id='word_1_24' title='bbox 1593 349 1721 391; x_wconf 87' lang='lat' dir='ltr'>Deus.</span> <span class='ocrx_word' id='word_1_25' title='bbox 1744 364 1766 388; x_wconf 80' lang='lat'>)›</span> 
     </span>
     <span class='ocr_line' id='line_1_4' title="bbox 386 416 1770 481; baseline -0.004 -15"><span class='ocrx_word' id='word_1_26' title='bbox 386 420 578 466; x_wconf 84' lang='lat' dir='ltr'>Delectat</span> <span class='ocrx_word' id='word_1_27' title='bbox 599 421 721 481; x_wconf 87' lang='lat' dir='ltr'>quod</span> <span class='ocrx_word' id='word_1_28' title='bbox 747 439 767 463; x_wconf 87' lang='lat'>«</span> <span class='ocrx_word' id='word_1_29' title='bbox 792 420 1030 465; x_wconf 83' lang='lat' dir='ltr'>Misericors</span> <span class='ocrx_word' id='word_1_30' title='bbox 1053 430 1096 465; x_wconf 92' lang='lat' dir='ltr'>et</span> <span class='ocrx_word' id='word_1_31' title='bbox 1117 419 1341 463; x_wconf 84' lang='lat' dir='ltr'>miserator</span> <span class='ocrx_word' id='word_1_32' title='bbox 1355 454 1367 474; x_wconf 88' lang='lat'>,</span> <span class='ocrx_word' id='word_1_33' title='bbox 1396 419 1504 462; x_wconf 87' lang='lat' dir='ltr'>»sed</span> <span class='ocrx_word' id='word_1_34' title='bbox 1524 427 1657 462; x_wconf 87' lang='lat' dir='ltr'>terret</span> <span class='ocrx_word' id='word_1_35' title='bbox 1678 416 1770 462; x_wconf 86' lang='lat' dir='ltr'>for-</span> 
     </span>
     <span class='ocr_line' id='line_1_5' title="bbox 384 488 1771 552; baseline -0.004 -16"><span class='ocrx_word' id='word_1_36' title='bbox 384 500 494 536; x_wconf 89' lang='lat' dir='ltr'>tasse</span> <span class='ocrx_word' id='word_1_37' title='bbox 510 491 631 552; x_wconf 89' lang='lat' dir='ltr'>quod</span> <span class='ocrx_word' id='word_1_38' title='bbox 654 510 675 533; x_wconf 85' lang='lat'>«</span> <span class='ocrx_word' id='word_1_39' title='bbox 705 493 853 534; x_wconf 88' lang='lat' dir='ltr'>Justus</span> <span class='ocrx_word' id='word_1_40' title='bbox 877 491 1086 535; x_wconf 88' lang='lat' dir='ltr'>Dominus</span> <span class='ocrx_word' id='word_1_41' title='bbox 1106 494 1235 534; x_wconf 90' lang='lat' dir='ltr'>Deus.</span> <span class='ocrx_word' id='word_1_42' title='bbox 1266 508 1287 531; x_wconf 90' lang='lat'>»</span> <span class='ocrx_word' id='word_1_43' title='bbox 1317 488 1446 535; x_wconf 90' lang='lat' dir='ltr'>Nulla</span> <span class='ocrx_word' id='word_1_44' title='bbox 1471 488 1771 548; x_wconf 83' lang='lat' dir='ltr'>desperatione</span> 
     </span>
     <span class='ocr_line' id='line_1_6' title="bbox 384 558 1772 620; baseline -0.004 -13"><span class='ocrx_word' id='word_1_45' title='bbox 384 560 615 615; x_wconf 86' lang='lat' dir='ltr'>formides,</span> <span class='ocrx_word' id='word_1_46' title='bbox 643 560 770 604; x_wconf 87' lang='lat' dir='ltr'>beate</span> <span class='ocrx_word' id='word_1_47' title='bbox 791 560 881 616; x_wconf 90' lang='lat' dir='ltr'>vir,</span> <span class='ocrx_word' id='word_1_48' title='bbox 906 561 984 620; x_wconf 87' lang='lat' dir='ltr'>qui</span> <span class='ocrx_word' id='word_1_49' title='bbox 1005 561 1130 606; x_wconf 90' lang='lat' dir='ltr'>times</span> <span class='ocrx_word' id='word_1_50' title='bbox 1152 560 1388 605; x_wconf 90' lang='lat' dir='ltr'>Dominum</span> <span class='ocrx_word' id='word_1_51' title='bbox 1421 568 1466 603; x_wconf 91' lang='lat' dir='ltr'>et</span> <span class='ocrx_word' id='word_1_52' title='bbox 1485 559 1532 602; x_wconf 91' lang='lat' dir='ltr'>in</span> <span class='ocrx_word' id='word_1_53' title='bbox 1556 558 1772 602; x_wconf 89' lang='lat' dir='ltr'>mandatis</span> 
     </span>
     <span class='ocr_line' id='line_1_7' title="bbox 386 628 1774 692; baseline -0.002 -17"><span class='ocrx_word' id='word_1_54' title='bbox 386 632 479 692; x_wconf 88' lang='lat' dir='ltr'>ejus</span> <span class='ocrx_word' id='word_1_55' title='bbox 501 630 619 676; x_wconf 91' lang='lat' dir='ltr'>voles</span> <span class='ocrx_word' id='word_1_56' title='bbox 640 629 766 674; x_wconf 89' lang='lat' dir='ltr'>nimis</span> <span class='ocrx_word' id='word_1_57' title='bbox 790 648 800 675; x_wconf 74' lang='grc' dir='ltr'>ι</span> <span class='ocrx_word' id='word_1_58' title='bbox 825 639 915 674; x_wconf 90' lang='lat' dir='ltr'>esto</span> <span class='ocrx_word' id='word_1_59' title='bbox 938 631 1095 686; x_wconf 89' lang='lat' dir='ltr'>suavis,</span> <span class='ocrx_word' id='word_1_60' title='bbox 1119 631 1346 685; x_wconf 86' lang='lat' dir='ltr'>miserere,</span> <span class='ocrx_word' id='word_1_61' title='bbox 1372 638 1416 673; x_wconf 90' lang='lat' dir='ltr'>et</span> <span class='ocrx_word' id='word_1_62' title='bbox 1436 628 1682 673; x_wconf 88' lang='lat' dir='ltr'>commoda.</span> <span class='ocrx_word' id='word_1_63' title='bbox 1708 631 1774 672; x_wconf 88' lang='lat' dir='ltr'>Ita</span> 
     </span>
     <span class='ocr_line' id='line_1_8' title="bbox 387 698 1774 761; baseline -0.001 -17"><span class='ocrx_word' id='word_1_64' title='bbox 387 702 504 745; x_wconf 89' lang='lat' dir='ltr'>enim</span> <span class='ocrx_word' id='word_1_65' title='bbox 518 702 661 761; x_wconf 85' lang='lat' dir='ltr'>justus</span> <span class='ocrx_word' id='word_1_66' title='bbox 684 709 748 745; x_wconf 86' lang='lat' dir='ltr'>est</span> <span class='ocrx_word' id='word_1_67' title='bbox 768 700 976 745; x_wconf 90' lang='lat' dir='ltr'>Dominus</span> <span class='ocrx_word' id='word_1_68' title='bbox 995 703 1107 745; x_wconf 90' lang='lat' dir='ltr'>Deus</span> <span class='ocrx_word' id='word_1_69' title='bbox 1125 736 1136 756; x_wconf 89' lang='lat'>,</span> <span class='ocrx_word' id='word_1_70' title='bbox 1162 709 1212 744; x_wconf 91' lang='lat' dir='ltr'>ut</span> <span class='ocrx_word' id='word_1_71' title='bbox 1225 699 1442 760; x_wconf 85' lang='lat' dir='ltr'>judicium</span> <span class='ocrx_word' id='word_1_72' title='bbox 1462 698 1525 743; x_wconf 89' lang='lat' dir='ltr'>illi</span> <span class='ocrx_word' id='word_1_73' title='bbox 1539 699 1629 743; x_wconf 88' lang='lat' dir='ltr'>sine</span> <span class='ocrx_word' id='word_1_74' title='bbox 1646 699 1774 742; x_wconf 87' lang='lat' dir='ltr'>mise-</span> 
     </span>
     <span class='ocr_line' id='line_1_9' title="bbox 387 769 1774 832; baseline -0.003 -16"><span class='ocrx_word' id='word_1_75' title='bbox 387 770 572 816; x_wconf 87' lang='lat' dir='ltr'>ricordia</span> <span class='ocrx_word' id='word_1_76' title='bbox 599 770 731 816; x_wconf 83' lang='lat' dir='ltr'>faciat</span> <span class='ocrx_word' id='word_1_77' title='bbox 749 805 760 827; x_wconf 90' lang='lat'>,</span> <span class='ocrx_word' id='word_1_78' title='bbox 790 772 867 832; x_wconf 90' lang='lat' dir='ltr'>qui</span> <span class='ocrx_word' id='word_1_79' title='bbox 894 786 984 815; x_wconf 91' lang='lat' dir='ltr'>non</span> <span class='ocrx_word' id='word_1_80' title='bbox 1014 769 1120 815; x_wconf 86' lang='lat' dir='ltr'>fecit</span> <span class='ocrx_word' id='word_1_81' title='bbox 1145 769 1511 815; x_wconf 78' lang='lat' dir='ltr'>misericordiam2</span> <span class='ocrx_word' id='word_1_82' title='bbox 1539 789 1548 814; x_wconf 73' lang='grc' dir='ltr'>ε</span> <span class='ocrx_word' id='word_1_83' title='bbox 1577 788 1594 810; x_wconf 87' lang='grc'>«</span> <span class='ocrx_word' id='word_1_84' title='bbox 1624 769 1774 814; x_wconf 86' lang='lat' dir='ltr'>Suavis</span> 
     </span>
     <span class='ocr_line' id='line_1_10' title="bbox 391 842 1775 902; baseline 0 -17"><span class='ocrx_word' id='word_1_85' title='bbox 391 860 412 884; x_wconf 87' lang='lat'>»</span> <span class='ocrx_word' id='word_1_86' title='bbox 448 850 594 886; x_wconf 90' lang='lat' dir='ltr'>autem</span> <span class='ocrx_word' id='word_1_87' title='bbox 614 842 709 898; x_wconf 78' lang='lat' dir='ltr'>vir,</span> <span class='ocrx_word' id='word_1_88' title='bbox 732 842 810 902; x_wconf 90' lang='lat' dir='ltr'>qui</span> <span class='ocrx_word' id='word_1_89' title='bbox 831 842 1057 886; x_wconf 90' lang='lat' dir='ltr'>miseretur</span> <span class='ocrx_word' id='word_1_90' title='bbox 1072 877 1083 897; x_wconf 94' lang='lat'>,</span> <span class='ocrx_word' id='word_1_91' title='bbox 1117 851 1161 886; x_wconf 89' lang='lat' dir='ltr'>et</span> <span class='ocrx_word' id='word_1_92' title='bbox 1181 843 1431 887; x_wconf 89' lang='lat' dir='ltr'>commodat</span> <span class='ocrx_word' id='word_1_93' title='bbox 1444 843 1459 866; x_wconf 75' lang='lat'><strong>3</strong></span> <span class='ocrx_word' id='word_1_94' title='bbox 1477 862 1489 899; x_wconf 76' lang='lat'>3</span> <span class='ocrx_word' id='word_1_95' title='bbox 1515 858 1536 882; x_wconf 85' lang='lat'>»</span> <span class='ocrx_word' id='word_1_96' title='bbox 1562 855 1652 885; x_wconf 90' lang='lat' dir='ltr'>non</span> <span class='ocrx_word' id='word_1_97' title='bbox 1673 854 1775 883; x_wconf 84' lang='lat' dir='ltr'>eum</span> 
     </span>
     <span class='ocr_line' id='line_1_11' title="bbox 389 911 1772 973; baseline -0.003 -15"><span class='ocrx_word' id='word_1_98' title='bbox 389 922 562 958; x_wconf 84' lang='lat' dir='ltr'>evomet</span> <span class='ocrx_word' id='word_1_99' title='bbox 581 916 696 958; x_wconf 92' lang='lat' dir='ltr'>Deus</span> <span class='ocrx_word' id='word_1_100' title='bbox 714 929 766 957; x_wconf 82' lang='lat' dir='ltr'>ex</span> <span class='ocrx_word' id='word_1_101' title='bbox 789 929 862 958; x_wconf 89' lang='lat' dir='ltr'>ore</span> <span class='ocrx_word' id='word_1_102' title='bbox 884 929 963 958; x_wconf 93' lang='lat' dir='ltr'>suo</span> <span class='ocrx_word' id='word_1_103' title='bbox 977 949 988 969; x_wconf 90' lang='lat'>,</span> <span class='ocrx_word' id='word_1_104' title='bbox 1014 923 1223 973; x_wconf 89' lang='lat' dir='ltr'>tanquam</span> <span class='ocrx_word' id='word_1_105' title='bbox 1240 914 1480 958; x_wconf 82' lang='lat' dir='ltr'>insuavem.</span> <span class='ocrx_word' id='word_1_106' title='bbox 1503 930 1522 953; x_wconf 92' lang='lat'>«.</span> <span class='ocrx_word' id='word_1_107' title='bbox 1546 911 1772 966; x_wconf 84' lang='lat' dir='ltr'>Dimittite,</span> 
     </span>
     <span class='ocr_line' id='line_1_12' title="bbox 392 981 1771 1043; baseline -0.003 -17"><span class='ocrx_word' id='word_1_108' title='bbox 392 1001 414 1026; x_wconf 87' lang='lat'>»</span> <span class='ocrx_word' id='word_1_109' title='bbox 448 983 608 1043; x_wconf 71' lang='lat' dir='ltr'>inquit,</span> <span class='ocrx_word' id='word_1_110' title='bbox 629 992 673 1027; x_wconf 93' lang='lat' dir='ltr'>et</span> <span class='ocrx_word' id='word_1_111' title='bbox 693 982 935 1027; x_wconf 84' lang='lat' dir='ltr'>dimittetur</span> <span class='ocrx_word' id='word_1_112' title='bbox 956 984 1077 1028; x_wconf 86' lang='lat' dir='ltr'>vobis</span> <span class='ocrx_word' id='word_1_113' title='bbox 1108 1003 1117 1028; x_wconf 87' lang='lat'><strong>:</strong></span> <span class='ocrx_word' id='word_1_114' title='bbox 1148 982 1269 1039; x_wconf 88' lang='lat' dir='ltr'>date,</span> <span class='ocrx_word' id='word_1_115' title='bbox 1296 993 1339 1027; x_wconf 92' lang='lat' dir='ltr'>et</span> <span class='ocrx_word' id='word_1_116' title='bbox 1365 982 1541 1026; x_wconf 89' lang='lat' dir='ltr'>dabitur</span> <span class='ocrx_word' id='word_1_117' title='bbox 1558 981 1727 1025; x_wconf 44' lang='lat' dir='ltr'>vobis&amp;</span> <span class='ocrx_word' id='word_1_118' title='bbox 1753 1000 1771 1022; x_wconf 92' lang='lat'>»</span> 
     </span>
     <span class='ocr_line' id='line_1_13' title="bbox 389 1051 1776 1114; baseline -0.004 -15"><span class='ocrx_word' id='word_1_119' title='bbox 389 1057 440 1099; x_wconf 86' lang='lat' dir='ltr'>In</span> <span class='ocrx_word' id='word_1_120' title='bbox 462 1069 513 1099; x_wconf 91' lang='lat' dir='ltr'>eo</span> <span class='ocrx_word' id='word_1_121' title='bbox 543 1054 663 1114; x_wconf 84' lang='lat' dir='ltr'>quod</span> <span class='ocrx_word' id='word_1_122' title='bbox 684 1054 890 1110; x_wconf 83' lang='lat' dir='ltr'>dimittis,</span> <span class='ocrx_word' id='word_1_123' title='bbox 915 1063 966 1098; x_wconf 92' lang='lat' dir='ltr'>ut</span> <span class='ocrx_word' id='word_1_124' title='bbox 986 1053 1230 1098; x_wconf 87' lang='lat' dir='ltr'>dimittatur</span> <span class='ocrx_word' id='word_1_125' title='bbox 1250 1053 1332 1097; x_wconf 86' lang='lat' dir='ltr'>tibi</span> <span class='ocrx_word' id='word_1_126' title='bbox 1348 1088 1360 1108; x_wconf 90' lang='lat'>,</span> <span class='ocrx_word' id='word_1_127' title='bbox 1385 1051 1594 1096; x_wconf 89' lang='lat' dir='ltr'>misereris</span> <span class='ocrx_word' id='word_1_128' title='bbox 1620 1070 1629 1095; x_wconf 88' lang='grc'>;</span> <span class='ocrx_word' id='word_1_129' title='bbox 1656 1051 1700 1094; x_wconf 91' lang='lat' dir='ltr'>in</span> <span class='ocrx_word' id='word_1_130' title='bbox 1725 1065 1776 1094; x_wconf 89' lang='lat' dir='ltr'>eo</span> 
     </span>
     <span class='ocr_line' id='line_1_14' title="bbox 388 1122 1777 1187; baseline -0.004 -17"><span class='ocrx_word' id='word_1_131' title='bbox 388 1126 510 1187; x_wconf 88' lang='lat' dir='ltr'>quod</span> <span class='ocrx_word' id='word_1_132' title='bbox 531 1124 606 1169; x_wconf 87' lang='lat' dir='ltr'>das</span> <span class='ocrx_word' id='word_1_133' title='bbox 621 1160 632 1181; x_wconf 88' lang='lat'>,</span> <span class='ocrx_word' id='word_1_134' title='bbox 658 1134 708 1169; x_wconf 94' lang='lat' dir='ltr'>ut</span> <span class='ocrx_word' id='word_1_135' title='bbox 724 1126 852 1169; x_wconf 90' lang='lat' dir='ltr'>detur</span> <span class='ocrx_word' id='word_1_136' title='bbox 874 1125 954 1169; x_wconf 88' lang='lat' dir='ltr'>tibi</span> <span class='ocrx_word' id='word_1_137' title='bbox 970 1159 981 1179; x_wconf 92' lang='lat'>,</span> <span class='ocrx_word' id='word_1_138' title='bbox 1000 1125 1265 1169; x_wconf 88' lang='lat' dir='ltr'>commodas.</span> <span class='ocrx_word' id='word_1_139' title='bbox 1286 1124 1492 1177; x_wconf 85' lang='lat' dir='ltr'>Quamvis</span> <span class='ocrx_word' id='word_1_140' title='bbox 1512 1122 1627 1166; x_wconf 90' lang='lat' dir='ltr'>enim</span> <span class='ocrx_word' id='word_1_141' title='bbox 1643 1136 1777 1180; x_wconf 88' lang='lat' dir='ltr'>gene-</span> 
     </span>
     <span class='ocr_line' id='line_1_15' title="bbox 388 1192 1777 1253; baseline -0.004 -12"><span class='ocrx_word' id='word_1_142' title='bbox 388 1196 467 1241; x_wconf 89' lang='lat' dir='ltr'>rali</span> <span class='ocrx_word' id='word_1_143' title='bbox 485 1196 660 1241; x_wconf 90' lang='lat' dir='ltr'>nomine</span> <span class='ocrx_word' id='word_1_144' title='bbox 683 1196 821 1240; x_wconf 88' lang='lat' dir='ltr'>omnis</span> <span class='ocrx_word' id='word_1_145' title='bbox 843 1194 1133 1239; x_wconf 81' lang='lat' dir='ltr'>misericordia</span> <span class='ocrx_word' id='word_1_146' title='bbox 1157 1194 1326 1238; x_wconf 89' lang='lat' dir='ltr'>dicatur</span> <span class='ocrx_word' id='word_1_147' title='bbox 1343 1229 1354 1249; x_wconf 95' lang='lat'>,</span> <span class='ocrx_word' id='word_1_148' title='bbox 1383 1209 1468 1253; x_wconf 89' lang='lat' dir='ltr'>qua</span> <span class='ocrx_word' id='word_1_149' title='bbox 1491 1193 1647 1237; x_wconf 90' lang='lat' dir='ltr'>misero</span> <span class='ocrx_word' id='word_1_150' title='bbox 1669 1192 1777 1235; x_wconf 88' lang='lat' dir='ltr'>sub-</span> 
     </span>
     <span class='ocr_line' id='line_1_16' title="bbox 388 1263 1778 1323; baseline -0.004 -12"><span class='ocrx_word' id='word_1_151' title='bbox 388 1267 563 1312; x_wconf 88' lang='lat' dir='ltr'>venitur</span> <span class='ocrx_word' id='word_1_152' title='bbox 588 1285 610 1311; x_wconf 80' lang='lat' dir='ltr'>z·</span> <span class='ocrx_word' id='word_1_153' title='bbox 632 1266 809 1310; x_wconf 90' lang='lat' dir='ltr'>interest</span> <span class='ocrx_word' id='word_1_154' title='bbox 832 1275 977 1310; x_wconf 88' lang='lat' dir='ltr'>tamen</span> <span class='ocrx_word' id='word_1_155' title='bbox 1012 1265 1090 1309; x_wconf 90' lang='lat' dir='ltr'>ubi</span> <span class='ocrx_word' id='word_1_156' title='bbox 1123 1280 1212 1309; x_wconf 90' lang='lat' dir='ltr'>non</span> <span class='ocrx_word' id='word_1_157' title='bbox 1240 1263 1454 1323; x_wconf 91' lang='lat' dir='ltr'>impendis</span> <span class='ocrx_word' id='word_1_158' title='bbox 1477 1298 1488 1318; x_wconf 86' lang='lat'>‚</span> <span class='ocrx_word' id='word_1_159' title='bbox 1523 1278 1602 1306; x_wconf 91' lang='lat' dir='ltr'>nec</span> <span class='ocrx_word' id='word_1_160' title='bbox 1625 1277 1778 1322; x_wconf 89' lang='lat' dir='ltr'>sump-</span> 
     </span>
     <span class='ocr_line' id='line_1_17' title="bbox 389 1331 1779 1397; baseline -0.004 -15"><span class='ocrx_word' id='word_1_161' title='bbox 389 1347 486 1383; x_wconf 91' lang='lat' dir='ltr'>tum</span> <span class='ocrx_word' id='word_1_162' title='bbox 526 1337 725 1397; x_wconf 85' lang='lat' dir='ltr'>pecuniae</span> <span class='ocrx_word' id='word_1_163' title='bbox 750 1371 761 1392; x_wconf 92' lang='lat'>,</span> <span class='ocrx_word' id='word_1_164' title='bbox 806 1352 886 1380; x_wconf 91' lang='lat' dir='ltr'>nec</span> <span class='ocrx_word' id='word_1_165' title='bbox 927 1335 1160 1395; x_wconf 89' lang='lat' dir='ltr'>corporalis</span> <span class='ocrx_word' id='word_1_166' title='bbox 1196 1334 1355 1378; x_wconf 87' lang='lat' dir='ltr'>laboris</span> <span class='ocrx_word' id='word_1_167' title='bbox 1393 1333 1677 1388; x_wconf 86' lang='lat' dir='ltr'>industriam,</span> <span class='ocrx_word' id='word_1_168' title='bbox 1702 1331 1779 1377; x_wconf 90' lang='lat' dir='ltr'>sed</span> 
     </span>
     <span class='ocr_line' id='line_1_18' title="bbox 390 1403 1779 1469; baseline -0.005 -16"><span class='ocrx_word' id='word_1_169' title='bbox 390 1407 655 1468; x_wconf 85' lang='lat' dir='ltr'>ignoscendo</span> <span class='ocrx_word' id='word_1_170' title='bbox 676 1407 798 1469; x_wconf 87' lang='lat' dir='ltr'>quod</span> <span class='ocrx_word' id='word_1_171' title='bbox 814 1408 860 1451; x_wconf 93' lang='lat' dir='ltr'>in</span> <span class='ocrx_word' id='word_1_172' title='bbox 874 1416 916 1451; x_wconf 88' lang='lat' dir='ltr'>te</span> <span class='ocrx_word' id='word_1_173' title='bbox 935 1407 1121 1467; x_wconf 87' lang='lat' dir='ltr'>quisque</span> <span class='ocrx_word' id='word_1_174' title='bbox 1139 1406 1334 1465; x_wconf 88' lang='lat' dir='ltr'>peccavit</span> <span class='ocrx_word' id='word_1_175' title='bbox 1348 1439 1359 1459; x_wconf 91' lang='lat'>,</span> <span class='ocrx_word' id='word_1_176' title='bbox 1382 1413 1426 1448; x_wconf 89' lang='lat' dir='ltr'>et</span> <span class='ocrx_word' id='word_1_177' title='bbox 1447 1413 1623 1448; x_wconf 89' lang='lat' dir='ltr'>tuorum</span> <span class='ocrx_word' id='word_1_178' title='bbox 1647 1403 1779 1462; x_wconf 87' lang='lat' dir='ltr'>gratis</span> 
     </span>
     <span class='ocr_line' id='line_1_19' title="bbox 388 1474 1779 1540; baseline -0.005 -16"><span class='ocrx_word' id='word_1_179' title='bbox 388 1495 611 1540; x_wconf 89' lang='lat' dir='ltr'>comparas</span> <span class='ocrx_word' id='word_1_180' title='bbox 634 1479 805 1523; x_wconf 87' lang='lat' dir='ltr'>veniam</span> <span class='ocrx_word' id='word_1_181' title='bbox 827 1486 1120 1538; x_wconf 87' lang='lat' dir='ltr'>peccatorum.</span> <span class='ocrx_word' id='word_1_182' title='bbox 1147 1479 1250 1520; x_wconf 87' lang='lat' dir='ltr'>Haec</span> <span class='ocrx_word' id='word_1_183' title='bbox 1264 1475 1354 1520; x_wconf 91' lang='lat' dir='ltr'>duo</span> <span class='ocrx_word' id='word_1_184' title='bbox 1376 1475 1657 1533; x_wconf 85' lang='lat' dir='ltr'>benignitatis</span> <span class='ocrx_word' id='word_1_185' title='bbox 1678 1474 1779 1518; x_wconf 83' lang='lat' dir='ltr'>offi-</span> 
     </span>
     <span class='ocr_line' id='line_1_20' title="bbox 388 1546 1780 1607; baseline -0.004 -13"><span class='ocrx_word' id='word_1_186' title='bbox 388 1551 475 1605; x_wconf 86' lang='lat' dir='ltr'>cia,</span> <span class='ocrx_word' id='word_1_187' title='bbox 505 1549 868 1607; x_wconf 82' lang='lat' dir='ltr'>ignoscendorum</span> <span class='ocrx_word' id='word_1_188' title='bbox 886 1557 1164 1607; x_wconf 86' lang='lat' dir='ltr'>peccatorum</span> <span class='ocrx_word' id='word_1_189' title='bbox 1186 1557 1229 1591; x_wconf 90' lang='lat' dir='ltr'>et</span> <span class='ocrx_word' id='word_1_190' title='bbox 1251 1546 1566 1590; x_wconf 86' lang='lat' dir='ltr'>beneficiorum</span> <span class='ocrx_word' id='word_1_191' title='bbox 1594 1561 1780 1604; x_wconf 88' lang='lat' dir='ltr'>erogan-</span> 
     </span>
     <span class='ocr_line' id='line_1_21' title="bbox 390 1615 1780 1678; baseline -0.004 -13"><span class='ocrx_word' id='word_1_192' title='bbox 390 1620 549 1666; x_wconf 86' lang='lat' dir='ltr'>dorum</span> <span class='ocrx_word' id='word_1_193' title='bbox 569 1654 580 1674; x_wconf 91' lang='lat'>,</span> <span class='ocrx_word' id='word_1_194' title='bbox 605 1619 715 1663; x_wconf 90' lang='lat' dir='ltr'>sicut</span> <span class='ocrx_word' id='word_1_195' title='bbox 729 1619 774 1662; x_wconf 89' lang='lat' dir='ltr'>in</span> <span class='ocrx_word' id='word_1_196' title='bbox 795 1617 1033 1676; x_wconf 87' lang='lat' dir='ltr'>Evangelio</span> <span class='ocrx_word' id='word_1_197' title='bbox 1047 1617 1167 1678; x_wconf 88' lang='lat' dir='ltr'>quod</span> <span class='ocrx_word' id='word_1_198' title='bbox 1187 1616 1644 1671; x_wconf 87' lang='lat' dir='ltr'>commemoravimus,</span> <span class='ocrx_word' id='word_1_199' title='bbox 1668 1634 1688 1657; x_wconf 90' lang='lat'>«</span> <span class='ocrx_word' id='word_1_200' title='bbox 1706 1615 1780 1659; x_wconf 92' lang='lat' dir='ltr'>Di-</span> 
     </span>
     <span class='ocr_line' id='line_1_22' title="bbox 392 1685 1776 1745; baseline -0.005 -11"><span class='ocrx_word' id='word_1_201' title='bbox 392 1709 414 1734; x_wconf 90' lang='lat'>»</span> <span class='ocrx_word' id='word_1_202' title='bbox 449 1690 607 1735; x_wconf 89' lang='lat' dir='ltr'>mittite</span> <span class='ocrx_word' id='word_1_203' title='bbox 623 1724 634 1745; x_wconf 88' lang='lat'>,</span> <span class='ocrx_word' id='word_1_204' title='bbox 659 1699 703 1733; x_wconf 93' lang='lat' dir='ltr'>et</span> <span class='ocrx_word' id='word_1_205' title='bbox 724 1688 963 1733; x_wconf 74' lang='lat' dir='ltr'>dimittetur</span> <span class='ocrx_word' id='word_1_206' title='bbox 980 1689 1103 1733; x_wconf 81' lang='lat' dir='ltr'>vobis</span> <span class='ocrx_word' id='word_1_207' title='bbox 1122 1708 1133 1745; x_wconf 75' lang='lat'>3</span> <span class='ocrx_word' id='word_1_208' title='bbox 1157 1687 1256 1731; x_wconf 85' lang='lat' dir='ltr'>date</span> <span class='ocrx_word' id='word_1_209' title='bbox 1271 1721 1283 1743; x_wconf 93' lang='lat'>,</span> <span class='ocrx_word' id='word_1_210' title='bbox 1309 1695 1353 1730; x_wconf 92' lang='lat' dir='ltr'>et</span> <span class='ocrx_word' id='word_1_211' title='bbox 1374 1686 1551 1731; x_wconf 81' lang='lat' dir='ltr'>dabitur</span> <span class='ocrx_word' id='word_1_212' title='bbox 1571 1685 1696 1731; x_wconf 89' lang='lat' dir='ltr'>vobis</span> <span class='ocrx_word' id='word_1_213' title='bbox 1717 1704 1726 1730; x_wconf 90' lang='lat'>:</span> <span class='ocrx_word' id='word_1_214' title='bbox 1755 1702 1776 1727; x_wconf 90' lang='lat'>»</span> 
     </span>
     <span class='ocr_line' id='line_1_23' title="bbox 391 1756 1780 1816; baseline -0.005 -10"><span class='ocrx_word' id='word_1_215' title='bbox 391 1762 450 1807; x_wconf 91' lang='lat' dir='ltr'>sic</span> <span class='ocrx_word' id='word_1_216' title='bbox 471 1762 518 1805; x_wconf 89' lang='lat' dir='ltr'>in</span> <span class='ocrx_word' id='word_1_217' title='bbox 537 1761 618 1806; x_wconf 89' lang='lat' dir='ltr'>isto</span> <span class='ocrx_word' id='word_1_218' title='bbox 640 1775 769 1805; x_wconf 92' lang='lat' dir='ltr'>versu</span> <span class='ocrx_word' id='word_1_219' title='bbox 785 1760 972 1804; x_wconf 84' lang='lat' dir='ltr'>arbitror</span> <span class='ocrx_word' id='word_1_220' title='bbox 995 1775 1084 1803; x_wconf 88' lang='lat' dir='ltr'>esse</span> <span class='ocrx_word' id='word_1_221' title='bbox 1107 1758 1309 1802; x_wconf 88' lang='lat' dir='ltr'>distincta</span> <span class='ocrx_word' id='word_1_222' title='bbox 1324 1792 1335 1813; x_wconf 89' lang='lat'>,</span> <span class='ocrx_word' id='word_1_223' title='bbox 1370 1776 1390 1799; x_wconf 89' lang='lat'>«</span> <span class='ocrx_word' id='word_1_224' title='bbox 1417 1757 1568 1801; x_wconf 85' lang='lat' dir='ltr'>Suavis</span> <span class='ocrx_word' id='word_1_225' title='bbox 1584 1757 1650 1801; x_wconf 90' lang='lat' dir='ltr'>vir</span> <span class='ocrx_word' id='word_1_226' title='bbox 1666 1791 1677 1812; x_wconf 83' lang='lat'>‚</span> <span class='ocrx_word' id='word_1_227' title='bbox 1703 1756 1780 1816; x_wconf 91' lang='lat' dir='ltr'>qui</span> 
     </span>
     <span class='ocr_line' id='line_1_24' title="bbox 395 1826 1780 1888; baseline -0.005 -11"><span class='ocrx_word' id='word_1_228' title='bbox 395 1851 416 1876; x_wconf 67' lang='lat' dir='ltr'>n</span> <span class='ocrx_word' id='word_1_229' title='bbox 450 1833 677 1877; x_wconf 87' lang='lat' dir='ltr'>miseretur</span> <span class='ocrx_word' id='word_1_230' title='bbox 698 1840 742 1875; x_wconf 90' lang='lat' dir='ltr'>et</span> <span class='ocrx_word' id='word_1_231' title='bbox 762 1830 1026 1875; x_wconf 88' lang='lat' dir='ltr'>commodat.</span> <span class='ocrx_word' id='word_1_232' title='bbox 1054 1848 1074 1872; x_wconf 65' lang='lat' dir='ltr'>n</span> <span class='ocrx_word' id='word_1_233' title='bbox 1100 1831 1163 1875; x_wconf 85' lang='lat' dir='ltr'>Ne</span> <span class='ocrx_word' id='word_1_234' title='bbox 1184 1828 1297 1888; x_wconf 80' lang='lat' dir='ltr'>pigri</span> <span class='ocrx_word' id='word_1_235' title='bbox 1319 1827 1374 1872; x_wconf 93' lang='lat' dir='ltr'>ad</span> <span class='ocrx_word' id='word_1_236' title='bbox 1392 1828 1485 1871; x_wconf 86' lang='lat' dir='ltr'>haec</span> <span class='ocrx_word' id='word_1_237' title='bbox 1506 1828 1636 1871; x_wconf 90' lang='lat' dir='ltr'>simus</span> <span class='ocrx_word' id='word_1_238' title='bbox 1652 1862 1664 1880; x_wconf 92' lang='lat'>,</span> <span class='ocrx_word' id='word_1_239' title='bbox 1689 1826 1780 1871; x_wconf 90' lang='lat' dir='ltr'>fra-</span> 
     </span>
     <span class='ocr_line' id='line_1_25' title="bbox 391 1898 1783 1962; baseline -0.005 -14"><span class='ocrx_word' id='word_1_240' title='bbox 391 1913 492 1949; x_wconf 88' lang='lat' dir='ltr'>tres.</span> <span class='ocrx_word' id='word_1_241' title='bbox 526 1902 719 1947; x_wconf 88' lang='lat' dir='ltr'>Gloriam</span> <span class='ocrx_word' id='word_1_242' title='bbox 751 1902 909 1962; x_wconf 86' lang='lat' dir='ltr'>quaerit</span> <span class='ocrx_word' id='word_1_243' title='bbox 930 1902 1007 1961; x_wconf 86' lang='lat' dir='ltr'>qui</span> <span class='ocrx_word' id='word_1_244' title='bbox 1033 1899 1248 1944; x_wconf 86' lang='lat' dir='ltr'>desiderat</span> <span class='ocrx_word' id='word_1_245' title='bbox 1270 1898 1481 1943; x_wconf 89' lang='lat' dir='ltr'>vindicari</span> <span class='ocrx_word' id='word_1_246' title='bbox 1513 1913 1557 1942; x_wconf 93' lang='lat' dir='ltr'>se</span> <span class='ocrx_word' id='word_1_247' title='bbox 1584 1917 1593 1943; x_wconf 90' lang='lat'>:</span> <span class='ocrx_word' id='word_1_248' title='bbox 1618 1898 1694 1942; x_wconf 88' lang='lat' dir='ltr'>sed</span> <span class='ocrx_word' id='word_1_249' title='bbox 1716 1906 1783 1942; x_wconf 88' lang='lat' dir='ltr'>at-</span> 
     </span>
     <span class='ocr_line' id='line_1_26' title="bbox 393 1968 1779 2033; baseline -0.005 -15"><span class='ocrx_word' id='word_1_250' title='bbox 393 1973 525 2019; x_wconf 90' lang='lat' dir='ltr'>tende</span> <span class='ocrx_word' id='word_1_251' title='bbox 554 1972 675 2033; x_wconf 85' lang='lat' dir='ltr'>quod</span> <span class='ocrx_word' id='word_1_252' title='bbox 703 1973 914 2031; x_wconf 89' lang='lat' dir='ltr'>scriptum</span> <span class='ocrx_word' id='word_1_253' title='bbox 935 1980 1028 2026; x_wconf 88' lang='lat' dir='ltr'>est,</span> <span class='ocrx_word' id='word_1_254' title='bbox 1068 1990 1085 2010; x_wconf 93' lang='lat'>«</span> <span class='ocrx_word' id='word_1_255' title='bbox 1112 1969 1267 2015; x_wconf 83' lang='lat' dir='ltr'>Melior</span> <span class='ocrx_word' id='word_1_256' title='bbox 1294 1978 1357 2013; x_wconf 93' lang='lat' dir='ltr'>est</span> <span class='ocrx_word' id='word_1_257' title='bbox 1380 1969 1456 2028; x_wconf 89' lang='lat' dir='ltr'>qui</span> <span class='ocrx_word' id='word_1_258' title='bbox 1476 1969 1611 2013; x_wconf 87' lang='lat' dir='ltr'>vincit</span> <span class='ocrx_word' id='word_1_259' title='bbox 1639 1968 1750 2012; x_wconf 89' lang='lat' dir='ltr'>iram</span> <span class='ocrx_word' id='word_1_260' title='bbox 1767 2002 1779 2023; x_wconf 95' lang='lat'>,</span> 
     </span>
     <span class='ocr_line' id='line_1_27' title="bbox 397 2038 1784 2105; baseline -0.005 -17"><span class='ocrx_word' id='word_1_261' title='bbox 397 2062 419 2088; x_wconf 90' lang='lat'>»</span> <span class='ocrx_word' id='word_1_262' title='bbox 453 2059 584 2105; x_wconf 85' lang='lat' dir='ltr'>quam</span> <span class='ocrx_word' id='word_1_263' title='bbox 606 2043 683 2103; x_wconf 86' lang='lat' dir='ltr'>qui</span> <span class='ocrx_word' id='word_1_264' title='bbox 703 2043 818 2101; x_wconf 82' lang='lat' dir='ltr'>capit</span> <span class='ocrx_word' id='word_1_265' title='bbox 840 2042 1058 2086; x_wconf 89' lang='lat' dir='ltr'>civitatem</span> <span class='ocrx_word' id='word_1_266' title='bbox 1072 2041 1103 2084; x_wconf 84' lang='lat'>⁵.</span> <span class='ocrx_word' id='word_1_267' title='bbox 1141 2060 1158 2081; x_wconf 90' lang='lat'>»</span> <span class='ocrx_word' id='word_1_268' title='bbox 1186 2039 1363 2084; x_wconf 91' lang='lat' dir='ltr'>Divitias</span> <span class='ocrx_word' id='word_1_269' title='bbox 1386 2038 1568 2098; x_wconf 83' lang='lat' dir='ltr'>quaerit,</span> <span class='ocrx_word' id='word_1_270' title='bbox 1593 2038 1670 2098; x_wconf 86' lang='lat' dir='ltr'>qui</span> <span class='ocrx_word' id='word_1_271' title='bbox 1693 2053 1784 2081; x_wconf 92' lang='lat' dir='ltr'>non</span> 
     </span>
     <span class='ocr_line' id='line_1_28' title="bbox 395 2110 1784 2174; baseline -0.006 -12"><span class='ocrx_word' id='word_1_272' title='bbox 395 2117 492 2162; x_wconf 85' lang='lat' dir='ltr'>vult</span> <span class='ocrx_word' id='word_1_273' title='bbox 509 2117 611 2160; x_wconf 87' lang='lat' dir='ltr'>dare</span> <span class='ocrx_word' id='word_1_274' title='bbox 633 2114 895 2174; x_wconf 84' lang='lat' dir='ltr'>pauperibus</span> <span class='ocrx_word' id='word_1_275' title='bbox 922 2132 931 2158; x_wconf 85' lang='lat'>:</span> <span class='ocrx_word' id='word_1_276' title='bbox 957 2111 1134 2156; x_wconf 87' lang='lat' dir='ltr'>attende</span> <span class='ocrx_word' id='word_1_277' title='bbox 1155 2110 1276 2171; x_wconf 87' lang='lat' dir='ltr'>quod</span> <span class='ocrx_word' id='word_1_278' title='bbox 1297 2111 1507 2169; x_wconf 86' lang='lat' dir='ltr'>scriptum</span> <span class='ocrx_word' id='word_1_279' title='bbox 1529 2118 1619 2164; x_wconf 87' lang='lat' dir='ltr'>est,</span> <span class='ocrx_word' id='word_1_280' title='bbox 1649 2127 1669 2150; x_wconf 88' lang='lat'>«</span> <span class='ocrx_word' id='word_1_281' title='bbox 1695 2111 1784 2153; x_wconf 89' lang='lat' dir='ltr'>Ha-</span> 
     </span>
     <span class='ocr_line' id='line_1_29' title="bbox 400 2179 1784 2239; baseline -0.007 -8"><span class='ocrx_word' id='word_1_282' title='bbox 400 2207 421 2230; x_wconf 85' lang='lat'>»</span> <span class='ocrx_word' id='word_1_283' title='bbox 457 2187 580 2231; x_wconf 84' lang='lat' dir='ltr'>bebis</span> <span class='ocrx_word' id='word_1_284' title='bbox 617 2187 867 2230; x_wconf 88' lang='lat' dir='ltr'>thesaurum</span> <span class='ocrx_word' id='word_1_285' title='bbox 899 2184 945 2227; x_wconf 89' lang='lat' dir='ltr'>in</span> <span class='ocrx_word' id='word_1_286' title='bbox 968 2182 1123 2228; x_wconf 64' lang='lat' dir='ltr'>coeloss.</span> <span class='ocrx_word' id='word_1_287' title='bbox 1153 2200 1172 2222; x_wconf 89' lang='lat'>»</span> <span class='ocrx_word' id='word_1_288' title='bbox 1208 2183 1306 2226; x_wconf 88' lang='lat' dir='ltr'>Non</span> <span class='ocrx_word' id='word_1_289' title='bbox 1344 2195 1448 2239; x_wconf 87' lang='lat' dir='ltr'>ergo</span> <span class='ocrx_word' id='word_1_290' title='bbox 1470 2180 1552 2223; x_wconf 90' lang='lat' dir='ltr'>eris</span> <span class='ocrx_word' id='word_1_291' title='bbox 1574 2179 1784 2238; x_wconf 90' lang='lat' dir='ltr'>inglorius</span> 
     </span>
     <span class='ocr_line' id='line_1_30' title="bbox 399 2250 1781 2318; baseline -0.007 -15"><span class='ocrx_word' id='word_1_292' title='bbox 399 2255 692 2318; x_wconf 80' lang='lat' dir='ltr'>ignoscend03</span> <span class='ocrx_word' id='word_1_293' title='bbox 714 2255 816 2316; x_wconf 88' lang='lat' dir='ltr'>quia</span> <span class='ocrx_word' id='word_1_294' title='bbox 843 2254 897 2298; x_wconf 90' lang='lat' dir='ltr'>de</span> <span class='ocrx_word' id='word_1_295' title='bbox 929 2254 991 2297; x_wconf 88' lang='lat' dir='ltr'>ira</span> <span class='ocrx_word' id='word_1_296' title='bbox 1015 2253 1128 2298; x_wconf 85' lang='lat' dir='ltr'>victa</span> <span class='ocrx_word' id='word_1_297' title='bbox 1161 2250 1424 2295; x_wconf 84' lang='lat' dir='ltr'>laudabilius</span> <span class='ocrx_word' id='word_1_298' title='bbox 1452 2251 1749 2309; x_wconf 88' lang='lat' dir='ltr'>triumphatur</span> <span class='ocrx_word' id='word_1_299' title='bbox 1771 2267 1781 2294; x_wconf 79' lang='lat' dir='ltr'><strong><em>z</em></strong></span> 
     </span>
    </p>
   </div>
   <div class='ocr_carea' id='block_1_3' title="bbox 398 2321 1783 2388">
    <p class='ocr_par' dir='ltr' id='par_1_3' title="bbox 398 2321 1783 2388">
     <span class='ocr_line' id='line_1_31' title="bbox 398 2321 1783 2388; baseline -0.008 -13"><span class='ocrx_word' id='word_1_300' title='bbox 398 2346 489 2376; x_wconf 89' lang='lat' dir='ltr'>non</span> <span class='ocrx_word' id='word_1_301' title='bbox 523 2344 684 2388; x_wconf 88' lang='lat' dir='ltr'>egenus</span> <span class='ocrx_word' id='word_1_302' title='bbox 714 2326 977 2384; x_wconf 64' lang='lat' dir='ltr'>tribuendo,</span> <span class='ocrx_word' id='word_1_303' title='bbox 1010 2325 1112 2385; x_wconf 87' lang='lat' dir='ltr'>quia</span> <span class='ocrx_word' id='word_1_304' title='bbox 1155 2324 1382 2368; x_wconf 86' lang='lat' dir='ltr'>thesaurus</span> <span class='ocrx_word' id='word_1_305' title='bbox 1411 2321 1598 2366; x_wconf 85' lang='lat' dir='ltr'>coelestis</span> <span class='ocrx_word' id='word_1_306' title='bbox 1626 2321 1783 2365; x_wconf 89' lang='lat' dir='ltr'>certius</span> 
     </span>
    </p>
   </div>
   <div class='ocr_carea' id='block_1_4' title="bbox 407 2428 1783 2537">
    <p class='ocr_par' dir='ltr' id='par_1_4' title="bbox 407 2428 1783 2537">
     <span class='ocr_line' id='line_1_32' title="bbox 451 2428 1783 2482; baseline -0.008 -10"><span class='ocrx_word' id='word_1_307' title='bbox 451 2446 463 2465; x_wconf 85' lang='lat'>¹</span> <span class='ocrx_word' id='word_1_308' title='bbox 486 2439 601 2482; x_wconf 82' lang='lat' dir='ltr'>EpheS.</span> <span class='ocrx_word' id='word_1_309' title='bbox 620 2449 655 2480; x_wconf 74' lang='lat' dir='ltr'>v,</span> <span class='ocrx_word' id='word_1_310' title='bbox 675 2437 706 2470; x_wconf 87' lang='lat'>8.</span> <span class='ocrx_word' id='word_1_311' title='bbox 727 2453 769 2459; x_wconf 86' lang='lat'>—-</span> <span class='ocrx_word' id='word_1_312' title='bbox 788 2435 928 2468; x_wconf 78' lang='lat' dir='ltr'>2Jacob.</span> <span class='ocrx_word' id='word_1_313' title='bbox 957 2447 991 2476; x_wconf 87' lang='lat'>11,</span> <span class='ocrx_word' id='word_1_314' title='bbox 1014 2434 1065 2467; x_wconf 78' lang='lat'>13.</span> <span class='ocrx_word' id='word_1_315' title='bbox 1085 2450 1128 2457; x_wconf 94' lang='lat'>—</span> <span class='ocrx_word' id='word_1_316' title='bbox 1147 2431 1161 2456; x_wconf 84' lang='lat'>3</span> <span class='ocrx_word' id='word_1_317' title='bbox 1175 2431 1255 2466; x_wconf 83' lang='lat' dir='ltr'>Psal.</span> <span class='ocrx_word' id='word_1_318' title='bbox 1275 2443 1338 2474; x_wconf 67' lang='lat' dir='ltr'>exn,</span> <span class='ocrx_word' id='word_1_319' title='bbox 1358 2431 1390 2464; x_wconf 87' lang='grc'>5.</span> <span class='ocrx_word' id='word_1_320' title='bbox 1410 2448 1452 2455; x_wconf 91' lang='lat'>—</span> <span class='ocrx_word' id='word_1_321' title='bbox 1469 2430 1484 2456; x_wconf 73' lang='grc'>4</span> <span class='ocrx_word' id='word_1_322' title='bbox 1499 2432 1577 2464; x_wconf 91' lang='lat' dir='ltr'>Luc.</span> <span class='ocrx_word' id='word_1_323' title='bbox 1599 2441 1647 2472; x_wconf 75' lang='lat' dir='ltr'>w,</span> <span class='ocrx_word' id='word_1_324' title='bbox 1661 2430 1715 2473; x_wconf 87' lang='lat'>37,</span> <span class='ocrx_word' id='word_1_325' title='bbox 1729 2428 1783 2463; x_wconf 83' lang='lat'>38.</span> 
     </span>
     <span class='ocr_line' id='line_1_33' title="bbox 407 2491 1150 2537; baseline -0.008 -8"><span class='ocrx_word' id='word_1_326' title='bbox 407 2513 449 2519; x_wconf 92' lang='lat'><strong>—</strong></span> <span class='ocrx_word' id='word_1_327' title='bbox 465 2494 480 2519; x_wconf 88' lang='lat'><strong><em>5</em></strong></span> <span class='ocrx_word' id='word_1_328' title='bbox 500 2499 593 2529; x_wconf 82' lang='lat' dir='ltr'>Prov.</span> <span class='ocrx_word' id='word_1_329' title='bbox 612 2506 679 2537; x_wconf 77' lang='lat' dir='ltr'>xvi,</span> <span class='ocrx_word' id='word_1_330' title='bbox 700 2494 754 2527; x_wconf 82' lang='lat'>32.</span> <span class='ocrx_word' id='word_1_331' title='bbox 773 2509 815 2516; x_wconf 88' lang='grc'>--</span> <span class='ocrx_word' id='word_1_332' title='bbox 833 2491 849 2516; x_wconf 87' lang='lat'><strong>6</strong></span> <span class='ocrx_word' id='word_1_333' title='bbox 873 2491 985 2525; x_wconf 76' lang='lat' dir='ltr'>Matth.</span> <span class='ocrx_word' id='word_1_334' title='bbox 1007 2503 1073 2534; x_wconf 82' lang='lat' dir='ltr'>xix,</span> <span class='ocrx_word' id='word_1_335' title='bbox 1094 2500 1150 2523; x_wconf 84' lang='lat'>21.</span> 
     </span>
    </p>
   </div>
  </div>
 </body>
</html>
