1848 3261
208 216 450 245 ENAnnAno
478 217 529 243 111
561 216 606 242 m
638 213 840 241 PsALMUM
871 214 969 250 0111,
1002 211 1141 241 SERMO
1174 216 1239 241 111.
1329 204 1411 242 155

34 299 56 324 »
90 280 245 325 domus
267 280 354 324 dux
387 289 450 323 est
475 294 712 338 passerum.
750 294 770 318 u
799 276 1004 330 Quamvis
1026 276 1074 319 in
1099 278 1237 321 cedris
1259 278 1414 323 Libani

31 351 257 395 nidificent
288 364 503 410 passeres,
528 364 618 393 non
646 357 793 391 tamen
821 345 939 390 cedri
966 345 1121 389 Libani
1144 347 1276 391 duces
1312 358 1414 392 sunt

31 436 266 480 passerum.
301 423 414 464 Ecce
435 419 706 463 satiabuntur
727 415 842 474 ligna
866 416 1007 475 campi
1022 450 1036 470 7
1059 432 1208 460 omnes
1232 417 1381 476 populi
1400 437 1408 462 :

33 501 77 536 et
111 491 230 536 cedri
262 491 419 534 Libani
445 490 740 542 satiabuntur,
770 503 876 547 quas
914 486 1126 546 plantavit
1166 489 1375 532 Dominus
1399 523 1410 542 ‚

32 577 182 606 omnes
199 562 367 605 nobiles
390 571 433 605 et
449 559 601 604 excelsi
619 557 782 602 fideles.
809 556 917 611 Illic,
941 557 987 600 id
1009 566 1088 611 est,
1114 558 1158 601 in
1179 558 1316 602 cedris
1339 559 1414 602 Li-

33 632 151 686 bani,
176 647 364 692 passeres
386 630 691 682 nidificabunt,
716 628 976 687 praebebunt
995 643 1133 671 ramos
1154 626 1416 672 facultatum

32 718 208 747 suarum
231 701 484 760 colligendis
506 700 684 745 minutis
705 699 982 758 spiritalibus.
1013 699 1215 743 Praebent
1236 701 1332 754 ista,
1355 700 1416 744 fa-

31 773 154 817 ciunt
174 773 268 816 haec
296 771 413 816 cedri
437 771 589 814 Libani
613 785 719 829 quas
741 768 954 829 plantavit
974 769 1212 827 Doniinus3
1248 769 1416 814 iaciunt

31 853 75 887 et
89 843 278 887 libenter
298 842 490 899 faciunt3
515 850 733 885 noverunt
753 839 862 899 quid
878 839 1055 894 faciant,
1075 850 1289 884 noverunt
1307 841 1415 900 quid

31 914 260 972 accipiant.
290 912 374 957 Sed
393 926 580 971 passeres
598 910 794 970 quamvis
816 911 860 953 in
883 910 1020 954 cedris
1043 909 1196 954 Libani
1214 910 1414 954 nidifica-

31 985 164 1038 bunt,
194 1002 216 1026 «
240 983 402 1027 Fuhcae
431 982 586 1026 domus
609 981 696 1025 dux
717 990 779 1024 est
802 996 968 1024 eorum.
1000 999 1019 1022 »
1053 984 1157 1033 Quae
1187 990 1250 1024 est
1272 980 1416 1026 fulicae

0 1107 4 1109 ‚
32 1053 222 1099 domus?
253 1053 404 1097 Fulica
421 1089 432 1107 ,
457 1052 568 1097 sicut
588 1066 739 1095 omnes
770 1051 995 1105 novimus,
1025 1051 1191 1094 marina
1213 1051 1302 1095 avis
1325 1060 1414 1104 est,

31 1124 100 1168 vel
131 1125 177 1168 in
207 1124 366 1182 stagnis
390 1133 478 1178 est,
504 1122 574 1166 vel
610 1121 655 1164 in
677 1121 784 1164 mari
807 1129 884 1164 est.
910 1122 1055 1164 Habet
1076 1121 1312 1181 quamdam
1335 1120 1417 1165 do-

32 1210 154 1239 mum
173 1210 263 1238 non
280 1193 406 1237 facile
428 1194 474 1236 in
490 1192 637 1236 littore
655 1181 804 1245 terrae]
831 1200 907 1234 aut
928 1206 1157 1250 nunquam
1174 1211 1184 1248 3
1204 1190 1281 1234 sed
1302 1191 1346 1234 in
1368 1191 1418 1234 iis

34 1281 134 1325 quae
155 1265 201 1308 in
222 1263 364 1307 media
387 1279 497 1323 aqua
519 1272 622 1307 sunt
645 1282 654 1307 :
679 1261 939 1321 plerumque
972 1276 1075 1319 ergo
1097 1262 1142 1304 in
1164 1262 1296 1320 petris
1314 1277 1418 1321 quas

34 1351 146 1396 aqua
170 1335 426 1379 circumdat.
455 1333 743 1391 Intelligimus
771 1347 872 1389 ergo
897 1341 1064 1390 petram
1101 1346 1190 1375 esse
1217 1331 1419 1376 idoneam

32 1404 178 1450 fulicae
199 1405 377 1449 domum
391 1439 401 1458 ‚
421 1419 637 1464 nusquam
655 1403 808 1446 fortius
832 1411 875 1445 et
891 1402 1056 1445 firmius
1079 1402 1265 1457 habitat,
1286 1418 1418 1462 quam

2 1523 9 1529 ‚
33 1478 79 1521 in
95 1486 233 1536 petra.
251 1479 303 1520 In
321 1475 440 1535 quali
458 1476 672 1534 petra?In
693 1474 801 1517 mari
822 1473 1071 1517 constituta.
1093 1475 1150 1517 Et
1166 1473 1200 1516 si
1222 1466 1422 1517 tunditur

34 1547 244 1592 fluctibus
264 1581 275 1601 ‚
299 1545 459 1603 frangit
480 1555 628 1589 tamen
650 1545 810 1589 fluctus
826 1579 836 1598 ‚
862 1559 951 1587 non
974 1542 1187 1601 frangitur
1207 1563 1217 1588 ι
1237 1545 1321 1588 hoc
1344 1545 1423 1587 ha-

34 1619 112 1662 bet
131 1632 338 1676 magnum
360 1627 482 1676 petra
503 1617 548 1659 in
569 1616 677 1659 mari
695 1615 944 1659 constituta.
962 1615 1123 1668 Quanti
1141 1615 1300 1659 fluctus
1318 1631 1424 1659 con-

36 1688 249 1733 tuderunt
266 1696 435 1746 petram
455 1695 662 1740 nostram,
678 1685 913 1730 Dominum
927 1685 1178 1730 Christum?
1195 1685 1299 1729 Elisi
1322 1696 1425 1730 sunt

37 1759 84 1802 in
111 1757 237 1802 illum
268 1756 432 1811 Judaei,
467 1756 530 1799 illi
559 1755 683 1799 fracti
714 1765 816 1809 sunt
835 1791 846 1810 ,
871 1755 944 1798 ille
981 1755 1149 1814 integer
1170 1756 1341 1799 mansit.
1367 1758 1425 1800 Et

37 1828 340 1888 unusquisque
371 1827 544 1871 imitans
567 1826 785 1870 Christum
800 1861 811 1880 ‚
836 1827 895 1869 ita
917 1826 970 1869 sit
990 1825 1036 1868 in
1057 1825 1138 1869 isto
1166 1825 1326 1870 saeculo
1343 1861 1354 1880 ‚
1380 1825 1426 1868 id

39 1907 126 1953 est,
145 1899 192 1941 in
213 1898 295 1941 isto
316 1897 450 1951 mari,
476 1897 553 1940 ubi
581 1912 670 1940 non
692 1905 832 1955 potest
854 1895 937 1939 nisi
958 1894 1166 1955 procellas
1189 1905 1425 1955 tempesta-

39 1979 191 2029 tesque
222 1968 380 2012 sentire
400 2003 410 2022 ,
450 1977 500 2011 ut
532 1966 642 2010 nulli
665 1976 795 2011 vento
819 1966 946 2011 cedat
961 2001 972 2021 ‚
998 1965 1109 2010 nulli
1133 1966 1316 2021 fluctui,
1351 1966 1428 2011 sed

41 2040 188 2085 omnia
209 2039 393 2098 excipiat
410 2074 421 2092 ,
447 2048 489 2082 et
508 2039 673 2096 integer
694 2047 882 2081 maneat.
904 2040 1020 2096 Ergo
1041 2035 1187 2081 fulicae
1209 2036 1363 2081 domus
1384 2046 1427 2080 et

41 2110 164 2156 fortis
186 2119 249 2154 est
269 2146 279 2165 ‚
305 2120 348 2154 et
366 2109 558 2154 humilis.
584 2113 680 2154 Non
705 2110 834 2154 habet
860 2108 1039 2153 domum
1063 2107 1197 2152 fulica
1218 2109 1262 2152 in
1284 2107 1427 2152 excel-

43 2183 98 2226 sis
120 2201 128 2226 :
154 2180 265 2224 nihil
284 2180 358 2224 illa
387 2181 518 2224 domo
536 2180 701 2224 firmius
718 2216 728 2234 ,
761 2190 803 2223 et
825 2180 937 2224 nihil
961 2179 1182 2224 humilius.
1211 2183 1261 2223 In
1291 2179 1428 2223 cedris

44 2251 223 2313 quidem
245 2251 471 2295 nidificant
492 2268 702 2311 passeres,
725 2261 901 2310 propter
925 2261 1181 2311 praesentem
1200 2252 1430 2295 necessita-

44 2331 133 2366 tem
155 2341 164 2366 2
184 2320 259 2365 sed
277 2331 443 2380 petram
465 2321 584 2365 illam
602 2322 766 2365 habent
789 2321 960 2375 ducem,
978 2338 1076 2382 quae
1094 2322 1301 2366 fluctibus
1324 2329 1430 2364 tun-

46 2391 179 2439 ditur,
206 2401 249 2435 et
270 2407 359 2434 non
378 2390 617 2449 frangitur3
640 2392 866 2435 imitantur
888 2392 1000 2435 enini
1021 2392 1180 2436 Christi
1198 2391 1427 2451 passiones.

47 2465 104 2506 Et
121 2462 154 2505 si
170 2461 283 2505 forte
306 2462 423 2506 cedri
448 2463 603 2506 Libani
622 2463 741 2506 iratae
765 2462 948 2518 fuerint,
974 2472 1016 2506 et
1039 2462 1201 2523 aliquid
1225 2461 1432 2506 molestiae

47 2530 118 2576 vel
139 2531 328 2577 scandali
350 2533 481 2578 servis
510 2533 586 2577 Dei
608 2533 653 2577 in
683 2532 811 2577 ramis
834 2533 920 2578 suis
946 2533 1287 2589 commoverint,
1309 2531 1432 2578 vola-
