1848 3261
256 260 497 289 ENARRAno
529 263 544 288 1
576 263 619 289 m
654 260 853 289 PsALMUM
887 262 984 299 clii,
1021 260 1158 289 SERMO
1192 265 1220 289 1.
1355 254 1436 291 113

58 327 172 371 enim
184 335 399 386 praecepta
412 327 458 370 in
474 325 647 371 duobus
660 326 884 386 praeceptis
896 334 1011 370 sunt.
1029 327 1230 386 Quisquis
1242 327 1439 372 dilexerit

58 401 196 442 Deum
230 407 273 442 et
304 397 579 457 proximum,
611 398 800 441 animam
831 397 964 441 habet
997 406 1253 456 pennatam,
1290 398 1437 442 liberis

59 468 158 523 alis,
193 478 339 513 sancto
377 484 522 513 amore
549 467 768 513 volantem
797 467 852 511 ad
884 469 1132 511 Dominum.
1168 467 1439 527 Quicumque

58 539 306 599 implicatur
339 555 484 584 amore
510 538 691 594 carnali,
726 539 891 582 viscum
913 539 1045 582 habet
1067 539 1112 581 in
1135 539 1297 597 pennis.
1331 542 1441 583 Nam

59 610 93 653 si
120 611 260 654 anima
284 626 373 654 non
394 611 528 654 habet
549 609 635 653 alas
669 618 711 653 et
731 624 894 668 pennas
912 644 922 662 ,
957 608 1077 652 unde
1105 607 1177 652 ille
1200 623 1373 666 gemens
1396 609 1440 653 in

59 680 412 725 tribulationibus
435 680 565 724 dicit:
599 699 616 719 «
639 680 740 732 Quis
763 679 886 722 dabit
913 679 1016 722 mihi
1040 694 1203 738 pennas
1232 679 1342 723 sicut
1371 695 1441 724 co-

63 769 84 793 »
117 750 315 794 lambac?
341 770 359 791 »
386 754 443 795 Et
464 750 684 810 sequitur:
715 753 807 794 «Et
828 749 1004 805 volabo,
1030 759 1073 794 et
1096 751 1401 811 requieseam1.
1418 771 1436 794 »

61 826 172 867 Item
197 821 280 865 alio
304 821 399 866 loco
427 842 434 866 :
465 841 484 863 «
509 824 605 874 Quo
635 822 707 865 ibo
741 838 763 865 a
794 821 946 881 spiritu
975 830 1074 876 tuo,
1102 831 1144 865 et
1171 839 1256 882 quo
1282 839 1301 867 a
1333 823 1441 867 facie

63 911 83 935 »
111 901 185 936 tua
208 891 408 950 fugiam?
433 892 475 936 Si
498 891 730 936 ascendero
752 892 796 934 in
824 891 984 935 ccelum
1001 927 1010 942 ,
1038 900 1085 934 tu
1111 892 1171 935 ibi
1199 908 1263 949 es3
1288 894 1321 937 si
1343 893 1442 937 des-

66 983 83 1004 »
119 962 305 1006 cendero
335 962 389 1006 ad
418 961 661 1016 infernum,
688 960 814 1006 ades:
845 962 879 1005 si
910 977 1114 1021 accepero
1144 978 1307 1021 pennas
1328 979 1444 1008 meas

64 1051 84 1075 »
119 1034 230 1077 sicut
264 1032 492 1087 columba,
532 1042 575 1076 et
609 1031 767 1076 volabo
794 1032 840 1075 in
872 1041 1061 1075 extrema
1084 1032 1250 1077 maris2.
1282 1054 1299 1075 »
1334 1038 1447 1078 Tan-

61 1119 190 1164 quam
216 1103 379 1147 diceret
401 1122 408 1147 ;
437 1103 502 1147 Sic
516 1117 691 1162 possum
714 1100 865 1160 fugere
894 1118 916 1145 a
948 1100 1057 1145 facie
1079 1102 1152 1145 irae
1182 1111 1294 1159 tuae,
1320 1104 1354 1147 si
1379 1121 1446 1149 ac-

62 1189 216 1232 cepero
238 1188 402 1232 pennas
424 1182 474 1216 ut
493 1171 717 1226 columba,
743 1180 786 1215 et
806 1171 1006 1216 volavero
1023 1172 1069 1215 in
1091 1182 1278 1217 extrema
1302 1176 1443 1219 maris.

12 1296 18 1297 ⁷
64 1247 117 1287 In
145 1252 332 1287 extrema
361 1242 490 1286 maris
526 1241 695 1296 volare,
731 1251 794 1286 est
822 1258 943 1302 spem
972 1244 1064 1302 jam
1099 1245 1369 1303 praetendere
1402 1246 1449 1291 in

63 1314 196 1358 finem
217 1313 385 1368 saeculi,
410 1312 631 1373 quomodo
655 1311 727 1356 ille
750 1313 828 1372 qui
850 1313 909 1357 ait
928 1332 936 1357 z
962 1332 981 1355 «
1004 1316 1096 1358 Hoc
1117 1314 1241 1359 labor
1263 1325 1325 1360 est
1347 1326 1447 1361 ante

66 1402 87 1425 »
121 1399 212 1439 me,
238 1384 378 1428 donec
398 1383 610 1427 introeam
634 1383 680 1426 iii
701 1384 991 1426 sanctuarium
1017 1384 1118 1439 Dei,
1147 1394 1190 1429 et
1210 1386 1446 1444 intelligam

70 1474 87 1497 »
124 1455 170 1498 in
191 1455 462 1499 novissima?
489 1474 507 1495 »
535 1457 591 1498 Et
624 1454 846 1513 quomodo
869 1454 989 1498 venit
1010 1454 1055 1498 in
1086 1465 1273 1501 extrema
1294 1459 1445 1514 maris,

65 1525 192 1569 etiam
218 1524 402 1584 acceptis
430 1524 611 1584 pennis?
637 1543 656 1565 «
677 1523 850 1567 Etenim
872 1523 998 1579 illuc,
1021 1524 1185 1585 inquit,
1206 1542 1359 1572 manus
1374 1538 1449 1573 tua

69 1612 89 1636 »
125 1593 312 1639 deducet
334 1609 428 1648 me,
461 1603 504 1637 et
531 1593 740 1653 perducet
773 1609 842 1637 me
877 1593 1050 1638 dextera
1080 1597 1195 1640 tua⁴.
1221 1616 1241 1638 »
1277 1600 1385 1643 Nam
1409 1609 1452 1643 et

67 1679 167 1709 cum
190 1664 342 1724 pennis
365 1664 467 1707 meis
490 1679 638 1707 casura
659 1680 776 1719 sum,
803 1664 883 1707 nisi
904 1674 953 1709 tu
976 1665 1180 1711 deducas.
1215 1671 1330 1727 Ergo
1363 1670 1450 1714 alas

65 1735 232 1780 habent
254 1736 389 1780 bonas
413 1744 456 1779 et
480 1735 636 1779 liberas
663 1744 706 1778 et
728 1735 850 1779 nullo
878 1736 995 1781 visco
1028 1737 1260 1796 obligatas,
1297 1742 1450 1785 animae

66 1807 179 1851 bene
222 1815 448 1866 operantes
484 1815 697 1866 praecepta
727 1807 828 1861 Dei,
865 1807 1074 1852 habentes
1109 1810 1363 1855 charitatem
1396 1812 1451 1856 de

69 1878 331 1922 conscientia
358 1893 466 1937 pura
494 1886 537 1920 et
560 1876 644 1920 fide
666 1893 755 1920 non
776 1877 916 1921 ficta5.
946 1877 1029 1922 Sed
1064 1882 1343 1939 quantumvis
1366 1883 1450 1927 sint

67 1947 261 2007 praeditae
285 1948 518 1992 virtutibus
542 1947 780 2002 charitatis,
808 1946 914 2007 quid
942 1947 998 1992 ad
1027 1948 1146 1994 illam
1171 1950 1449 1997 dilectionem

69 2019 167 2074 Dei,
189 2035 274 2080 qua
297 2029 397 2063 sunt
419 2018 603 2073 dilectae,
629 2018 756 2062 etiam
774 2034 874 2062 cuni
890 2019 1006 2064 visco
1031 2031 1172 2065 essent
1192 2022 1450 2083 implicatae?

69 2092 208 2150 Major
229 2107 331 2149 ergo
364 2090 410 2134 in
442 2106 519 2134 nos
548 2089 721 2134 dilectio
759 2090 857 2145 Dei,
897 2107 1027 2151 quam
1051 2102 1196 2137 nostra
1226 2095 1270 2138 in
1303 2094 1444 2140 illum.

67 2163 221 2206 Nostra
243 2160 417 2205 dilectio
438 2176 593 2220 pennae
616 2169 773 2204 nosti'ae
795 2170 896 2205 sunt
915 2181 923 2205 :
943 2161 1018 2207 sed
1039 2162 1111 2207 ille
1133 2183 1152 2206 «
1177 2164 1386 2210 Ambulat
1407 2176 1450 2211 et

72 2250 93 2274 >i
128 2248 255 2291 super
276 2247 438 2291 pennas
459 2241 705 2276 ventorum.
735 2251 754 2272 »

128 2304 246 2346 XIV.
272 2305 369 2346 Jam
389 2302 559 2346 dicebat
581 2301 843 2362 quibusdam
864 2304 1097 2363 Apostolus
1125 2325 1133 2350 :
1164 2325 1183 2348 ‹<
1205 2306 1354 2352 Flecto
1375 2324 1449 2367 ge-

77 2392 95 2415 »
130 2388 218 2416 nua
240 2388 333 2417 mea
355 2388 433 2432 pro
453 2373 576 2416 vobis
599 2372 653 2416 ad
676 2376 872 2428 Patrem,
895 2383 944 2418 ut
970 2375 1043 2419 det
1063 2376 1186 2420 vobis
1207 2379 1449 2423 secundum

75 2461 96 2485 »
130 2444 377 2488 interiorem
409 2443 630 2487 hominem
660 2443 857 2487 habitare
891 2445 1112 2491 Christum
1147 2463 1223 2507 pei·
1253 2449 1383 2493 fidem
1405 2450 1451 2494 in

122 2546 132 2563 ¹
153 2540 233 2573 Psal.
259 2551 332 2583 mv,
352 2552 382 2583 7.
400 2558 441 2563 —-
462 2548 474 2563 ²
493 2541 540 2573 Id.
559 2551 698 2572 cxxxviii
714 2565 722 2581 ,
739 2550 833 2582 7-10.
851 2557 892 2563 -
919 2538 995 2573 3121.
1014 2553 1095 2575 Lxxii
1109 2568 1118 2585 ‚
1140 2544 1199 2586 16,
1230 2555 1280 2586 17.
1300 2561 1342 2568 —-
1357 2543 1373 2575 4
1398 2547 1445 2579 Ll.

74 2606 226 2637 cxxxviii,
248 2607 299 2629 ιο.
320 2594 391 2619 -5
409 2608 421 2628 1
442 2597 559 2637 Tiii1.i,
576 2595 607 2628 5.

236 2660 390 2690 cxviii.
1276 2657 1301 2696 8
