1848 3261
474 254 715 284 ENAnnAno
745 257 791 283 ΙΝ
823 253 1026 283 PsALMUM
1057 258 1140 284 ειν.
1389 248 1471 289 195

92 337 194 367 cum
213 320 310 365 filiis
341 320 426 365 suis
459 322 661 366 transiret
694 322 830 366 Jacob
858 341 868 366 ι
892 321 1013 381 quod
1049 320 1308 381 intelligitur
1344 325 1391 369 in
1421 341 1474 371 eo

91 399 506 446 commemoratum,
539 391 660 452 quod
699 391 758 435 ait
783 410 791 436 :
821 410 841 433 «
870 392 1150 435 Transierunt
1183 391 1237 436 de
1270 403 1398 451 gente
1429 396 1476 440 in

94 479 116 503 »
152 469 353 520 gentem,
389 460 444 504 de
478 476 612 520 regno
643 462 688 505 in
722 460 934 520 populum
969 460 1170 505 alterum.
1199 480 1219 503 »
1257 463 1341 507 Sed
1375 466 1477 524 quia

91 532 347 578 occurrebat
367 548 586 593 quaerere,
612 541 848 593 antequam
869 533 1102 577 transirent
1133 542 1177 577 et
1206 533 1253 577 in
1280 537 1474 595 AEgypto

91 603 502 663 multiplicarentur,
527 602 750 664 quomodo
772 619 956 648 numero
978 604 1130 648 breves
1146 639 1157 660 ,
1178 606 1421 664 paucissimi
1435 616 1478 651 et

91 673 247 718 incolae
268 674 315 717 in
335 673 474 718 aliena
495 683 606 718 terra
628 673 863 733 perdurare
893 683 1134 734 potuerunt
1161 695 1169 720 ε
1202 685 1374 720 secutus
1404 678 1479 722 ad-

86 744 232 804 junxit
252 763 261 788 :
287 763 308 786 «
326 746 424 789 Non
443 745 637 804 permisit
657 745 882 789 hominem
907 760 1065 789 nocere
1087 746 1170 801 eis,
1191 755 1234 791 et
1267 749 1478 807 corripuit

94 832 116 857 »
151 830 230 874 pro
253 814 312 858 eis
329 830 465 873 regeS.
490 815 633 860 Nolite
654 824 832 875 tangere
849 815 1042 861 Christos
1069 832 1211 872 meos,
1238 827 1280 861 et
1307 819 1352 862 in
1376 823 1480 864 Pro-

94 903 115 926 »
149 885 290 944 phetis
311 885 416 928 meis
431 883 568 929 nolite
590 886 836 945 malignari.
864 905 883 927 »

149 958 206 1000 X.
249 959 397 999 Potest
440 965 585 1000 autem
629 957 783 1001 merito
829 972 1003 1001 movere
1053 958 1277 1017 quomodo
1320 958 1483 1006 fuerint

90 1027 253 1072 Christi
274 1026 504 1086 appellati,
532 1037 766 1087 antequam
792 1037 900 1070 esset
922 1027 1071 1071 unctio
1087 1064 1098 1082 ,
1123 1044 1174 1072 ex
1195 1046 1282 1089 qua
1298 1031 1382 1076 hoc
1406 1049 1485 1077 uo-

91 1112 194 1141 men
222 1097 474 1157 impositum
506 1107 569 1140 est
605 1098 778 1153 regibus
805 1116 813 1141 :
849 1096 969 1156 quod
997 1113 1020 1140 a
1046 1099 1174 1142 Saiile
1211 1102 1370 1160 coepit,
1410 1104 1480 1147 cui

92 1166 231 1211 David
251 1167 455 1212 successit
468 1166 514 1209 in
531 1181 688 1224 regno,
709 1176 839 1226 atque
860 1166 963 1210 inde
979 1168 1124 1212 caeteri
1141 1178 1185 1213 et
1208 1186 1326 1229 reges
1354 1175 1378 1217 J
1382 1173 1480 1217 udae

91 1245 136 1280 et
162 1252 282 1295 reges
314 1235 446 1280 Israe'l
477 1236 805 1280 continuatione
840 1247 1016 1280 sacratae
1044 1240 1372 1286 consuetudinis
1394 1259 1481 1287 un-

92 1306 361 1366 guebantur:
378 1306 424 1349 in
445 1322 531 1366 qua
554 1308 760 1351 unctione
778 1308 1051 1366 figurabatur
1072 1325 1185 1353 unus
1202 1326 1327 1355 verus
1340 1314 1483 1359 Chris-

91 1387 162 1423 tus
181 1413 192 1433 ,
222 1377 294 1422 cui
322 1376 490 1422 dictum
517 1387 581 1421 est
607 1397 615 1422 :
647 1397 666 1419 «
693 1378 824 1423 Unxit
857 1388 899 1422 te
935 1383 1073 1435 Deus,
1098 1384 1213 1425 Deus
1246 1392 1348 1428 tuus
1381 1385 1478 1432 oleo

95 1467 117 1491 n
151 1447 430 1493 exultationis
450 1463 540 1507 prae
554 1448 840 1508 participibus
864 1450 984 1493 tuis1.
1007 1453 1169 1496 »Unde
1192 1469 1294 1511 ergo
1313 1454 1376 1499 illi
1391 1457 1482 1515 jam

92 1528 200 1564 tunc
226 1518 386 1564 Christi
414 1517 779 1577 appellabantur?
808 1522 916 1565 Nam
953 1522 1190 1580 Prophetas
1221 1539 1293 1569 eos
1321 1524 1478 1583 fuisse,

91 1590 273 1650 legimus
295 1590 350 1634 de
371 1589 594 1634 Abraham
619 1610 628 1635 :
663 1599 706 1634 et
727 1591 902 1651 utique,
928 1591 1049 1652 quod
1081 1591 1136 1637 de
1157 1593 1232 1639 illo
1254 1597 1481 1643 manifeste

92 1662 257 1706 dictum
288 1670 373 1715 est,
408 1661 492 1705 hoc
525 1669 569 1704 et
601 1660 656 1704 de
687 1660 771 1705 illis
798 1661 1131 1721 intelligendum
1163 1674 1240 1709 est.
1278 1671 1348 1710 An
1381 1668 1481 1715 ideo

92 1731 279 1787 Christi,
314 1731 417 1792 quia
457 1731 622 1775 etiamsi
659 1730 870 1784 latenter,
907 1733 996 1792 jam
1041 1742 1184 1778 tamen
1219 1737 1481 1785 Christiani?

93 1802 296 1856 Quamvis
317 1802 434 1846 enim
461 1817 560 1846 caro
591 1802 750 1847 Christi
772 1818 823 1846 ex
850 1802 958 1858 illis,
988 1813 1136 1849 tamen
1158 1807 1354 1853 Christus
1378 1821 1478 1856 ante

92 1871 219 1918 illos:
250 1871 373 1932 quod
397 1881 441 1916 et
467 1872 630 1916 Judaeis
664 1871 887 1932 respondit
917 1892 926 1918 ε
960 1874 1106 1919 dicens
1138 1894 1147 1921 :
1182 1895 1203 1919 ‹<
1230 1881 1479 1940 Antequam

95 1962 117 1986 »
152 1944 373 1989 Abraham
406 1944 553 1998 fieret,
589 1959 670 2003 ego
697 1959 794 1988 sum
806 1948 838 1987 2.
868 1962 888 1996 η
914 1945 1146 1998 Quomodo
1181 1958 1328 1995 autem
1360 1952 1480 1999 hunc

93 2014 157 2060 illi
177 2015 444 2074 ignorarent,
469 2023 545 2058 aut
563 2015 607 2058 in
625 2031 724 2059 eum
746 2031 835 2059 non
853 2015 1106 2076 crederent,
1130 2034 1229 2064 cum
1251 2033 1479 2082 propterea

93 2085 325 2144 Prophetae
350 2084 615 2139 dicerentur,
646 2085 747 2144 quia
768 2083 870 2130 licet
897 2086 1108 2132 occultius
1125 2124 1136 2144 ,
1161 2099 1308 2135 tamen
1329 2096 1480 2140 Domi-

93 2170 201 2199 num
222 2154 610 2214 praenuntiabant?
633 2155 758 2199 Unde
780 2165 926 2215 aperte
941 2157 1032 2216 ipse
1054 2158 1159 2204 dicit
1181 2180 1189 2205 :
1218 2180 1238 2204 «
1258 2163 1479 2210 Abraham

97 2243 118 2267 »
139 2225 392 2285 concupivit
414 2224 564 2268 videre
581 2225 697 2268 diem
721 2241 884 2280 meum,
907 2236 949 2271 et
963 2227 1073 2272 vidit
1085 2239 1128 2273 et
1150 2233 1318 2289 gavisus
1340 2237 1438 2279 estss.
1457 2255 1476 2278 »

93 2298 192 2341 Non
205 2297 321 2340 enim
338 2295 568 2355 quisquam
582 2305 740 2354 praeter
756 2296 881 2340 istam
899 2297 1046 2354 fidem,
1061 2316 1160 2360 quae
1175 2312 1237 2347 est
1248 2303 1294 2347 in
1308 2305 1480 2352 Christo

95 2370 220 2422 Jesu,
238 2369 326 2412 sive
349 2375 448 2410 ante
470 2367 560 2426 ejus
581 2366 925 2411 incarnationem
944 2404 954 2423 ‚
976 2370 1064 2414 sive
1084 2381 1230 2429 postea
1247 2408 1257 2427 ,
1283 2377 1480 2421 reconci-

95 2438 224 2483 liatus
245 2446 308 2481 est
323 2443 408 2481 Deo
425 2456 433 2481 :
451 2452 551 2480 cum
563 2436 617 2480 sit
636 2436 690 2480 al)
709 2438 916 2496 Apostolo
935 2441 1201 2486 veracissime
1216 2443 1446 2492 definitum
1467 2468 1476 2493 ε

145 2553 155 2570 ¹
171 2546 253 2579 Psal.
273 2555 359 2586 μιν,
382 2544 412 2576 8.
435 2561 476 2566 -
497 2551 511 2566 ²
530 2545 621 2576 Joan
645 2556 710 2585 vni,
731 2544 782 2576 58.
801 2562 841 2567 —-
862 2543 875 2568 3
892 2546 973 2579 Ibid.
990 2548 1043 2580 56.

1253 2617 1317 2656 13.
