1848 3261
340 234 424 273 220
741 241 776 271 s.
811 241 1042 272 Aueus'rrm
1073 244 1255 272 muscom

339 327 436 367 ces,
466 325 576 371 quos
598 310 806 371 inspicere
828 311 978 371 potui,
1009 320 1051 355 et
1074 310 1202 370 graeci
1225 319 1268 356 et
1288 310 1411 356 latini
1434 311 1493 355 sic
1521 309 1687 354 habent
1708 327 1719 354 z

343 403 364 426 «
397 386 455 428 Et
470 382 764 438 irritaverunt,
784 401 804 423 »
829 382 897 427 vel
912 383 1030 443 quod
1044 382 1282 442 expressius
1297 382 1351 426 de
1373 397 1513 441 graeco
1529 390 1591 425 est
1608 399 1617 424 ε
1636 382 1723 423 «Et

341 473 362 497 »
399 454 758 510 amaricaverunt,
778 453 1057 498 ascendentes
1078 454 1124 497 in
1141 454 1294 498 Rubro
1316 453 1439 497 mari.
1459 471 1480 494 η
1498 452 1583 506 Qui
1604 449 1723 495 illam

338 526 444 586 legit
459 525 704 580 historiam,
730 525 907 584 quando
929 525 1127 569 exierunt
1150 524 1204 569 de
1218 527 1428 583 AEgypto,
1451 533 1493 568 et
1513 539 1590 583 per
1606 536 1725 566 mare

338 597 542 642 Rubrum
555 599 834 651 transierunt,
856 595 975 640 dolet
992 612 1143 641 eorum
1159 595 1478 650 infidelitatem,
1498 595 1545 637 in
1562 601 1725 655 quanta

338 668 628 728 trepidatione
650 675 692 710 et.
717 667 1017 726 desperatione
1038 667 1228 723 fuerint,
1262 676 1360 727 post
1381 666 1572 710 recentia
1593 673 1660 709 tot
1683 673 1727 708 et

338 748 458 783 tanta
480 736 688 781 miracula
712 737 757 780 in
779 740 972 797 AEgypto
995 757 1003 782 :
1026 739 1149 798 cujus
1166 736 1460 782 multitudinis
1483 736 1725 780 misericor-

339 807 422 851 diae
443 807 519 851 Dei
536 821 625 850 non
648 821 719 851 eos
736 807 868 851 fuisse
885 822 1098 852 memores
1113 807 1234 852 dicit.
1257 827 1273 850 α
1289 806 1592 852 Ascenderunt
1608 823 1628 847 »
1650 820 1729 849 au-

340 887 449 933 tem,
471 886 701 937 propterea
723 876 889 922 dictum
912 888 997 937 est,
1030 879 1132 939 quia
1154 879 1213 923 ita
1236 888 1299 923 est
1322 888 1448 922 terrae
1471 876 1626 937 positio
1642 911 1652 931 ,
1678 884 1730 920 ut

340 949 561 992 descensio
582 947 750 992 dicatur
766 948 811 992 in
825 952 1067 1008 AEgyptum
1084 948 1139 994 de
1155 959 1268 993 terra
1282 949 1506 1002 Chanaan,
1521 957 1563 992 et
1575 948 1620 990 in
1634 961 1729 990 eam

340 1019 458 1063 illinc
480 1019 687 1064 ascensio.
715 1019 967 1064 Notandum
991 1029 1054 1063 est
1076 1035 1177 1064 sane
1199 1018 1572 1080 quemadmodum
1588 1018 1732 1077 Scrip-

345 1098 438 1134 tura
461 1089 638 1149 culpare
659 1089 863 1143 voluerit,
883 1104 974 1134 non
990 1089 1231 1148 intelligere
1253 1089 1374 1150 quod
1394 1088 1731 1148 intelligendum

343 1169 422 1216 est,
437 1169 480 1204 et
492 1176 581 1204 non
595 1159 840 1203 meminisse
855 1159 975 1219 quod
991 1161 1201 1205 memoria
1217 1159 1495 1204 retinendum
1509 1168 1592 1204 est:
1611 1158 1732 1219 quod

343 1232 539 1276 homines
563 1247 650 1275 suae
673 1229 814 1290 culpae
836 1230 1036 1291 deputari
1060 1231 1233 1287 nolunt,
1252 1231 1305 1275 ad
1320 1230 1430 1274 nihil
1451 1229 1571 1274 aliud
1590 1230 1668 1273 nisi
1683 1238 1734 1273 ut

345 1301 488 1345 minus
522 1301 790 1360 supplicent,
826 1301 1057 1361 minusque
1080 1302 1165 1345 sint
1185 1301 1371 1345 humiles
1391 1304 1505 1354 Deo,
1535 1300 1582 1343 in
1609 1301 1734 1359 cujus

345 1381 583 1432 conspectu
603 1373 896 1416 confiteantur
917 1372 1038 1432 quod
1059 1382 1176 1427 sunt,
1199 1381 1330 1433 atque
1351 1372 1582 1431 impetrato
1606 1370 1734 1430 adju-

345 1444 456 1488 torio
474 1443 639 1503 possint
655 1459 743 1487 esse
764 1442 884 1503 quod
899 1459 988 1487 non
1001 1453 1117 1487 sunt.
1134 1445 1241 1489 Nam
1261 1443 1392 1486 etiam
1409 1450 1587 1502 peccata
1607 1442 1734 1499 igno-

346 1514 499 1558 rantiae
516 1513 585 1557 vel
599 1513 877 1573 negligentiae
891 1513 1044 1558 melius
1061 1522 1318 1559 accusantur
1332 1522 1383 1557 ut
1395 1522 1589 1572 pereant,
1603 1528 1736 1572 quam

350 1595 610 1631 excusantur
644 1595 693 1630 ut
720 1595 947 1637 maneant3
982 1586 1224 1648 meliusque
1257 1594 1502 1646 purgantur
1536 1585 1736 1630 invocato

350 1659 441 1702 Deo
455 1693 466 1712 ,
491 1673 623 1718 quam
646 1658 874 1702 firmantur
894 1657 1076 1702 irritato.

408 1730 532 1772 VIII.
559 1728 770 1788 Adjungit
793 1736 942 1772 tamen
959 1744 1048 1772 non
1066 1727 1308 1771 secundum
1332 1742 1482 1772 eorum
1504 1725 1738 1771 infidelita-

351 1807 440 1843 tem
458 1801 598 1843 Deum
620 1798 784 1843 fecisse.
806 1801 894 1843 «Et
909 1797 1087 1843 salvavit
1100 1813 1186 1853 eos,
1202 1797 1361 1858 inquit,
1376 1807 1556 1858 propter
1577 1813 1738 1842 nomen

354 1887 375 1910 »
411 1884 554 1924 suum,
573 1877 621 1913 ut
635 1878 783 1913 notam
798 1868 958 1912 faceret
971 1869 1210 1929 potentiam
1225 1883 1347 1913 suam
1360 1870 1374 1894 1
1391 1883 1400 1910 ι
1417 1886 1436 1909 »
1455 1883 1544 1913 non
1561 1877 1739 1928 propter

352 1938 441 1983 ulla
460 1939 575 1983 bona
597 1939 749 1983 merita
773 1954 939 1983 eorum.

411 2012 488 2054 IX.
512 2029 530 2052 «
548 2013 606 2054 Et
625 2010 864 2070 increpavit
883 2025 1002 2054 mare
1019 2009 1237 2064 Rubrum,
1254 2018 1296 2053 et
1314 2009 1574 2054 exsiccatum
1591 2010 1695 2053 est2.
1714 2026 1735 2050 »

355 2083 453 2127 Non
474 2080 657 2140 legimus
678 2081 836 2135 ullam,
856 2097 941 2141 qua
964 2081 1262 2140 increparetur
1278 2095 1412 2131 mare,
1437 2080 1635 2123 emissam
1648 2095 1740 2124 coe-

355 2153 459 2197 litus
479 2168 631 2197 vocem
656 2172 664 2197 ε
690 2153 765 2197 sed
795 2152 1036 2212 potentiam
1058 2151 1247 2196 divinam
1275 2168 1361 2211 qua
1394 2151 1440 2195 id
1461 2149 1626 2195 factum
1654 2160 1738 2207 est,

357 2223 695 2282 increpationem
720 2222 954 2282 appellavit
972 2242 980 2267 2
997 2222 1076 2266 nisi
1090 2221 1202 2266 forte
1216 2222 1311 2282 quis
1334 2221 1450 2265 dicat
1467 2221 1651 2266 latenter
1672 2222 1740 2265 in-

359 2303 600 2354 crepatum,
617 2295 675 2338 sic
697 2303 747 2337 ut
769 2310 881 2354 aqua
904 2303 1047 2353 posset
1069 2292 1234 2348 audire,
1257 2302 1300 2337 et
1323 2293 1521 2337 homines
1541 2308 1630 2337 non
1648 2308 1744 2353 pos-

358 2374 467 2409 sent.
495 2364 633 2408 Valde
649 2364 818 2409 occulta
842 2374 884 2409 et
908 2365 1104 2409 abstrusa
1120 2364 1184 2409 vis
1202 2373 1290 2419 est,
1313 2380 1400 2424 qua
1422 2366 1536 2408 Deus
1558 2364 1647 2422 agit
1664 2398 1674 2418 ‚
1694 2373 1745 2408 ut

359 2436 489 2480 etiam
512 2436 583 2480 illa
606 2452 705 2496 quae
727 2452 852 2480 sensu
878 2446 1052 2491 carent,
1077 2434 1304 2481 confestim
1326 2436 1416 2494 ejus
1439 2434 1744 2493 obtemperent

359 2506 589 2551 voluntati.
627 2525 646 2549 «
670 2509 728 2552 Et
749 2507 901 2552 eduxit
929 2523 1001 2554 eos
1028 2508 1075 2553 in
1108 2506 1269 2564 abyssis
1291 2506 1402 2552 sicut
1429 2507 1475 2551 in
1504 2504 1689 2552 deserto.
1722 2526 1739 2546 »

404 2597 412 2614 ¹
443 2591 521 2624 Psal.
539 2602 606 2634 c1v,
624 2591 656 2625 8.
682 2608 722 2616 --
744 2590 856 2624 21bid.
