1848 3261
377 198 461 238 468
809 213 841 240 s.
877 211 990 241 Auen
997 215 1107 242 snm
1142 216 1322 244 EP1SCOP1

372 275 506 334 igitur
527 275 751 320 interiores
773 277 944 335 oculos,
978 297 1165 340 quorum
1194 283 1361 327 caecitas
1383 291 1446 328 est
1471 298 1561 328 non
1588 281 1752 327 intelli-

373 362 494 406 gere,
519 355 569 390 ut
585 347 859 406 aperiantur,
885 361 925 393 et
951 351 1086 410 magis
1111 353 1333 413 magisque
1367 364 1643 409 serenentur,
1669 353 1757 398 fide

373 416 504 462 corda
522 418 791 464 mundantur
806 423 835 464 ¹.
862 423 1068 474 Quamvis
1090 424 1205 469 enim
1227 426 1307 469 nisi
1329 425 1493 486 aliquid
1516 425 1754 485 intelligat,

371 504 501 533 nemo
525 490 658 549 possit
680 490 853 534 credere
874 492 916 536 in
943 496 1080 538 Deum
1108 515 1115 539 :
1143 505 1288 540 tamen
1313 497 1404 557 ipsa
1429 498 1515 543 fide
1549 513 1636 558 qua
1658 512 1757 541 cre-

372 560 460 615 dit,
486 570 684 616 sanatur,
706 571 755 605 ut
776 561 992 622 intelligat
1009 566 1233 625 ampliora.
1255 568 1347 612 Alia
1370 577 1471 613 sunt
1496 569 1611 612 enim
1627 604 1637 623 ,
1655 584 1755 629 quae

369 631 451 675 nisi
478 630 796 689 intelligamus,
836 650 927 678 non
960 636 1197 696 credimus,
1232 649 1274 683 et
1301 639 1382 683 alia
1415 649 1516 684 sunt
1547 656 1645 700 quae
1674 639 1758 683 nisi

370 701 596 746 credamus
611 738 621 757 ,
647 719 737 747 non
753 703 1050 764 intelligimus.
1066 709 1174 751 Nam
1197 724 1297 753 cum
1319 710 1426 753 fides
1444 711 1498 754 sit
1514 726 1566 754 ex
1583 709 1753 766 auditu,

370 771 543 819 auditus
554 782 699 817 autem
712 789 789 833 per
799 775 983 819 verbum
1000 778 1196 834 Christi'2,
1212 780 1435 839 quomodo
1454 780 1593 824 credit
1602 779 1759 840 praedi-

368 846 484 891 canti
496 844 642 900 fidem,
658 846 750 905 qui,
766 855 815 889 ut
826 846 908 890 alia
916 856 1078 891 taceam
1088 884 1097 902 ,
1115 847 1311 908 linguam
1324 851 1459 910 ipsam
1473 867 1603 911 quam
1616 850 1757 911 loqui-

368 927 441 962 tur
453 933 542 961 non
556 916 787 975 intelligit?
803 917 885 962 Sed
903 918 985 962 nisi
997 930 1137 964 essent
1155 936 1301 966 rursus
1313 922 1472 982 aliqua,
1489 938 1587 982 quae
1600 921 1757 966 intelli-

369 1005 467 1048 gere
490 1003 579 1032 non
601 1003 829 1047 possumus
844 1023 854 1043 ,
890 989 972 1033 nisi
994 999 1093 1034 ante
1132 990 1358 1036 credamus
1375 1027 1385 1047 ,
1426 993 1643 1052 Propheta
1666 1009 1757 1038 non

368 1059 560 1113 diceret,
591 1077 612 1100 «
643 1058 730 1102 Nisi
761 1058 1049 1114 credideritis,
1076 1076 1165 1105 non
1194 1061 1485 1121 intelligetisss.
1520 1081 1540 1104 »
1579 1063 1757 1108 Proficit

367 1146 470 1189 ergo
493 1138 638 1173 noster
659 1128 904 1173 intellectus
922 1129 975 1173 ad
993 1130 1272 1191 intelligenda
1290 1149 1389 1193 quse
1403 1132 1566 1188 credat,
1584 1142 1627 1177 et
1648 1133 1755 1178 fides

366 1201 539 1261 proficit
553 1199 607 1244 ad
624 1200 839 1244 credenda
851 1217 949 1260 quae
962 1200 1178 1261 intelligat
1195 1223 1202 1248 :
1221 1213 1264 1247 ct
1282 1203 1433 1247 eadem
1450 1203 1542 1263 ipsa
1557 1213 1608 1247 ut
1620 1205 1755 1263 magis

364 1272 587 1332 magisque
608 1270 930 1329 intelligantur,
961 1272 1007 1315 in
1034 1273 1126 1331 ipso
1156 1273 1381 1318 intellectu
1411 1274 1583 1333 proficit
1612 1290 1749 1319 mens.

367 1344 452 1389 Sed
470 1343 552 1386 hoc
575 1357 664 1386 non
686 1341 735 1385 fit
753 1342 935 1401 propriis
951 1351 1160 1402 tanquam
1183 1343 1454 1388 naturalibus
1470 1345 1656 1400 viribus,
1678 1346 1755 1390 sed

363 1418 456 1459 Deo
493 1413 724 1473 adjuvante
749 1421 880 1472 atque
910 1412 1102 1458 donante
1129 1434 1136 1459 :
1169 1415 1280 1459 sicut
1312 1414 1527 1459 medicina
1556 1416 1630 1469 fit,
1662 1432 1753 1461 non

365 1495 521 1532 natura
537 1520 547 1539 ,
568 1493 619 1527 ut
634 1483 808 1527 vitiatus
830 1482 983 1527 oculus
997 1484 1082 1527 vim
1105 1485 1311 1529 cernendi
1330 1485 1521 1546 recipiat.
1549 1487 1632 1539 Qui
1652 1501 1753 1545 ergo

365 1557 471 1602 dicit
493 1559 610 1611 Deo,
648 1574 667 1597 «
696 1557 758 1599 Da
795 1554 900 1598 mihi
930 1554 1227 1611 intellectum,
1265 1565 1316 1599 ut
1349 1556 1509 1601 discam
1548 1556 1753 1602 mandata

368 1646 389 1671 >›
426 1638 527 1683 tua,
556 1646 575 1668 »
602 1641 691 1671 non
714 1626 832 1670 omni
855 1625 986 1669 modo
1016 1641 1165 1685 expers
1192 1628 1284 1686 ejus
1313 1636 1400 1682 est,
1434 1626 1557 1671 velut
1586 1643 1747 1687 pecus:

365 1716 446 1744 nec
468 1699 526 1743 ita
548 1697 746 1758 quamvis
765 1697 898 1740 homo
919 1732 929 1750 ,
956 1705 1006 1740 ut
1027 1696 1071 1739 in
1099 1712 1249 1741 eorum
1272 1712 1455 1742 numero
1473 1697 1752 1757 deputandus

365 1770 441 1826 sit,
469 1788 488 1811 «
509 1770 590 1822 Qui
612 1766 839 1812 ambutant
856 1766 900 1809 in
921 1766 1112 1809 vanitate
1130 1767 1286 1810 mentis
1308 1783 1396 1811 suae
1411 1802 1422 1821 ,
1448 1767 1667 1812 obscurati
1688 1769 1752 1812 in-

367 1861 389 1884 »
424 1839 661 1898 telligentia
677 1873 688 1893 ,
712 1836 887 1881 alienati
909 1852 932 1880 a
949 1835 1017 1880 via
1039 1836 1114 1880 Dei
1129 1837 1160 1879 4.
1185 1854 1204 1877 »
1225 1839 1333 1882 Nam
1357 1838 1390 1881 si
1412 1837 1507 1882 talis
1522 1847 1646 1894 esset,
1669 1854 1751 1884 nec

364 1916 449 1959 hoc
467 1913 644 1957 diceret.
669 1913 767 1955 Non
795 1918 939 1953 autem
962 1909 1083 1968 parvi
1105 1917 1169 1952 est
1184 1907 1430 1952 intellectus
1445 1943 1455 1963 ,
1476 1924 1599 1953 nosse
1617 1927 1640 1954 a
1663 1925 1751 1969 quo

363 1983 609 2048 poscendus
632 1983 685 2027 sit
706 1980 967 2025 intellectus.
989 1983 1046 2024 Et
1063 1979 1347 2039 cogitandum
1381 1989 1444 2023 est
1472 1989 1639 2040 quanto
1665 1980 1752 2025 sint

364 2057 491 2103 altius
505 2052 787 2112 intelligenda
810 2051 954 2095 divina
972 2050 1198 2108 mandat33
1223 2049 1399 2110 quando
1413 2049 1467 2094 ad
1487 2067 1534 2095 ea
1548 2050 1752 2096 discenda

364 2130 447 2174 sibi
465 2127 608 2172 adhuc
631 2124 723 2169 dari
745 2122 1015 2167 intellectum
1033 2123 1163 2181 petit,
1183 2121 1258 2182 qui
1275 2123 1365 2181 jam
1388 2122 1445 2165 sic
1462 2121 1681 2181 intelligit,
1707 2131 1751 2167 et

365 2201 443 2261 qui
466 2196 636 2258 eloquia
660 2194 737 2239 Dei
756 2209 799 2237 se
816 2192 1053 2237 custodisse
1070 2201 1170 2236 ante
1185 2193 1275 2251 jam
1299 2191 1421 2235 dixit.

425 2272 499 2314 IV.
522 2266 651 2321 Quod
674 2275 819 2309 autem
840 2262 1110 2322 interpretati
1133 2271 1234 2306 sunt
1250 2263 1405 2316 nostri,
1429 2281 1448 2303 «
1474 2264 1536 2306 Da
1558 2262 1665 2306 mihi
1687 2262 1751 2306 in-

368 2362 389 2385 »
427 2341 646 2386 tellectum
668 2359 680 2396 3
707 2358 721 2378 »
745 2336 917 2379 brevius
941 2335 1051 2379 dixit
1074 2349 1262 2393 graecus,
1291 2343 1491 2386 G'2'Ji'7260vy.3
1512 2352 1520 2377 :
1541 2334 1642 2393 quia
1659 2349 1749 2378 uno

366 2413 500 2458 verbo
528 2408 776 2469 complexus
805 2415 869 2450 est
889 2441 900 2461 ,
936 2425 956 2448 «
986 2409 1047 2450 Da
1083 2405 1191 2448 mihi
1218 2402 1512 2459 intellectum,
1543 2403 1664 2464 quod
1686 2413 1750 2448 est

415 2519 422 2535 ¹
446 2514 518 2544 Act.
540 2520 593 2550 xv,
614 2519 647 2551 9.
669 2524 710 2529 —
731 2513 742 2530 ²
763 2508 854 2538 Rom.
879 2515 911 2546 x,
941 2515 990 2546 ¹7-
1015 2520 1056 2527 —·
1077 2502 1178 2536 3Isa'1'.
1200 2513 1255 2544 vn,
1277 2513 1310 2545 9,
1327 2503 1420 2544 juxta
1446 2512 1517 2535 Lxx.
1539 2519 1579 2525 —-
1596 2500 1613 2532 4
1631 2501 1747 2545 Ephes-

366 2578 484 2609 1v‚17
