1848 3261
373 216 458 256 216
805 227 843 257 s,
879 228 1111 260 Auens'rmr
1142 231 1326 260 nmscom

371 308 474 338 cum
491 294 656 352 justitia
675 309 879 341 conversa
901 294 1032 341 fuerit
1045 296 1090 340 in
1102 294 1338 357 judicium,
1358 296 1405 342 id
1417 307 1496 352 est,
1512 314 1613 345 cum
1631 315 1755 346 acce-

370 367 514 426 perint
525 367 631 426 justi
655 376 910 427 potestatem
924 367 1152 428 judicandi
1167 382 1238 412 eos
1254 376 1371 413 recte
1382 403 1393 424 ,
1409 385 1434 414 a
1450 370 1609 430 quibus
1621 372 1754 418 modo

370 452 462 482 non
475 446 590 482 recte
597 437 866 498 judicantur.
885 437 1010 482 Unde
1021 438 1123 482 alibi
1137 437 1277 497 ipsum
1289 454 1444 499 corpus
1457 442 1618 487 Christi
1630 443 1755 487 intel-

370 509 518 568 ligitur
539 509 705 554 dicere:
736 529 757 553 «
775 512 887 555 Cum
911 525 1116 570 accepero
1137 519 1330 570 tempUS,
1351 526 1431 570 ego
1447 513 1632 573 justitias
1641 514 1755 574 judi-

372 599 393 623 »
429 581 539 625 cabo
553 582 584 624 1.
606 598 626 622 »
652 580 778 633 Quod
798 581 980 625 verbum
1003 597 1025 625 e
1047 581 1179 626 verbo
1202 582 1335 640 magis
1355 582 1586 640 diceretur,
1605 586 1757 646 AEqui-

370 660 479 697 tates
501 651 724 712 judicabo.
744 654 843 696 Non
863 660 1008 695 autem
1036 650 1169 696 dixit:
1191 654 1303 697 Cum
1326 668 1531 713 accepero
1555 664 1752 716 tempus,

363 723 580 784 justitiam
602 722 785 780 faciam,
817 723 920 784 quia
942 723 1061 767 omni
1088 731 1285 782 tempore
1311 722 1506 770 facienda
1530 735 1621 783 est,
1646 727 1757 772 sicut

371 794 500 838 etiam
514 794 585 838 hic
607 793 736 839 dicit:
761 794 877 848 «Qui
893 794 1061 838 faciunt
1077 794 1290 853 justitiam
1309 794 1355 838 in
1372 797 1751 857 omnitempore.»

428 868 482 909 V.
510 864 675 909 Deinde
698 865 799 926 quia
817 868 930 910 Deus
947 865 1177 925 justificat,
1203 864 1353 921 idest,
1373 867 1512 926 justos
1534 866 1660 924 facit,
1686 884 1755 913 sa-

370 935 518 980 nando
540 950 611 980 eos
634 936 711 995 ab}
722 936 1025 996 iniquitatibus
1049 935 1162 992 suis,
1199 936 1396 995 sequitur
1417 938 1554 983 oratio
1575 957 1583 984 :
1617 958 1637 981 «
1661 942 1757 984 Me-

371 1025 392 1049 »
428 1016 577 1051 mento
600 1006 751 1061 nostri,
773 1007 972 1060 Domine,
997 1007 1042 1050 111
1065 1005 1339 1066 beneplacito
1361 1007 1513 1067 populi
1534 1009 1599 1052 tui
1613 1011 1628 1034 2
1646 1029 1655 1054 ε
1676 1009 1756 1054 »id

369 1087 454 1133 est,
475 1086 527 1121 ut
542 1077 588 1121 in
610 1077 667 1121 eis
688 1077 836 1130 simus,
856 1077 902 1119 in
920 1076 1080 1136 quibus
1104 1075 1426 1136 beneplacitum
1449 1087 1512 1122 est
1532 1079 1635 1137 tibi3
1655 1081 1756 1140 quia

369 1163 459 1193 non
480 1148 526 1192 in
548 1147 751 1192 omnibus
772 1147 855 1191 illis
871 1146 1194 1206 beneplacitum
1217 1156 1281 1190 est
1302 1150 1407 1192 Deo.
1433 1149 1602 1194 «Visita
1619 1165 1696 1194 nos
1710 1151 1756 1195 in

373 1240 392 1262 »
428 1219 605 1264 salutari
633 1227 725 1263 tuo.
755 1236 774 1260 »
802 1222 899 1277 Ipse
923 1226 986 1261 est
1014 1218 1129 1261 enim
1153 1217 1363 1273 Salvator,
1392 1219 1437 1263 in
1460 1235 1549 1279 quo
1579 1231 1756 1280 peccata

370 1290 671 1345 dimittuntur,
697 1299 741 1333 et
763 1289 918 1333 animae
940 1297 1165 1344 sanantur,
1185 1298 1236 1333 ut
1256 1289 1422 1348 possint
1445 1291 1662 1335 custodire
1679 1294 1755 1353 ju·-

369 1361 530 1406 dicium
545 1395 556 1416 ,
583 1369 626 1404 et
647 1359 788 1404 facere
804 1360 1040 1419 justitiam:
1067 1374 1176 1420 quos
1193 1375 1295 1404 cum
1317 1359 1466 1404 beatos
1483 1376 1573 1405 esse
1593 1362 1756 1407 intelli-

370 1441 536 1491 gerent,
561 1430 638 1491 qui
655 1431 749 1474 haec
765 1429 1025 1490 loquuntur,
1050 1430 1134 1474 hoc
1156 1429 1237 1473 sibi
1258 1440 1572 1491 consequenter
1589 1434 1754 1479 orando

368 1510 539 1563 petunt.
559 1504 621 1545 De
635 1501 716 1544 isto
733 1499 908 1544 salutari
934 1499 1036 1544 alibi
1055 1500 1238 1545 dicitur:
1265 1520 1285 1543 «
1303 1503 1361 1545 Ut
1383 1517 1692 1560 cognoscamus
1709 1505 1755 1549 in

372 1592 393 1615 »
430 1582 542 1617 terra
564 1572 680 1617 viam
697 1571 858 1615 tuainss.
874 1589 892 1612 »
910 1574 967 1615 Et
979 1571 1103 1631 quasi
1120 1587 1428 1631 quaereremus,
1449 1573 1495 1617 in
1511 1590 1598 1634 qua
1616 1584 1750 1621 terra:

371 1653 543 1689 secutus
555 1653 638 1688 est:
657 1662 677 1685 «
693 1645 745 1687 In
761 1641 963 1687 omnibus
977 1642 1192 1699 gentibus.
1215 1661 1235 1684 »
1253 1645 1444 1687 Rursum
1457 1644 1580 1704 quasi
1593 1662 1758 1706 quaere—

370 1731 530 1770 remus,
557 1729 688 1775 quam
705 1714 844 1758 viam:
862 1722 1034 1758 secutus
1055 1722 1134 1768 est,
1150 1732 1170 1755 «
1184 1713 1379 1758 Salutare
1396 1724 1538 1759 tuum.
1558 1734 1578 1757 »
1599 1719 1661 1760 De
1681 1716 1757 1762 illo

370 1788 533 1848 quippe
555 1785 663 1830 dixit
686 1785 860 1830 Simeon
873 1800 1025 1830 senex:
1047 1785 1299 1838 «Quoniam
1313 1784 1519 1830 viderunt
1535 1787 1650 1831 oculi
1673 1789 1758 1832 mci

371 1877 392 1900 »
429 1857 614 1902 salutare
627 1857 818 1900 tuum⁴.»
832 1855 916 1909 Qui
931 1855 985 1900 de
998 1871 1042 1900 se
1055 1856 1147 1915 ipso
1162 1855 1292 1900 dixit:
1308 1858 1433 1914 «Ego
1447 1872 1542 1900 sum
1559 1857 1669 1902 via5.
1687 1859 1758 1903 Vi-

373 1950 392 1973 »
429 1930 508 1974 sita
521 1943 622 1986 ergo
634 1944 712 1973 nos
723 1929 770 1972 in
784 1927 959 1972 salutari
972 1937 1066 1983 tuo,
1082 1946 1101 1969 »
1112 1928 1196 1972 hoc
1211 1927 1531 1985 est,2inCh1·isto
1545 1938 1638 1974 tuo.
1657 1931 1757 1975 «Ad

371 2018 393 2043 »
427 1999 667 2045 videndum
687 1999 732 2043 in
755 1999 950 2043 bonitate
968 1998 1206 2043 electorum
1223 2007 1416 2054 tuorum,
1443 1998 1498 2043 ad
1514 1999 1756 2046 laetandum

371 2090 392 2114 >›
428 2071 474 2115 in
489 2071 640 2115 laetitia
663 2070 800 2129 gentis
819 2079 921 2114 tuae.
954 2090 971 2111 »
999 2069 1050 2113 Id
1073 2079 1136 2114 est
1151 2105 1161 2124 ,
1188 2068 1243 2113 ad
1265 2070 1349 2114 hoc
1377 2086 1455 2114 nos
1478 2071 1600 2116 visita
1619 2072 1665 2116 in
1687 2088 1756 2116 sa-

369 2142 499 2186 lutari
518 2151 611 2196 tuo,
636 2150 687 2184 ut
707 2139 931 2185 videamus
953 2141 999 2184 in
1016 2141 1211 2185 bonitate
1231 2139 1470 2185 electorum
1489 2150 1665 2186 tuorum
1681 2178 1692 2198 ,
1713 2152 1756 2188 et

369 2213 568 2257 laetemur
580 2213 625 2256 in
641 2211 790 2256 laetitia
809 2212 944 2269 gentis
964 2221 1065 2256 tuae.
1084 2211 1209 2265 Quod
1223 2221 1368 2256 autem
1381 2212 1451 2257 hic
1469 2215 1654 2272 positum
1673 2225 1752 2270 est,

375 2303 395 2325 «
430 2287 483 2327 In
505 2283 723 2340 bonitate,
751 2302 770 2324 »
803 2283 874 2326 alii
901 2282 1069 2327 codices
1102 2283 1296 2327 habent:
1329 2302 1347 2325 «
1374 2287 1426 2327 In
1458 2285 1668 2329 suavitate
1694 2302 1702 2326 :
1730 2305 1750 2328 »

371 2355 480 2397 sicut
501 2352 612 2396 illud
634 2372 642 2397 :
664 2372 683 2394 »
710 2353 925 2406 Quoniam
955 2354 1115 2404 bonus;
1144 2372 1163 2393 »
1191 2352 1261 2396 alii
1277 2353 1444 2398 habent
1466 2373 1474 2398 ε
1500 2374 1519 2396 «
1540 2355 1754 2407 Quoniam

375 2442 394 2465 »
431 2424 586 2467 suavis.
610 2442 630 2465 »
654 2423 848 2483 ldipsum
871 2433 1015 2468 autem
1038 2423 1219 2468 verbum
1239 2423 1284 2466 iu
1307 2438 1446 2481 graeco
1469 2434 1547 2480 est,
1569 2426 1690 2485 quod
1711 2435 1755 2470 et

420 2528 428 2544 ¹
450 2521 530 2553 Psal.
550 2532 643 2554 Lxxxv
659 2547 667 2563 ,
693 2523 725 2555 3.
751 2539 792 2546 —-
812 2521 1081 2565 21‹‘1.cv,4.-
1109 2521 1121 2544 3
1146 2522 1191 2554 Id.
1214 2532 1296 2562 vai,
1317 2522 1347 2553 3.
1377 2537 1419 2543 —-
1435 2520 1450 2551 4
1476 2524 1552 2555 Luc.
1574 2533 1610 2564 ιι,
1635 2523 1685 2555 3ο.
1711 2539 1752 2545 -·

373 2574 387 2598 5
405 2579 496 2610 Joan.
514 2589 582 2618 Χιν,
600 2578 632 2609 6.
