1848 3261
463 209 704 240 ENAnnAzrio
736 212 781 239 nv
814 209 1016 239 PsALMUM
1047 207 1132 238 cix.
1381 200 1464 240 285

84 285 200 331 sent,
225 274 364 320 David
389 294 398 320 ε
419 274 492 319 ille
509 277 718 321 continuo
735 274 884 320 retulit
900 273 1288 333 respondentibus,
1316 283 1359 320 et
1380 276 1461 320 ait:

86 366 105 387 «
142 344 368 399 Quomodo
389 361 491 405 ergo
522 345 660 391 David
693 346 739 390 in
773 344 928 405 spiritu
954 344 1060 389 dicit
1080 359 1181 388 eum
1201 345 1463 400 Dominum,

87 434 106 457 »
141 415 308 461 dicens:
335 416 451 461 Dixit
472 416 687 470 Dominus
705 415 891 461 Domino
908 430 1006 459 meo
1024 433 1033 459 ε
1052 414 1161 459 Sede
1179 413 1234 458 ad
1247 413 1468 458 dexteram

85 505 105 527 >›
141 501 303 543 meam,
338 487 478 532 donec
505 502 666 546 ponam
693 486 889 530 inimicos
912 495 1010 530 tuos
1031 486 1113 530 sub
1142 483 1328 544 pedihus
1357 486 1468 528 tuis?

85 575 105 599 »
143 557 185 602 Si
202 573 304 617 ergo
325 558 371 602 in
393 557 547 618 spiritu
571 593 582 613 ,
603 558 769 618 inquit,
794 566 921 601 vocat
951 572 1052 601 eum
1073 556 1331 610 Dominum,
1353 571 1468 616 quo-

85 645 105 669 »
141 627 272 673 modo
295 627 408 673 filius
428 629 518 689 ejus
547 630 654 672 est1.
689 646 711 669 »
732 628 799 672 Ab
821 628 905 672 hoc
927 643 1054 673 versu
1081 626 1276 671 Psalmus
1296 626 1376 670 iste
1397 626 1467 670 in-

84 717 105 739 u
140 699 259 758 cipit.
290 716 310 739 ))

141 770 216 812 IV.
247 787 267 810 «
288 768 403 813 Dixit
423 769 633 813 Dominus
650 767 838 813 Domino
860 782 980 811 meo:
1004 765 1113 812 Sede
1128 782 1151 811 a
1165 762 1322 811 dextris
1343 767 1465 821 meis,

84 858 104 879 »
141 837 280 882 donec
299 853 458 897 ponam
472 838 668 883 inimicos
680 847 777 882 tuos
791 835 1030 882 scabellum
1044 835 1206 896 pedum
1222 840 1464 882 tuorum2.»

80 911 205 954 Hane
239 924 340 967 ergo
362 909 647 969 quaestionem
669 908 832 953 Judaeis
855 909 1118 968 propositam
1141 924 1164 952 a
1186 909 1397 962 Domino,
1423 907 1470 950 in

80 980 174 1038 ipso
202 980 395 1037 ingressu
423 977 580 1023 Psalmi
602 987 865 1038 pertractare
893 978 1116 1022 debemus.
1144 978 1188 1023 Si
1210 978 1324 1022 enim
1349 975 1472 1037 quod

81 1049 400 1109 responderunt
414 1049 555 1093 Judaei
577 1049 770 1106 exigatur
792 1065 815 1093 a
836 1048 962 1092 nobis
976 1083 986 1102 ‚
1013 1058 1164 1092 utrum
1184 1049 1470 1092 confiteamur

81 1129 124 1164 et
145 1135 244 1174 nos,
270 1136 325 1163 an
346 1134 553 1178 negemus
575 1137 584 1162 ε
608 1119 719 1162 absit
741 1127 791 1163 ut
812 1133 1035 1177 negemus.
1065 1118 1107 1162 Si
1125 1117 1296 1162 dicatur
1318 1117 1466 1172 nobis,

81 1190 278 1235 Christus
302 1188 415 1233 filius
433 1198 497 1233 est
515 1188 653 1233 David
669 1224 679 1244 ,
705 1204 760 1232 an
783 1204 872 1232 non
891 1190 986 1232 est?
1010 1189 1052 1233 Si
1070 1188 1304 1232 dixerimus
1321 1222 1331 1242 ‚
1352 1203 1441 1232 non
1455 1221 1466 1241 ‚

81 1260 416 1305 contradicimus
430 1259 668 1318 Evangelio
697 1279 704 1304 :
726 1274 915 1319 namque
938 1259 1150 1303 Matthaeo
1165 1258 1395 1313 scribente,
1412 1259 1470 1302 sic

81 1327 234 1391 incipit
254 1330 558 1389 Evangefium,
579 1330 743 1374 «Liber
766 1329 1053 1388 generationis
1082 1332 1183 1373 Jesu
1200 1329 1374 1384 Christi,
1393 1327 1470 1372 filii

85 1419 105 1442 »
122 1400 292 1446 Davidss.
304 1399 602 1457 »Evangelista
616 1399 893 1443 dicitlibrum
916 1414 959 1443 se
973 1399 1160 1443 scribere
1181 1398 1470 1458 generationis

82 1475 184 1516 Jesu
205 1472 386 1525 Christi,
424 1470 502 1514 filii
537 1469 688 1515 David.
713 1473 848 1514 Recte
876 1485 978 1528 ergo
1001 1469 1144 1514 Judaei
1171 1469 1424 1528 interrogati
1447 1485 1472 1513 a

82 1543 278 1597 Christo,
317 1544 439 1601 cujus
467 1556 556 1585 esse
590 1539 730 1584 filium
750 1540 979 1585 crederent
1013 1540 1238 1585 Christum
1255 1575 1265 1595 ⁷
1291 1555 1471 1600 respon-

82 1613 264 1667 derunt,
291 1610 442 1657 David.
467 1611 753 1670 Responsioni
770 1625 921 1654 eorum
940 1610 1141 1668 congruit
1162 1609 1467 1669 Evangelium.

82 1682 226 1728 Habet
245 1683 329 1726 hoc
360 1698 449 1726 non
484 1681 624 1726 solum
658 1681 847 1740 suspicio
877 1679 1132 1724 Judaeorum
1151 1715 1161 1734 ‚
1194 1680 1270 1723 sed
1291 1689 1333 1724 et
1365 1680 1471 1724 fides

82 1754 440 1799 Christianorum.
478 1752 634 1797 Adhuc
659 1751 737 1795 alia
766 1752 1040 1795 firmamenta
1073 1750 1292 1809 conspicio
1328 1753 1345 1794 ε’
1367 1749 1471 1794 dicit

82 1823 315 1885 Apostolus
336 1844 344 1869 :
373 1843 390 1864 «
416 1823 497 1876 Qui
511 1822 651 1867 factus
675 1832 737 1866 est
758 1822 798 1865 ei
816 1838 868 1865 ex
891 1821 1053 1865 semine
1076 1821 1214 1865 David
1231 1820 1471 1865 secundum

87 1914 106 1937 >›
144 1896 360 1940 carnem4.
389 1911 410 1934 ³)
436 1893 550 1938 Dicit
583 1892 710 1936 etiam
735 1891 788 1936 ad
815 1892 1088 1936 Timotheum
1110 1910 1118 1936 :
1148 1910 1167 1933 α
1192 1894 1361 1935 Memor
1381 1900 1472 1935 esto

85 1985 105 2007 n
144 1965 364 2010 Christum
378 1966 403 2008 J
406 1979 528 2007 esum
547 1962 825 2007 resurrexisse
839 1978 862 2006 a
878 1962 1060 2006 mortuis
1073 1977 1123 2005 ex
1140 1961 1300 2005 semine
1313 1961 1468 2016 David,

86 2054 105 2077 >›
142 2035 381 2079 secundum
408 2033 696 2093 Evangelium
715 2048 876 2076 meum.
915 2051 936 2074 >›
959 2035 1017 2076 Et
1038 2030 1091 2076 de
1110 2032 1203 2091 ipso
1233 2030 1472 2089 Evangelio

83 2104 191 2166 quid
210 2105 348 2150 dicit?
375 2123 395 2146 «
420 2107 473 2148 In
489 2120 578 2165 quo
600 2103 752 2148 laboro
781 2118 919 2163 usque
951 2102 1007 2146 ad
1027 2102 1201 2146 vincula
1221 2137 1232 2157 ‚
1259 2111 1470 2162 tanquam

86 2195 107 2217 >›
142 2175 419 2221 malefaciens
439 2210 449 2229 ‚
472 2175 546 2219 sed
565 2189 704 2219 sermo
721 2173 799 2218 Dei
823 2189 911 2218 non
935 2181 998 2217 est
1016 2172 1215 2231 alligatus
1230 2174 1261 2215 ⁵.
1290 2192 1306 2213 »
1330 2172 1472 2216 Labo-

84 2247 208 2291 rabat
229 2261 329 2304 ergo
348 2261 486 2306 usque
508 2244 563 2290 ad
579 2244 752 2289 vincula
768 2242 1000 2303 Apostolus
1017 2259 1096 2303 pro
1117 2241 1349 2300 Evangelio
1365 2258 1465 2297 suo,

85 2317 131 2361 id
148 2326 226 2372 est,
250 2332 329 2376 pro
347 2315 665 2376 dispensatione
677 2313 944 2373 evangelica,
972 2329 1102 2374 quam
1118 2313 1289 2373 populis
1308 2312 1469 2372 praedi-

85 2387 212 2432 cahat
227 2423 237 2441 ,
263 2402 393 2448 quam
415 2384 896 2447 populisimpendebat.
915 2384 994 2428 Ille
1015 2385 1092 2444 qui
1109 2399 1235 2428 mane
1249 2391 1465 2443 rapuerat,

133 2491 142 2507 ¹
160 2484 277 2531 piatrix.
293 2495 376 2525 xxxx,
395 2482 515 2526 42—45.
534 2499 574 2506 —
601 2489 613 2505 ²
632 2480 712 2514 rsil.
729 2492 745 2514 c
761 2493 792 2523 x,
821 2493 848 2514 1.
870 2498 910 2505 -
930 2479 943 2504 3
959 2481 1071 2514 Matth.
1091 2491 1115 2522 1,
1138 2491 1166 2513 ι.
1187 2496 1227 2503 -
1243 2478 1258 2509 4
1278 2482 1367 2513 Rom.
1388 2490 1411 2520 ι,
1434 2479 1464 2511 3.

87 2556 126 2561 -
156 2534 170 2551 ³
186 2549 203 2570 2
224 2539 303 2572 Tim.
324 2550 358 2580 n,
377 2540 410 2578 8,
429 2549 460 2581 9.
