1848 3261
241 190 482 220 ENARRATIO
515 195 558 220 nv
591 193 793 220 PSALMUM
824 193 985 230 cxviii,
1019 191 1157 220 senno
1193 194 1302 219 xxix.
1382 183 1463 220 525

78 253 248 311 paucis;
272 270 419 299 omnes
439 271 543 300 vero
564 265 713 300 utrum
729 255 934 315 cuiquam
949 291 960 310 ,
981 257 1140 301 nescio.
1171 256 1318 300 Talem
1342 271 1465 300 suam

78 334 389 369 commemorat
401 327 658 382 orationem,
669 327 745 387 qui
758 335 904 371 cantat
915 327 1034 370 hunc
1047 327 1282 382 Psalmum,
1298 327 1461 371 dicens:

83 411 104 434 «
137 392 330 439 Clamavi
351 396 396 439 in
417 405 508 441 toto
527 396 658 441 corde
676 411 772 440 meo
789 431 799 451 ,
818 396 1072 451 exaudime,
1090 397 1272 441 Domine
1289 399 1318 439 1.
1345 415 1365 437 »
1383 397 1467 441 Cui

79 472 225 508 autem
244 466 306 509 rei
324 482 426 510 suus
439 467 602 511 clamor
619 466 830 526 proficiat,
847 466 1045 526 adjunxit
1064 485 1072 510 ;
1099 469 1147 509 «J
1154 466 1464 510 ustificationes

84 552 103 574 »
138 542 232 578 tuas
246 537 518 597 exquiram.»
540 538 608 582 Ad
621 538 703 581 hoc
721 551 823 595 ergo
837 535 1039 580 clamavit
1052 535 1097 580 in
1114 544 1207 580 toto
1220 534 1351 580 corde
1368 551 1462 590 suo,

79 612 123 648 et
143 604 226 649 hoc
243 607 325 650 sibi
342 606 600 651 desideravit
631 622 654 650 a
681 606 866 651 Domino
894 605 1151 650 exaudiente
1173 605 1389 665 praestari,
1417 613 1467 647 ut

72 674 401 734 justificationes
419 678 509 737 ejus
526 677 739 737 exquirat.
765 676 953 721 Proinde
971 676 1092 737 quod
1113 686 1160 720 ut
1175 675 1384 720 faciamus
1392 676 1467 735 ju-

79 744 230 801 betur,
250 755 300 791 ut
316 747 592 807 exquiramus
615 756 776 792 oratur.
800 749 942 800 Quam
959 745 1089 806 longe
1112 756 1175 791 est
1196 746 1340 790 adhuc
1354 762 1377 790 a
1396 744 1466 789 fa-

78 815 220 859 ciente
242 817 318 876 qui
340 817 555 877 exquirit?
569 820 665 863 Non
683 818 799 861 enim
821 826 884 861 est
906 832 1174 877 consequens
1188 851 1200 872 ,
1224 826 1274 860 ut
1291 816 1366 876 qui
1388 831 1464 859 ex-

79 886 228 945 quirit,
244 886 459 944 inveniat,
475 897 549 932 aut
567 889 642 948 qui
660 888 842 943 invenit,
860 887 991 933 faciat
1008 908 1017 933 :
1034 903 1124 932 non
1141 896 1283 947 potest
1299 895 1461 942 autem,

79 955 162 999 nisi
183 956 397 1002 invenerit
410 993 421 1014 ,
458 956 627 1016 facere,
664 968 707 1002 et
743 959 822 1002 nisi
859 958 1099 1018 quaesierit,
1144 958 1353 1003 invenire.
1382 956 1466 1001 Sed

79 1041 283 1085 magnam
313 1043 433 1087 spem
456 1030 667 1073 Dominus
691 1031 813 1073 Jesus
841 1028 963 1073 dedit
985 1029 1171 1073 dicendo
1192 1048 1201 1072 :
1231 1048 1251 1070 «
1277 1027 1466 1080 Quaerite

84 1113 105 1137 »
140 1105 184 1140 et
214 1097 443 1143 invenietis
454 1102 487 1142 ².
516 1117 536 1140 »
562 1102 727 1143 Rursus
751 1108 896 1143 autem
929 1099 1034 1143 dicit
1059 1098 1301 1157 Sapientia,
1328 1102 1341 1152 (
1364 1111 1464 1156 quae

81 1168 189 1227 quid
207 1178 270 1213 est
283 1171 362 1214 nisi
376 1171 508 1230 ipseP)
529 1190 549 1213 «
570 1175 775 1223 Quaerent
787 1185 855 1213 me
873 1170 1000 1225 mali,
1024 1179 1067 1213 et
1084 1185 1173 1213 non
1195 1167 1464 1221 invenient,»

81 1241 177 1283 Non
195 1254 297 1298 ergo
314 1240 437 1284 malis
449 1275 459 1295 ,
479 1239 555 1284 sed
573 1241 698 1284 bonis
715 1240 881 1284 dictum
899 1249 961 1284 est
978 1260 986 1284 ;
1013 1258 1029 1279 «
1049 1239 1236 1292 Quaerite
1248 1272 1259 1292 ,
1280 1245 1323 1280 et
1344 1236 1469 1279 inve-

85 1326 105 1349 »
140 1309 280 1353 nietis.
291 1328 310 1350 »
328 1313 528 1354 Imovero
541 1311 599 1353 eis
612 1309 780 1353 dictum
794 1318 873 1363 est,
885 1309 1044 1368 quibus
1059 1309 1210 1351 eodem
1224 1306 1322 1350 loco
1336 1305 1469 1365 paulo

81 1387 180 1438 post
205 1397 214 1423 ε
244 1398 260 1418 «
291 1380 330 1424 Si
357 1395 459 1438 ergo
479 1395 575 1434 vos,
613 1379 783 1439 inquit,
818 1394 917 1423 cum
939 1379 1028 1422 sitis
1049 1377 1174 1432 mali,
1200 1377 1333 1421 nostis
1356 1377 1471 1420 bona

84 1466 106 1489 »
141 1449 241 1492 data
263 1448 366 1493 dare
387 1449 484 1493 filiis
505 1450 695 1493 vestrisss.
717 1468 737 1491 »
756 1448 983 1501 Quomodo
997 1449 1131 1507 igitur
1147 1446 1270 1490 malis
1288 1447 1467 1490 dicitur:

87 1540 107 1563 u
142 1521 333 1573 Quaerite
349 1557 359 1576 ,
387 1530 429 1565 et
449 1522 700 1573 invenietis;
732 1542 749 1562 »
776 1536 874 1565 cum
906 1535 1053 1564 rursus
1076 1519 1272 1563 dicatur:
1297 1537 1316 1559 «
1342 1522 1473 1570 Quae-

86 1610 108 1634 »
143 1601 240 1635 rent
261 1607 331 1635 me
348 1592 467 1644 mali,
488 1602 529 1636 et
545 1608 634 1636 non
651 1591 904 1635 invenient?
923 1611 941 1631 »
963 1594 1032 1634 An
1045 1589 1164 1633 aliud
1176 1604 1247 1633 eos
1263 1587 1474 1633 Dominus

84 1678 217 1723 quam
230 1664 481 1722 sapientiam
496 1678 691 1723 quaerere
711 1662 888 1706 volebat
902 1696 912 1716 ,
938 1677 995 1721 qu
1003 1659 1116 1704 ando
1132 1675 1203 1703 eos
1220 1660 1474 1701 inventuros

84 1735 119 1777 si
140 1743 387 1792 quaererent
408 1734 719 1794 promittebat?
742 1736 794 1776 In
811 1748 860 1776 ea
882 1732 1044 1792 quippe
1056 1739 1158 1773 sunt
1180 1729 1324 1773 omnia
1342 1763 1353 1783 ,
1374 1743 1474 1788 quae

85 1803 142 1848 ab
163 1803 222 1847 eis
244 1802 319 1862 qui
344 1801 460 1845 beati
485 1815 574 1844 esse
609 1804 820 1858 cupiunt,
850 1799 1112 1858 inquirenda
1137 1808 1252 1843 sunt.
1284 1798 1352 1841 Ibi
1374 1812 1475 1855 ergo

87 1881 188 1918 sunt
210 1881 252 1916 et
262 1870 590 1932 justificationes
615 1869 707 1914 Dei.
730 1871 1006 1927 Quapropter
1028 1876 1159 1910 restat
1180 1876 1230 1910 ut
1255 1867 1476 1925 intelliga-

87 1959 206 1998 mus,
232 1958 321 1987 non
344 1957 492 1986 omnes
512 1940 648 1985 malos
666 1955 755 1984 non
776 1938 971 1982 invenire
993 1937 1247 1997 sapientiam
1262 1971 1273 1991 ‚
1300 1936 1333 1980 si
1355 1952 1478 1995 quae-

89 2014 263 2071 sierint,
288 2012 363 2056 sed
380 2028 451 2056 eos
466 2012 543 2071 qui
565 2012 611 2054 in
628 2019 800 2054 tantum
821 2018 923 2054 sunt
946 2007 1048 2052 mali
1068 2042 1078 2063 ,
1099 2017 1150 2051 ut
1170 2007 1342 2051 oderint
1363 2022 1473 2050 eam.

93 2085 160 2130 Sic
177 2084 292 2127 enim
313 2092 356 2126 et
376 2083 507 2127 dixit:
535 2101 555 2124 «
579 2082 788 2133 Quaerent
810 2096 879 2124 me
901 2079 1030 2134 mali,
1057 2087 1100 2122 et
1117 2094 1206 2123 non
1228 2077 1476 2135 invenient3

93 2173 113 2196 »
150 2157 338 2199 oderunt
360 2149 477 2197 enim
496 2152 795 2211 sapientiam&
816 2169 835 2191 »
863 2150 967 2194 Ideo
985 2165 1088 2208 ergo
1109 2165 1197 2193 non
1220 2148 1448 2191 inveniunt
1464 2182 1475 2202 ,

91 2225 193 2285 quia
215 2224 418 2269 oderunt.
447 2223 531 2268 Sed
546 2238 692 2266 rursus
710 2222 743 2265 si
766 2221 977 2275 oderunt,
1002 2218 1224 2281 quomodo
1248 2226 1476 2278 quaerunt3

92 2296 174 2340 nisi
196 2297 298 2356 quia
319 2311 408 2340 non
429 2311 525 2340 eam
557 2302 762 2354 quaerunt
794 2301 970 2352 propter
1009 2292 1144 2352 ipsam
1162 2326 1172 2345 ,
1198 2289 1273 2334 sed
1303 2298 1480 2348 propter

92 2366 260 2427 aliquid
281 2364 402 2427 quod
418 2365 523 2409 mali
536 2374 682 2409 amant
695 2399 705 2419 ,
724 2372 768 2408 et
784 2363 839 2407 ad
853 2363 937 2407 hoc
959 2378 1003 2406 se
1026 2361 1194 2406 facilius
1210 2368 1368 2420 putant
1380 2374 1480 2418 per-

141 2471 151 2488 ¹
183 2464 262 2499 Psal.
294 2474 408 2506 cxvux,
440 2462 519 2506 145.
547 2479 590 2487 -·
609 2468 622 2486 ²
647 2461 759 2495 Matth.
792 2472 860 2501 vu,
884 2471 916 2503 7.
944 2477 987 2483 —·
1015 2458 1029 2483 3
1051 2459 1134 2492 lbid.
1160 2470 1210 2491 ιι.
1230 2475 1270 2481 ν
1289 2453 1306 2482 ⁴
1327 2459 1454 2489 P1-0v.1
1471 2481 1480 2497 ‚

96 2520 153 2562 28,
168 2530 223 2563 29.
