1848 3261
416 217 657 250 mmmmm
689 222 734 250 m
765 219 968 249 PsALMUM
1000 222 1084 248 c1x.
1362 213 1445 253 305

61 287 260 331 ordinem
281 284 616 330 Melchisedech.
642 287 684 331 Si
705 294 857 330 natum
879 301 930 328 ex
950 294 1093 340 utero,
1119 284 1172 328 de
1193 288 1358 344 virgine
1379 289 1448 332 in-

61 355 322 413 telligimus3
354 365 453 399 ante
474 356 722 410 luciferum,
757 365 892 400 noctu
912 390 923 410 ‚
952 355 1062 399 sicut
1090 356 1327 413 Evangelia
1347 374 1451 402 con-

61 434 300 484 testantur3
323 426 478 485 procul
500 425 637 471 dubio
659 426 761 470 inde
783 441 836 469 ex
857 435 982 470 utero
1012 434 1112 469 ante
1128 424 1376 482 luciferum,
1399 437 1449 472 ut

59 506 170 540 esset
193 496 388 541 sacerdos
413 497 459 540 in
496 506 710 541 aeternum
732 495 973 540 secundum
998 495 1195 540 ordinem
1218 496 1450 541 Melchise-

59 567 185 611 dech.
217 569 326 612 Nam
345 567 587 611 secundum
606 566 651 610 id
674 566 795 627 quod
818 577 944 612 natus
967 567 1021 610 de
1044 570 1171 610 Patre
1199 569 1314 611 Deus
1333 567 1452 627 apud

57 640 215 692 Deum,
251 647 514 683 co-aeternus
545 637 759 694 gignenti,
795 653 884 681 non
909 636 1135 693 sacerd053
1159 638 1234 681 sed
1254 639 1453 683 sacerdos

57 717 236 767 propter
257 724 432 753 earnem
449 718 731 768 assumptam,
752 723 931 769 propter
952 709 1189 764 victimam,
1215 725 1345 769 quam
1370 725 1451 770 pro

57 778 182 822 nobis
199 779 376 823 offerret
393 795 416 822 a
439 778 565 823 nobis
581 789 820 838 acceptam.
840 799 859 821 «
881 782 906 823 J
911 779 1051 823 uravit
1068 795 1171 838 ergo
1190 781 1448 825 Dominus.»

56 848 172 901 Quid
193 859 257 893 est
276 884 288 905 ‚
312 868 333 891 «
357 851 381 893 J
387 849 528 893 uravit
550 849 794 894 Dominus?
811 870 829 892 »
854 852 971 908 Ergo
995 851 1204 894 Dominus
1219 852 1356 911 jurat,
1374 852 1454 911 qui

54 920 260 979 prohibet
276 921 501 965 hominem
520 920 802 980 ajurand01?
819 924 889 966 An
903 920 1015 966 forte
1032 922 1130 966 ideo
1147 923 1284 981 magis
1304 923 1452 967 homi-

55 1006 154 1034 nem
171 990 377 1049 prohibet
398 1006 421 1034 a
438 990 628 1050 jurando
645 1026 656 1046 ‚
682 1007 738 1035 ne
768 992 814 1036 in
836 993 1075 1052 perjurium
1099 992 1356 1051 prolabatur
1371 1028 1381 1047 ‚
1413 1003 1458 1038 et

54 1060 153 1104 ideo
175 1063 290 1105 Deus
311 1060 447 1119 magis
464 1062 598 1121 jurat,
624 1061 726 1122 quia
744 1078 834 1107 non
851 1069 994 1119 potest
1017 1076 1106 1104 esse
1123 1061 1354 1120 perjurus?
1369 1066 1453 1108 Ho-

54 1146 126 1175 mo
149 1132 265 1176 enim
294 1133 370 1192 qui
392 1148 468 1190 per
490 1131 854 1175 consuetudinem
874 1130 1052 1191 jurandi
1073 1141 1216 1192 potest
1237 1133 1389 1194 lingua
1406 1136 1453 1180 in

52 1202 293 1262 perjurium
323 1200 523 1261 prolabi,
550 1201 663 1244 bene
687 1201 946 1260 prohibetur
962 1203 1110 1261 jurare
1136 1222 1144 1247 :
1180 1212 1304 1248 tanto
1333 1206 1454 1250 enim

51 1271 225 1331 longius
249 1273 330 1316 erit
350 1289 374 1316 a
401 1273 592 1332 perjurio
610 1307 621 1327 ‚
655 1281 823 1332 quanto
846 1273 927 1317 erit
944 1273 1074 1331 longe
1099 1290 1121 1318 a
1138 1274 1345 1334 jurando.
1368 1278 1453 1330 Qui

52 1343 168 1386 enim
187 1344 304 1403 jurat
325 1344 475 1397 homo,
498 1341 659 1386 falsum
681 1352 724 1387 et
740 1358 893 1387 verum
905 1343 1053 1403 jurare
1070 1353 1214 1403 potest
1241 1364 1250 1391 ε
1276 1346 1354 1406 qui
1377 1363 1453 1391 au-

52 1422 140 1457 tem
169 1429 259 1458 non
287 1414 433 1473 jurat,
459 1412 618 1456 falsum
635 1413 782 1474 jurare
816 1429 911 1458 non
932 1423 1104 1473 potest3
1136 1415 1239 1476 quia
1270 1418 1450 1463 omnino

51 1500 141 1528 non
164 1485 298 1544 jurat.
323 1487 412 1529 Cur
435 1498 538 1542 ergo
560 1499 649 1528 non
668 1485 788 1545 juret
807 1485 1042 1540 Dominus,
1068 1486 1248 1545 quando
1277 1489 1450 1533 Domini

45 1555 345 1614 juramentum
373 1554 667 1613 promissionis
703 1563 768 1599 est
800 1555 1123 1598 firmamentum
1152 1557 1170 1600 Ρ
1198 1558 1323 1602 Juret
1352 1574 1450 1603 om-

49 1625 170 1669 nino.
197 1625 312 1678 Quid
336 1640 438 1682 ergo
461 1634 510 1668 tu
534 1622 637 1668 facis
653 1660 664 1682 ‚
691 1640 790 1668 cum
811 1625 1158 1684 jurasPTestaris
1178 1629 1317 1671 Deum
1337 1629 1448 1673 :hoc

50 1704 114 1739 est
144 1695 312 1755 jurare,
346 1697 487 1738 Deum
515 1695 662 1738 testari
687 1714 696 1739 :
723 1704 766 1738 et
791 1695 889 1739 ideo
912 1694 1145 1740 molestum
1161 1732 1171 1751 ,
1198 1713 1253 1740 ne
1285 1697 1340 1742 ad
1363 1698 1446 1742 ali-

49 1783 180 1827 quam
195 1767 426 1810 falsitatem
443 1774 599 1810 testem
617 1766 825 1810 adhibeas
839 1770 993 1811 Deum.
1012 1767 1055 1811 Si
1073 1782 1174 1825 ergo
1188 1777 1237 1812 tu
1252 1769 1445 1829 jurando

50 1838 216 1882 testaris
238 1841 401 1891 Deum,
435 1851 514 1880 cur
537 1851 640 1894 ergo
669 1852 759 1880 non
782 1846 825 1880 et
850 1839 967 1881 Deus
983 1837 1175 1897 jurando
1196 1848 1380 1884 testetur
1401 1858 1447 1886 se

49 1909 225 1968 ipsum?
251 1927 272 1950 «
292 1907 404 1951 Vivo
425 1921 504 1964 ego
519 1941 530 1961 ‚
555 1906 660 1950 dicit
682 1907 918 1963 Dominus,
947 1926 968 1949 ³>
983 1908 1146 1967 juratio
1163 1909 1240 1953 Dei
1269 1919 1347 1955 est.
1375 1912 1444 1957 Sic

42 1979 204 2039 juravit
231 1977 286 2022 de
317 1977 478 2022 semine
505 1977 692 2021 Abrahae
718 1996 727 2023 ε
765 1997 786 2020 «
814 1978 924 2023 Vivo
946 1994 1051 2038 ego,
1077 1978 1183 2024 dicit
1202 1983 1409 2028 Dominus
1427 2019 1439 2039 ‚

50 2068 70 2092 »
106 2050 314 2110 quoniam
347 2047 505 2092 audisti
537 2063 688 2091 vocem
718 2064 884 2104 meam,
917 2059 959 2094 et
989 2065 1078 2095 non
1100 2052 1328 2111 pepercisti
1350 2054 1442 2099 filio

49 2139 71 2164 n
107 2131 184 2165 tuo
205 2120 335 2163 unico
370 2126 548 2177 propter
575 2133 669 2173 me,
694 2120 776 2162 nisi
798 2119 1060 2166 benedicens
1091 2122 1347 2168 benedicam
1370 2135 1439 2183 te,

49 2210 70 2234 »
105 2201 149 2236 et
176 2188 401 2250 implendo
422 2187 615 2248 implebo
633 2204 781 2232 semen
804 2199 928 2234 tuum
948 2191 1059 2236 sicut
1080 2192 1223 2237 stellas
1245 2195 1344 2240 coeli
1360 2232 1371 2253 ⁷
1397 2207 1442 2243 et

49 2280 70 2305 n
106 2263 218 2307 sicut
250 2275 425 2305 arenam
452 2275 552 2319 quae
576 2267 640 2303 est
662 2258 717 2303 ad
737 2258 903 2304 labium
925 2263 1080 2318 maris,
1106 2272 1151 2308 et
1172 2264 1441 2312 benedicen-

49 2353 70 2376 >›
105 2343 177 2378 tur
200 2334 246 2377 in
273 2332 436 2377 semine
458 2340 535 2375 tuo
555 2346 705 2377 omnes
728 2334 918 2390 gentes2.
946 2351 967 2375 n
989 2337 1045 2378 Et
1068 2350 1214 2380 semen
1247 2337 1438 2384 Abrahae

47 2404 168 2466 quod
191 2413 254 2448 est
274 2403 470 2448 Christus
485 2438 496 2457 ‚
520 2401 594 2446 ille
616 2418 763 2447 semen
785 2403 974 2448 Abrahae
988 2439 999 2460 ,
1025 2406 1239 2465 accipiens
1261 2424 1435 2455 carnem

48 2475 102 2520 de
125 2477 286 2520 semine
318 2473 506 2518 Abrahae
523 2507 534 2528 ,
569 2473 650 2517 erit
671 2474 869 2518 sacerdos
890 2474 936 2518 in
957 2485 1166 2521 aeternum
1191 2481 1433 2526 secundum

96 2565 104 2582 ¹
128 2559 241 2592 Matth.
262 2570 296 2599 v,
317 2557 371 2596 34.
389 2574 429 2581 --
448 2564 462 2580 ²
484 2559 562 2592 Gen.
582 2569 636 2599 xx,
659 2557 774 2590 16-18.

261 2623 415 2652 CXVIH.
1171 2618 1222 2658 ΞΟ
