1848 3261
381 203 468 246 494
803 214 837 245 S·
872 214 1103 248 AUGUSTINI
1135 220 1319 248 EPISCOPI

380 283 523 328 tolos?
543 284 641 329 Non
662 282 857 328 Verbum
889 285 1135 341 Christum,
1173 286 1248 331 sed
1275 286 1460 332 verbum
1493 287 1678 344 Christi,
1710 288 1766 333 de

379 369 469 415 quo
498 354 707 414 scriptum
742 364 804 399 est
840 374 848 400 ε
889 374 908 398 «
942 357 1071 401 Fides
1103 372 1154 401 ex
1187 357 1368 414 auditu,
1404 357 1580 403 auditus
1620 368 1766 403 autem

381 443 402 467 »
438 440 515 485 per
535 425 719 470 verbum
745 426 944 471 Christ-11.
976 445 996 468 »
1026 430 1136 473 Nam
1160 436 1204 471 et
1226 428 1408 472 verbum
1431 430 1735 489 propheticum
1751 464 1762 485 ,

377 496 568 542 lucernae
589 513 843 557 comparans
867 498 1087 557 apostolus
1109 503 1278 555 Petrus,
1304 519 1324 542 «
1346 500 1582 555 Habemus,
1602 501 1762 560 inquit,

381 585 403 609 »
437 569 664 612 certiorem
697 569 1002 628 propheticum
1024 585 1269 614 sermonem
1288 607 1298 625 ‚
1326 572 1398 615 cui
1421 571 1677 616 benefacitis
1699 573 1767 616 in-

380 657 401 681 »
436 639 688 694 tendentes,
723 638 845 684 velut
876 639 1069 685 lucernae
1096 640 1262 686 lucenti
1286 643 1329 686 in
1354 644 1540 687 obscuro
1571 643 1711 688 10002.
1742 661 1762 684 »

376 709 503 763 Quod
528 711 677 771 itaque
711 711 782 755 hic
810 711 869 756 ait
894 730 903 756 ε
944 730 965 754 «
996 714 1195 756 Lucerna
1226 711 1410 772 pedibus
1444 714 1549 757 meis
1581 714 1767 758 verbum

376 799 398 823 »
433 790 588 837 tuum,
626 791 669 825 et
694 780 846 826 lumen
879 782 1039 826 semitis
1062 783 1167 827 meis
1188 817 1199 838 ,
1226 801 1247 824 »
1273 784 1458 828 verbum
1489 794 1553 829 est
1576 784 1697 846 quod
1720 786 1766 829 in

375 852 606 911 Scripturis
628 853 784 897 sanctis
806 853 1010 898 omnibus
1032 854 1302 898 continetur.

433 926 492 987 Il.
520 943 541 966 «
565 925 737 979 saravi,
762 924 927 984 inquit,
950 934 993 969 et
1020 926 1151 969 statui
1172 925 1390 969 custodire
1404 925 1571 986 judicia
1584 926 1766 987 justitiae

375 1012 395 1035 »
431 996 554 1039 tuae³.
576 1013 596 1036 »
615 997 842 1055 Tanquam
868 996 981 1039 bene
1002 995 1231 1040 ambulans
1254 996 1310 1040 ad
1330 995 1449 1040 illam
1464 995 1707 1052 lucernam,
1723 1006 1767 1041 et

371 1074 509 1109 rectas
522 1067 694 1110 semitas
706 1066 885 1110 habens.
907 1067 1113 1126 Sequenti
1126 1076 1271 1111 autem
1283 1066 1418 1111 verbo
1434 1066 1546 1110 illud
1561 1067 1679 1127 quod
1693 1083 1767 1112 an-

370 1136 532 1181 tecedit
554 1137 795 1197 expositum
813 1146 889 1182 est.
916 1137 1048 1191 Quasi
1065 1137 1181 1181 enim
1200 1152 1493 1197 quaereremus
1510 1137 1619 1198 quid
1636 1148 1761 1194 esset,

375 1225 395 1248 «
421 1210 446 1251 J
452 1208 571 1251 uravi
593 1227 601 1252 :
631 1227 650 1249 »
672 1208 869 1268 adjunxit
886 1244 897 1264 ,
928 1228 947 1250 «
972 1211 1028 1253 Et
1050 1209 1195 1253 statui.
1227 1227 1246 1249 »
1274 1211 1367 1253 Hoc
1389 1209 1505 1253 enim
1531 1209 1765 1269 appellavit

363 1272 663 1338 juramentum
679 1315 689 1335 ‚
716 1279 837 1340 quod
859 1280 1009 1324 statuit
1029 1296 1107 1339 per
1128 1290 1444 1324 sacramentum
1466 1300 1474 1325 z
1495 1282 1595 1341 quia
1614 1282 1672 1325 ita
1684 1280 1763 1325 de-

369 1348 445 1393 bet
467 1365 555 1394 esse
579 1365 698 1394 mens
721 1350 805 1394 fixa
826 1350 872 1394 in
894 1349 1187 1395 custodiendis
1199 1349 1373 1410 judiciis
1389 1352 1571 1411 justitiae
1589 1353 1687 1408 Dei,
1714 1363 1764 1397 ut

368 1419 423 1463 sit
442 1420 621 1464 omnino
643 1435 722 1480 pro
735 1421 956 1480 juratione
975 1420 1096 1481 quod
1121 1421 1288 1465 statuit.

427 1493 508 1535 ΙΙΙ.
528 1490 637 1535 Fide
659 1499 806 1535 autem
825 1490 1133 1535 custodiuntur
1148 1490 1311 1551 judicia
1329 1492 1510 1551 justitiae
1532 1492 1609 1536 Dei
1630 1511 1638 1537 :
1661 1508 1763 1537 cum

337 1550 345 1562 τ
368 1561 449 1606 sub
471 1565 560 1606 Deo
576 1563 695 1621 justo
722 1561 886 1622 judice,
902 1577 982 1607 nec
995 1571 1111 1606 reete
1124 1561 1626 1607 factuminfructuosum
1645 1599 1656 1619 ‚
1681 1579 1762 1608 nec

368 1642 597 1692 peccatum
634 1632 826 1677 creditur
860 1633 1129 1692 impunitum
1164 1652 1172 1677 :
1205 1632 1281 1677 sed
1316 1650 1395 1692 pro
1426 1635 1507 1679 hac
1539 1634 1627 1678 fide
1659 1635 1762 1694 quia

368 1702 507 1747 multa
528 1712 571 1747 et
596 1703 842 1761 gravissima
867 1702 981 1746 mala
1003 1718 1159 1762 corpus
1186 1703 1367 1762 pertulit
1396 1704 1586 1759 Christi,
1617 1723 1637 1746 «
1663 1707 1761 1749 Hu-

365 1791 391 1822 2)
427 1772 617 1826 miliatus
638 1789 734 1818 sum
751 1809 761 1829 ,
795 1774 961 1833 inquit,
988 1789 1127 1833 usque
1156 1772 1324 1817 valde4.
1354 1792 1374 1815 »
1401 1777 1498 1819 Non
1532 1776 1648 1819 enim
1672 1776 1756 1831 ait,

369 1845 606 1890 Humiliavi
637 1860 707 1889 me
740 1864 749 1889 :
786 1853 835 1888 ut
870 1843 1162 1888 humilitatem
1180 1878 1191 1898 ,
1226 1859 1326 1903 quae
1355 1844 1400 1887 in
1422 1854 1641 1905 praecepto
1663 1855 1756 1901 est,

367 1915 551 1974 intelligi
585 1915 638 1960 sit
672 1929 879 1959 necesse:
913 1914 989 1958 sed
1026 1914 1103 1969 ait,
1142 1933 1162 1955 «
1194 1914 1458 1959 Humiliatus
1491 1931 1587 1960 sum
1620 1932 1759 1977 usque

370 2002 392 2026 »
426 1984 581 2043 valde3
608 2004 628 2027 »
666 1985 895 2029 maximam
917 1983 1081 2028 scilicet
1101 2000 1249 2044 passus
1274 1987 1621 2044 persecutionem
1640 2022 1650 2042 ‚
1677 2003 1758 2046 pro

368 2071 420 2101 eo
443 2055 563 2117 quod
578 2056 741 2117 juravit
768 2064 811 2099 et
837 2055 986 2099 statuit
1017 2054 1236 2099 custodire
1263 2054 1427 2115 judicia
1447 2057 1627 2116 justitiae
1659 2058 1752 2102 Dei.

367 2128 426 2171 Et
446 2143 501 2171 ne
518 2127 564 2171 in
586 2136 705 2171 tanta
733 2125 1037 2170 humiliatione
1057 2124 1164 2170 fides
1191 2125 1280 2185 ipsa
1301 2125 1532 2183 deficeret,
1555 2127 1722 2173 addidit
1743 2147 1752 2173 z

372 2215 393 2239 «
429 2197 635 2252 Domine,
666 2196 833 2241 vivifiea
861 2211 930 2240 me
956 2195 1198 2240 secundum
1221 2196 1406 2240 verbum
1430 2206 1557 2241 tuum
1581 2216 1601 2239 »
1625 2218 1634 2243 :
1669 2199 1754 2243 hoc

368 2277 432 2312 est
453 2266 695 2312 secundum
715 2266 973 2327 promissum
996 2276 1138 2311 tuum.
1164 2269 1273 2311 Nam
1301 2276 1344 2310 et
1364 2268 1547 2312 verbum
1569 2269 1757 2328 promis-

367 2353 512 2383 sorum
536 2339 639 2393 Dei,
664 2337 843 2382 lucerna
864 2347 926 2381 est
943 2337 1129 2396 pedibus
1145 2372 1156 2392 ‚
1177 2346 1220 2380 et
1239 2337 1398 2381 semitis
1426 2338 1594 2382 lumen.
1622 2339 1690 2383 Sic
1712 2348 1756 2383 et

367 2410 564 2468 superius
581 2444 591 2463 ‚
606 2417 657 2452 ut
676 2423 775 2452 eum
799 2411 912 2451 Deus
930 2408 1167 2451 vivificaret
1187 2442 1197 2461 ‚
1220 2408 1359 2451 oravit
1379 2408 1423 2452 ni
1454 2409 1755 2454 humiliatione

366 2479 705 2540 persecutionis,
739 2478 816 2522 ubi
838 2478 922 2534 ait,
952 2497 973 2520 «
1003 2477 1138 2523 Paulo
1168 2479 1310 2523 minus
1342 2490 1756 2526 consummaverunt

417 2568 532 2598 ¹R0m.
551 2576 583 2607 x,
602 2576 651 2608 ¹7·
674 2581 715 2587 —
739 2571 751 2587 ²
775 2573 794 2597 2
814 2565 899 2596 Petr.
919 2575 941 2606 1,
964 2575 1014 2606 ¹9-
1038 2581 1078 2586 —
1099 2562 1112 2587 3
1132 2564 1210 2596 Psal.
1232 2575 1342 2607 cxvm,
1368 2565 1440 2598 106.
1460 2582 1502 2589 —
1519 2564 1630 2599 41bid.
1656 2577 1727 2609 105.
