1848 3261
242 202 483 234 ENARRATIO
513 205 547 232 11
578 205 623 233 m
655 202 859 233 PsALMUM
889 204 1023 243 cx111,
1056 204 1194 234 sERMo
1226 207 1273 233 11.
1358 195 1440 234 351

64 270 276 330 pientium
297 270 540 314 antistitum
557 304 568 325 ‚
592 269 667 314 sed
684 269 811 313 etiam
834 267 1135 313 obedientium
1155 270 1443 330 populorum3

64 341 291 401 adjiciente
313 341 497 386 Domino
527 357 616 386 non
636 340 776 386 solum
795 355 924 398 super
940 349 1102 399 patres,
1135 341 1211 400 qui
1244 341 1299 385 ad
1321 342 1447 386 illum

62 411 107 454 in
130 412 302 456 Christo
332 421 509 455 caeteros
531 411 770 456 imitaturos
792 410 995 469 praeirent
1012 444 1024 465 ,
1056 408 1132 454 sed
1157 410 1286 453 etiam
1319 427 1448 470 super

62 479 173 524 filios
206 496 357 525 eorum
378 515 389 536 ,
416 481 492 541 qui
510 489 684 540 patrum
715 480 786 540 pia
807 480 987 538 vestigia
1015 489 1313 539 sequerentur.
1338 483 1448 525 Nam

63 549 122 594 sic
140 550 198 594 ait
217 549 291 594 ille
303 551 367 594 his
384 567 493 610 quos
515 566 591 610 per
612 549 897 608 Evangelium
919 549 965 593 in
998 549 1170 594 Christo
1203 559 1412 608 genuerat
1435 569 1446 595 2

67 637 86 660 ‹<
123 621 366 665 Imitatores
388 621 472 665 mei
493 630 630 665 estote
654 656 665 675 ‚
690 622 802 665 sicut
823 629 866 664 et
893 635 973 679 ego
996 620 1155 665 Christi
1172 622 1202 664 ¹.
1232 639 1250 661 »
1281 620 1452 680 Adjecit

62 688 210 749 itaque
232 691 460 745 Dominus,
484 705 574 734 non
596 689 737 734 solum
759 705 887 750 super
904 698 1073 734 montes
1093 690 1322 748 gestientes
1339 691 1452 736 sicut

63 759 232 814 arietes,
248 760 324 803 sed
335 760 462 804 etiam
479 775 608 819 super
625 760 754 804 colles
770 759 998 818 gestientes
1015 760 1126 803 sicut
1137 775 1268 817 agnos
1283 760 1448 806 ovium.

121 831 200 873 XI.
227 829 414 874 Proinde
433 831 496 874 his
513 830 709 890 utrisque
721 830 889 889 magnis
904 839 947 873 et
965 829 1148 890 pusillis,
1169 831 1391 874 montibus
1408 839 1453 876 et

62 899 246 945 collibus
260 935 271 955 ,
297 900 501 944 arietibus
523 910 566 944 et
583 901 703 959 agnis
725 900 831 946 dicit
853 902 1069 960 Propheta
1092 901 1212 961 quod
1235 902 1445 961 sequitur,

66 988 85 1010 «
121 969 345 1014 Benedicti
369 985 447 1015 vos
466 972 674 1026 Domino,
712 972 784 1030 qui
813 970 917 1015 fecit
937 971 1099 1015 coelum
1128 980 1171 1015 et
1204 973 1402 1015 terram2.
1431 992 1449 1014 »

65 1043 293 1101 Tanquam
316 1041 479 1085 diceret
494 1076 504 1096 ,
535 1059 552 1082 «
578 1041 804 1086 Benedicti
825 1057 899 1086 vos
922 1042 1108 1086 Domino
1128 1076 1139 1096 ,
1165 1042 1241 1101 qui
1257 1057 1333 1086 vos
1350 1041 1455 1087 fecit

62 1111 226 1155 coelum
249 1112 294 1156 in
321 1113 510 1171 magnis,
531 1121 690 1155 terram
712 1112 757 1155 in
781 1113 946 1169 magnis
966 1147 977 1167 ,
1002 1121 1161 1155 terram
1183 1112 1229 1155 in
1250 1111 1416 1171 pusillis
1440 1132 1449 1158 :

62 1182 138 1226 sed
159 1182 320 1226 coelum
342 1198 433 1226 non
453 1182 572 1226 istud
588 1182 757 1227 visibile
772 1217 783 1237 ,
800 1182 981 1242 plenum
1002 1182 1289 1227 luminaribus
1307 1183 1363 1227 ad
1376 1184 1453 1229 hos

63 1252 212 1297 oculos
233 1253 567 1313 pertinentibus.
598 1272 615 1292 «
638 1253 813 1298 Coelum
832 1255 948 1297 enim
973 1253 1073 1298 coeli
1091 1253 1276 1298 Domino
1298 1273 1307 1299 ;
1338 1274 1355 1296 »
1375 1256 1453 1316 qui

64 1324 198 1368 erexit
215 1334 258 1368 et
275 1324 524 1369 sublimavit
536 1323 827 1384 quorumdam
847 1334 1094 1369 sanctorum
1116 1333 1281 1369 mentes
1298 1326 1343 1369 in
1357 1334 1451 1370 tan-

65 1404 158 1439 turn
176 1429 187 1450 ,
205 1404 256 1438 ut
268 1393 379 1438 nulli
396 1394 641 1444 hominum,
661 1393 735 1438 sed
747 1394 827 1453 ipsi
844 1398 933 1450 Deo
951 1410 1029 1439 suo
1046 1394 1253 1439 docibiles
1270 1396 1450 1442 fierent:

64 1464 110 1510 in
131 1467 254 1525 cujus
291 1465 390 1509 coeli
413 1465 735 1523 comparatione
757 1464 972 1524 quidquid
1007 1466 1171 1509 carneis
1199 1466 1334 1511 oculis
1356 1482 1453 1511 cer-

64 1537 184 1580 nitur
204 1571 215 1591 ,
241 1545 354 1579 terra
377 1534 560 1578 dicenda
578 1544 641 1579 cst
661 1556 671 1592 3
696 1550 829 1594 quam
856 1553 873 1575 ‹<
893 1536 1023 1579 Dedit
1042 1536 1139 1579 filiis
1161 1537 1406 1593 hominum,
1431 1558 1449 1579 »

61 1615 111 1650 ut
133 1607 223 1666 ejus
245 1604 589 1650 consideratione
608 1604 695 1648 sive
713 1604 768 1647 ab
791 1619 839 1648 ea
861 1613 983 1664 parte
999 1621 1098 1665 quae
1116 1606 1450 1666 superillustrat,

63 1677 176 1720 sicut
198 1685 263 1719 est
284 1676 367 1719 hoc
389 1673 510 1734 quod
530 1673 689 1718 dicitur
709 1673 873 1718 coelum
889 1709 900 1730 ,
925 1676 1012 1719 sive
1037 1676 1092 1720 ab
1112 1692 1161 1721 ea
1185 1693 1283 1737 quae
1304 1678 1453 1722 subter

63 1746 320 1800 illustratur,
346 1746 416 1790 cui
439 1745 611 1804 proprie
630 1754 743 1789 terra
765 1760 926 1789 nomen
951 1755 1014 1790 est
1029 1781 1040 1801 ,
1063 1762 1163 1791 cum
1181 1757 1323 1792 totum
1345 1749 1455 1794 sicut

66 1817 526 1869 commemoravimus,
562 1815 607 1858 in
638 1814 752 1858 illius
779 1816 1102 1874 comparatione
1135 1817 1254 1877 quod
1288 1819 1452 1864 coelum
1482 1843 1485 1845 ·

66 1889 168 1933 coeli
193 1889 374 1941 dicitur,
406 1895 519 1929 terra
558 1886 634 1943 sit·⁷
665 1904 683 1925 ‹<
718 1888 892 1930 Terram
927 1903 1027 1945 ergo
1058 1888 1182 1932 istam
1209 1899 1344 1934 totam
1377 1891 1455 1936 de-

71 1979 88 2001 »
125 1958 190 2002 dit
211 1957 309 2001 filiis
332 1957 560 2001 hominum
574 1958 588 1981 3
608 1991 618 2010 ,
645 1976 662 1997 »
680 1965 730 2000 ut
749 1958 838 2016 ejus
855 1957 1214 2016 consideratione,
1239 1971 1455 2021 quantum

65 2038 271 2089 possunt,
291 2028 523 2086 conjiciant
544 2028 790 2071 Creatorem
805 2062 816 2082 ,
837 2043 967 2087 quem
986 2028 1168 2073 infirmis
1191 2030 1334 2076 adhuc
1357 2049 1453 2078 cor-

65 2100 196 2144 dibus
219 2099 308 2142 sine
325 2097 408 2140 isto
426 2097 687 2156 conjecturae
707 2096 973 2142 adminiculo
991 2099 1137 2143 videre
1150 2117 1238 2145 non
1256 2113 1449 2161 possunt.

124 2171 228 2212 XII.
255 2171 331 2211 Est
350 2176 393 2210 et
412 2166 519 2210 alius
541 2165 809 2221 intellectus,
834 2183 959 2227 aquo
982 2169 1250 2215 dissimulare
1272 2189 1360 2216 non
1376 2173 1455 2217 de-

68 2240 151 2284 beo
163 2275 174 2294 ,
190 2239 427 2283 verborum
444 2237 641 2290 istorum,
663 2238 823 2297 quibus
841 2238 1007 2283 dictum
1025 2250 1104 2296 est,
1125 2260 1141 2281 «
1165 2242 1340 2287 Coelum
1355 2244 1454 2289 coeli

73 2330 90 2350 «
128 2309 340 2363 Domino,
366 2318 524 2352 terram
553 2317 697 2351 autem
727 2307 848 2352 dedit
876 2309 973 2353 filiis
1002 2311 1246 2357 hominum.
1278 2334 1294 2355 »
1323 2317 1379 2358 Ut
1401 2315 1454 2358 ab

70 2397 120 2425 eo
143 2379 264 2440 quod
287 2379 498 2433 diximus,
518 2394 607 2422 non
637 2378 809 2423 recedat
830 2379 1026 2425 intentio.
1050 2383 1300 2428 Dixeramus
1338 2386 1454 2429 enim

69 2466 250 2509 magnos
272 2459 315 2494 et
334 2448 512 2510 pusillos
534 2448 765 2508 significari
779 2450 907 2494 etiam
930 2466 981 2495 eo
996 2452 1117 2512 quod
1139 2453 1355 2516 adjectum
1372 2467 1451 2514 est,

121 2543 129 2559 ¹
152 2547 164 2567 1
193 2537 264 2568 Cor.
285 2546 333 2575 1v,
356 2537 409 2575 15,
431 2534 480 2566 16.
505 2549 547 2557 —
567 2539 579 2556 ²
599 2533 681 2566 Psal.
701 2544 786 2574 cxur,
808 2534 859 2567 15.
881 2551 921 2557 -—
943 2533 1054 2569 31bid.
1079 2537 1130 2570 16.
