1848 3261
393 250 447 288 32
815 255 847 282 S.
885 256 1113 282 AucusTffli
1148 255 1327 281 i-:Plscori

392 333 531 380 trum,
557 338 720 382 pauper
743 321 981 375 voluntate,
1006 320 1212 379 loquatur
1236 319 1500 378 pauperibus
1518 320 1561 362 in
1584 320 1769 363 necessi-

390 403 492 438 tate.
522 395 651 447 Quod
673 393 789 437 enim
818 392 990 446 dicitur,
1016 389 1087 434 vel
1108 390 1238 433 etiam
1254 389 1412 447 legitur
1432 389 1486 433 de
1509 391 1589 435 hac
1612 406 1705 444 ave,
1731 389 1777 433 id

391 474 469 519 est,
495 464 713 524 pelicano,
741 479 827 507 non
853 471 1093 516 taceamus,
1128 476 1216 504 non
1238 459 1403 520 aliquid
1425 461 1689 505 affirmantes
1711 469 1778 504 te-

391 550 509 579 mere
527 555 537 591 3
558 535 632 578 scd
651 543 796 578 tamen
819 547 906 576 non
931 540 1120 576 tacentes
1135 566 1145 585 ,
1171 530 1291 590 quod
1322 531 1396 590 qui
1426 531 1715 590 scripserunt,
1736 538 1779 574 et

392 604 476 663 legi
499 614 542 648 et
556 603 639 648 dici
656 602 904 647 voluerunt.
928 604 1014 646 Vos
1037 601 1095 646 sic
1113 600 1275 656 audite,
1297 610 1348 645 ut
1366 601 1399 644 si
1414 616 1565 644 verum
1582 610 1660 656 est,
1679 615 1780 644 con-

394 684 547 733 gruat3
573 674 605 717 si
628 673 786 717 falsum
807 681 893 727 est,
920 687 1009 715 non
1031 680 1190 716 teneat.
1216 671 1430 715 Dicuntur
1451 671 1519 714 hae
1553 686 1649 715 aves
1680 680 1779 714 tan-

394 760 526 805 quam
548 743 738 802 colaphis
760 751 997 787 rostrorum
1015 741 1213 786 occidere
1230 740 1434 800 parvulos
1455 757 1569 795 suos,
1587 740 1781 785 eosdem—

393 829 479 874 que
500 814 546 857 in
567 813 671 857 nido
694 812 855 857 occisos
879 828 903 856 a
924 827 968 856 se
997 811 1147 870 lugere
1179 826 1256 870 per
1288 809 1483 855 triduum
1519 830 1526 856 :
1562 820 1781 871 postremo

394 884 547 928 dicunt
573 892 756 927 matrem
777 898 820 927 se
842 883 979 942 ipsam
1000 881 1185 940 graviter
1200 879 1430 925 vulnerare
1454 890 1497 925 et
1524 881 1781 940 sanguinem

394 969 522 999 suum
531 969 658 1013 super
667 952 777 997 filios
791 951 1082 1012 fundere,quo
1093 951 1153 995 illi
1165 949 1379 1010 superfusi
1390 952 1666 996 reviviscunt.
1681 955 1782 996 For-

396 1034 504 1069 tasse
520 1026 604 1069 hoc
627 1039 794 1078 verum,
816 1023 995 1067 fortasse
1018 1021 1172 1066 falsum
1196 1022 1273 1066 sit:
1301 1031 1446 1066 tamen
1473 1022 1508 1065 si
1522 1038 1673 1066 verum
1701 1031 1779 1076 est,

397 1093 767 1156 quemadmodum
792 1093 855 1136 illi
878 1102 1104 1151 congruat,
1130 1093 1206 1152 qui
1223 1108 1300 1136 nos
1317 1093 1552 1137 vivificavit
1574 1093 1783 1151 sanguine

400 1183 494 1221 suo,
520 1165 679 1209 videte.
705 1165 916 1222 Congruit
945 1163 1008 1207 illi
1037 1163 1158 1223 quod
1179 1163 1325 1207 matris
1348 1179 1447 1207 caro
1473 1164 1659 1208 vivificat
1681 1179 1782 1207 san-

405 1237 534 1294 guine
556 1251 633 1280 suo
657 1234 766 1279 filios
787 1250 909 1291 suos3
930 1234 1028 1278 satis
1046 1234 1263 1292 congruit.
1282 1236 1391 1277 Nam
1411 1242 1453 1277 et
1474 1234 1563 1293 ipse
1581 1233 1783 1291 gallinam

398 1323 441 1350 se
464 1306 570 1350 dicit
587 1321 715 1365 super
738 1304 879 1364 pullos
903 1320 1000 1348 suos
1023 1324 1031 1348 ;
1061 1324 1081 1345 (1
1106 1303 1362 1358 Jerusalem,
1389 1303 1643 1358 Jerusalem,
1670 1320 1784 1364 quo-

400 1396 419 1418 »
457 1377 534 1420 ties
566 1375 680 1419 volui
719 1390 981 1433 congregare
1010 1373 1122 1419 filios
1151 1384 1247 1419 tuos
1271 1383 1479 1434 tanquam
1499 1373 1656 1431 gallina
1681 1373 1784 1433 pul-

400 1466 420 1489 »
455 1446 520 1491 105
561 1462 660 1491 51105
696 1447 777 1490 sub
817 1445 900 1489 alas
933 1461 1048 1500 suas,
1080 1455 1123 1489 01
1159 1444 1336 1489 noluisti
1351 1447 1390 1488 1?
1424 1463 1442 1485 »
1478 1444 1620 1488 Habet
1667 1445 1785 1488 enim

399 1527 622 1578 paternam
662 1516 981 1571 auctoritatem,
1014 1525 1260 1560 maternum
1300 1514 1506 1559 affectum
1548 1534 1556 1558 :
1594 1516 1704 1559 sicut
1744 1525 1787 1559 et

400 1589 559 1633 Paulus
589 1598 632 1632 et
653 1598 776 1648 pater
798 1597 862 1632 est
888 1597 931 1631 et
958 1597 1097 1631 mater
1119 1596 1210 1645 est,
1237 1603 1326 1632 non
1355 1603 1431 1646 per
1460 1602 1503 1630 se
1527 1587 1686 1645 ipsum,
1711 1586 1786 1631 sed

399 1675 476 1719 per
494 1657 778 1716 Evangelium
807 1677 814 1702 :
841 1666 963 1717 pater
988 1657 1066 1701 ubi
1087 1657 1218 1712 dicit,
1248 1677 1268 1699 «
1292 1657 1385 1701 Etsi
1409 1656 1602 1701 habeatis
1624 1656 1786 1701 multos

404 1748 423 1771 »
460 1729 715 1789 predagogos
736 1729 782 1771 in
798 1728 988 1782 Christo,
1008 1726 1184 1771 sednon
1200 1726 1361 1771 multos
1376 1736 1516 1786 patres
1533 1748 1544 1783 3
1560 1727 1603 1770 in
1615 1727 1787 1772 Christo

404 1819 424 1841 »
461 1800 575 1844 enim
597 1803 700 1843 Jesu
732 1814 808 1858 per
832 1797 1118 1856 Evangelium
1150 1813 1228 1856 ego
1264 1813 1337 1842 vos
1374 1797 1535 1856 genui2
1563 1817 1571 1842 ε
1603 1816 1622 1838 »
1650 1807 1788 1842 mater

402 1880 546 1915 autem
568 1870 644 1913 ubi
666 1871 740 1924 ait,
771 1890 789 1910 «
810 1869 952 1913 Filioli
972 1869 1072 1922 mei,
1104 1884 1213 1928 quos
1231 1869 1388 1912 iterum
1416 1868 1625 1927 parturio,
1647 1868 1787 1914 donec

404 1959 424 1982 »
460 1940 654 1985 Christus
671 1940 883 1983 formetur
905 1939 949 1981 in
972 1938 1135 1982 vobis3.
1163 1957 1182 1979 »
1208 1938 1350 1982 Habet
1373 1953 1473 1995 ergo
1501 1939 1595 1982 haec
1616 1939 1727 1994 avis,
1753 1939 1787 1982 si

403 2026 503 2055 vere
525 2011 581 2054 ita
606 2019 683 2064 est,
710 2025 910 2068 magnam
934 2008 1262 2053 similitudinem
1289 2009 1427 2053 carnis
1455 2009 1633 2064 Christi,
1663 2011 1787 2070 cujus

404 2080 614 2140 sanguine
633 2079 836 2123 vivificati
855 2094 1017 2122 sumus.
1036 2078 1119 2123 Sed
1134 2079 1354 2139 quomodo
1367 2088 1578 2137 congruat
1595 2080 1783 2135 Christo,

404 2151 525 2212 quod
558 2151 649 2210 ipsa
680 2149 837 2194 occidit
866 2148 974 2193 filios
1010 2151 1136 2192 suos?
1172 2152 1241 2193 An
1272 2158 1315 2192 et
1341 2147 1404 2191 illi
1435 2165 1523 2192 non
1556 2150 1784 2208 congruit,

408 2242 430 2265 «
464 2225 558 2280 Ego
581 2220 774 2264 occidam
790 2255 800 2274 ,
827 2229 870 2263 et
892 2234 970 2277 ego
993 2219 1241 2274 vivificabo,
1267 2235 1346 2277 ego
1364 2219 1619 2278 percutiam,
1645 2229 1687 2264 et
1706 2236 1787 2279 ego

410 2311 430 2334 »
466 2292 682 2336 sanaho⁴?
703 2309 722 2331 »
744 2295 812 2335 An
833 2306 934 2334 vero
963 2289 1114 2334 Saulus
1138 2298 1386 2349 persecutor
1416 2299 1656 2334 moreretur
1671 2326 1681 2345 ,
1706 2291 1787 2334 nisi

406 2363 461 2407 de
484 2361 597 2406 coelo
628 2371 926 2421 percuteretur
944 2363 985 2416 ⁵3
1012 2370 1088 2405 aut
1120 2360 1377 2420 praedicator
1399 2361 1673 2416 excitaretur,
1706 2362 1787 2406 nisi

406 2432 522 2477 illius
544 2432 750 2490 sanguine
765 2430 1084 2474 vivificaretur?
1104 2429 1187 2475 Sed
1209 2431 1292 2475 hoc
1306 2430 1494 2474 viderint
1511 2432 1585 2490 qui
1607 2432 1787 2491 scripse-

457 2536 466 2552 1
489 2529 602 2561 Matth.
629 2539 725 2569 xxm,
755 2529 806 2570 37.
837 2545 878 2550 —
907 2536 918 2551 ²
943 2540 953 2559 1
985 2530 1055 2560 Cor.
1085 2539 1141 2569 ιν,
1175 2525 1224 2559 15.
1252 2544 1293 2550 —
1321 2526 1333 2550 3
1356 2527 1423 2560 Gal.
1451 2538 1492 2567 iv,
1518 2538 1557 2569 ¹9
1597 2546 1637 2550 —
1657 2526 1670 2556 4
1690 2531 1783 2561 Dent.

411 2596 493 2626 xxu,
520 2586 573 2627 39.
600 2602 640 2607 —
656 2583 669 2607 5
687 2587 758 2617 Act.
782 2595 825 2625 ix,
845 2584 876 2625 4'·
