1848 3261
379 208 619 237 ENARRATIO
651 211 696 238 IN
727 207 929 237 PsALMUM
959 208 1044 234 cvr
1315 196 1395 235 251

24 294 42 316 »
76 273 204 318 nibns
218 273 419 333 gentibus
433 271 618 317 salutare
631 274 791 318 tuum1.
810 289 830 313 n
849 270 1009 330 Utique
1020 269 1126 314 tales
1140 279 1190 314 ut
1201 271 1403 315 minuan-

19 352 106 398 tur,
122 353 172 388 ut
180 344 306 403 pauci
321 344 444 398 fiant,
460 343 563 387 hinc
577 352 737 388 exeunt
756 362 765 387 ;
786 358 809 386 a
821 337 1105 385 multitudine
1117 341 1295 385 unitatis
1310 357 1405 386 om-

18 429 94 458 nes
127 415 344 468 exierunt,
374 413 485 457 sicut
507 413 639 473 paulo
671 422 771 458 ante
802 411 1134 456 commemoravi
1157 410 1324 454 dictum
1350 411 1405 456 de

19 484 102 528 illis
123 504 163 530 2«
179 488 244 529 Ex
253 485 378 529 nobis
391 486 604 539 exierunt,
621 485 698 529 sed
711 499 800 528 non
812 482 992 526 fuerunt
1005 497 1056 526 ex
1067 481 1192 526 nobis
1213 500 1221 525 :
1242 481 1275 524 si
1290 482 1406 525 enim

24 575 42 596 »
68 570 119 599 ex
132 556 259 600 nobis
277 554 475 611 fuissent,
495 555 827 614 permansissent
841 553 994 613 utique
1009 552 1272 597 nobiscum2.
1284 572 1300 593 »
1323 551 1407 597 Sed

19 625 52 669 si
70 623 183 670 forte
206 626 342 670 nostri
364 635 468 670 sunt
487 626 531 669 in
556 625 726 669 occulta
749 624 1018 684 praescientia
1031 623 1109 668 Dei
1125 659 1136 678 ,
1157 638 1328 667 necesse
1345 631 1409 667 est

18 704 70 739 ut
94 694 288 739 redeant.
322 698 463 748 Quam
497 694 624 739 multi
654 711 744 740 non
771 694 907 739 nostri
944 693 1088 737 adhuc
1121 693 1245 753 quasi
1265 693 1407 749 intus,

20 774 64 809 et
97 781 230 826 quam
265 764 394 809 multi
422 766 558 810 nostri
586 766 728 810 adhuc
768 764 892 825 quasi
927 763 1060 808 soris?
1092 782 1109 804 «
1149 763 1279 809 Novit
1318 766 1407 808 Do-

25 856 42 879 »
78 836 220 880 minus
242 836 316 895 qui
331 844 432 879 sunt
445 837 538 895 ejus
552 836 584 880 3.
607 857 624 877 »
646 839 703 880 Et
717 835 780 879 illi
798 850 887 879 non
908 834 1044 879 nostri
1061 834 1137 894 qui
1151 835 1265 878 intus
1287 843 1406 889 sunt,

19 905 197 967 quando
214 906 458 950 occasiones
485 906 731 950 invenerint
747 941 758 961 ‚
784 914 943 950 exeunt
969 925 978 949 ε
1011 914 1053 948 et
1077 904 1139 948 illi
1167 906 1302 949 nostri
1332 905 1411 965 qui

20 977 125 1022 foris
149 986 276 1033 sunt,
301 977 479 1037 quando
501 978 746 1022 occasiones
771 977 1036 1031 invenerint,
1067 975 1267 1021 redeunt.
1292 974 1411 1019 Illud

21 1064 124 1108 ergo
144 1047 325 1107 accipite
346 1046 466 1107 quod
489 1048 609 1092 vovit
630 1051 743 1092 Deus
758 1083 769 1102 ‚
805 1047 1047 1092 secundum
1074 1047 1158 1090 hoc
1185 1065 1202 1086 «
1232 1046 1410 1090 Seduxit

24 1137 45 1160 »
80 1135 153 1164 eos
183 1119 229 1162 in
265 1119 403 1172 invio,
438 1127 481 1162 et
504 1134 593 1162 non
622 1120 668 1162 in
694 1119 778 1162 via.
809 1138 826 1159 »
854 1121 910 1162 Et
946 1117 1055 1177 quid
1088 1118 1143 1160 de
1172 1115 1255 1160 illis
1277 1115 1408 1161 fecit?

22 1189 151 1243 Quod
169 1188 309 1232 dicere
331 1203 548 1248 coeperam
565 1224 576 1243 ‚
602 1188 723 1248 quod
739 1198 902 1232 attente
919 1187 1119 1232 audiatis.
1147 1188 1296 1232 Potuit
1312 1187 1409 1231 illos

21 1259 112 1320 pati
133 1259 249 1303 intus
263 1274 453 1318 semper,
474 1258 549 1302 sed
566 1274 644 1302 nos
663 1257 716 1302 de
733 1258 816 1302 illis
839 1274 929 1303 non
950 1258 1257 1318 proficeremus
1282 1277 1291 1302 ι
1309 1272 1411 1302 cum

23 1339 169 1374 autem
192 1328 377 1388 separati
398 1337 523 1383 sunt,
556 1338 599 1372 et
620 1344 698 1388 per
725 1329 985 1388 quaestiones
1007 1328 1215 1386 malignas
1237 1328 1411 1388 inquie-

24 1409 120 1444 tant
134 1414 234 1454 nos,
256 1399 526 1458 propositum
543 1407 607 1442 est
630 1398 754 1443 nobis
775 1415 826 1442 ex
842 1399 923 1443 illis
942 1408 985 1443 et
1005 1399 1294 1459 inquisitionis
1317 1409 1412 1442 stu-

25 1469 146 1514 dium
164 1504 176 1524 ,
202 1478 246 1512 et
274 1469 439 1513 timoris
470 1468 735 1528 exemplum.
764 1470 1075 1529 Unusquisque
1111 1469 1282 1523 tremit,
1316 1484 1417 1512 cum

26 1539 210 1585 alterum
231 1539 351 1584 videt
373 1539 505 1583 exisse
521 1575 531 1595 ‚
552 1549 762 1599 tanquam
779 1555 831 1583 ex
851 1539 968 1583 illius
981 1540 1099 1583 exitu
1120 1538 1290 1583 dicatur
1317 1539 1381 1582 illi
1400 1573 1412 1594 ‚

31 1632 49 1653 »
85 1613 360 1671 Quapropter
384 1610 461 1671 qui
478 1626 522 1654 se
542 1620 670 1670 putat
690 1620 801 1654 stare
817 1645 828 1666 ‚
848 1610 993 1654 videat
1010 1626 1065 1654 ne
1082 1609 1209 1655 cadat
1222 1611 1255 1653 4.
1275 1628 1294 1651 ))
1314 1613 1414 1654 Pro-

26 1691 129 1726 sunt
146 1697 249 1741 ergo
271 1681 375 1741 quia
398 1690 559 1724 exeunt
586 1700 595 1724 ;
620 1695 721 1724 nam
743 1681 777 1724 si
798 1681 916 1724 intus
937 1690 1077 1724 essent
1093 1716 1104 1736 ,
1130 1689 1174 1723 et
1195 1689 1284 1723 tam
1313 1678 1415 1723 mali

28 1762 189 1807 essent,
215 1751 322 1795 nihil
344 1751 398 1796 de
419 1750 501 1795 illis
523 1749 760 1810 prodesset.
787 1750 904 1803 Quid
926 1750 980 1793 de
996 1750 1079 1793 illis
1094 1749 1261 1794 dictum
1284 1759 1348 1793 est
1369 1749 1415 1792 in

28 1822 218 1883 quodam
242 1821 444 1866 Psalmo?
472 1840 491 1862 «
523 1821 813 1880 Congregatio
842 1829 1067 1864 taurorum
1085 1855 1095 1874 ,
1128 1819 1174 1864 id
1196 1829 1260 1864 est
1279 1855 1290 1875 ‚
1321 1835 1414 1864 cer-

27 1895 268 1940 vicatorum
291 1902 335 1937 et
363 1891 654 1952 superborum
692 1911 701 1936 :
734 1892 1012 1950 congregatio
1045 1901 1272 1936 taurorum
1301 1891 1418 1935 inter

33 1986 51 2007 »
85 1980 236 2009 vaccas
264 1963 545 2023 populorum.
584 1984 601 2003 »
640 1965 802 2007 Vaccas
831 1963 934 2007 dicit
965 1961 1193 2007 seductiles
1226 1962 1412 2017 animas,

28 2051 127 2096 quae
140 2034 268 2079 facile
283 2034 562 2079 consentiunt
578 2033 877 2077 seductoribus
893 2033 1041 2077 tauris.
1061 2032 1145 2078 Sed
1162 2048 1296 2094 quare
1312 2033 1415 2077 hoc?

33 2124 51 2145 «
89 2108 146 2149 Ut
162 2104 452 2149 excludantur
478 2104 524 2148 hi
546 2105 622 2164 qui
655 2104 827 2163 probati
861 2113 964 2148 sunt
990 2107 1215 2162 argento⁵.
1247 2124 1264 2145 »
1301 2103 1416 2156 Quid

30 2185 108 2231 est,
144 2185 194 2221 ut
215 2175 532 2220 excludantur?
566 2178 622 2219 Ut
645 2184 906 2234 appareant,
931 2185 982 2219 ut
1013 2175 1232 2219 emineant
1252 2174 1313 2218 illi
1341 2173 1418 2234 qui

30 2256 132 2291 sunt
148 2246 321 2306 probati
337 2247 382 2290 in
399 2245 573 2306 eloquio
590 2246 678 2289 Dei.
704 2247 815 2290 Cum
839 2245 954 2289 enim
972 2245 1258 2306 respondetur
1279 2246 1415 2288 haere-
1438 2280 1449 2293 .

30 2317 124 2361 ticis
135 2332 186 2360 ex
199 2316 450 2361 necessitate
469 2352 480 2371 ‚
496 2316 767 2360 aedificantur
783 2316 983 2360 catholici
1001 2332 1052 2360 ex
1069 2316 1269 2361 utilitate.
1292 2318 1415 2360 Hanc

32 2389 290 2433 sententiam
304 2387 431 2448 plane
444 2387 604 2432 Paulus
618 2387 826 2448 expressit
846 2407 854 2432 2
872 2407 891 2429 «
908 2389 1092 2449 Oportet
1106 2389 1238 2443 enim,
1254 2387 1412 2447 inquit,

80 2491 88 2507 ¹
110 2483 191 2516 Psal.
211 2494 298 2526 wa,
316 2492 351 2525 2,
375 2484 407 2515 3.
427 2501 468 2505 —
490 2490 502 2506 ²
520 2494 532 2515 1
555 2485 646 2516 Joan.
663 2494 696 2524 n,
719 2494 827 2525 19.—-
843 2482 856 2506 3
872 2491 891 2516 ⁴2
910 2484 990 2518 Tim.
1018 2497 1056 2526 11,
1085 2496 1135 2526 19.
1157 2501 1198 2507 —
1213 2482 1229 2513 4
1251 2495 1262 2516 ι
1284 2485 1356 2515 Cor.
1376 2494 1410 2524 x,

38 2548 88 2572 12.
109 2557 150 2562 —
174 2538 188 2563 5
203 2539 404 2581 Psal.1.xwi‚
425 2539 479 2572 31.
