<?xml version="1.0" encoding="UTF-8"?>
<!DOCTYPE html PUBLIC "-//W3C//DTD XHTML 1.0 Transitional//EN"
    "http://www.w3.org/TR/xhtml1/DTD/xhtml1-transitional.dtd">
<html xmlns="http://www.w3.org/1999/xhtml" xml:lang="en" lang="en">
 <head>
  <title>
</title>
<meta http-equiv="Content-Type" content="text/html;charset=utf-8" />
  <meta name='ocr-system' content='tesseract 3.04.00' />
  <meta name='ocr-capabilities' content='ocr_page ocr_carea ocr_par ocr_line ocrx_word'/>
</head>
<body>
  <div class='ocr_page' id='page_1' title='image "./operaomniaaccura11auguuoft_0479.png"; bbox 0 0 1848 3261; ppageno 0'>
   <div class='ocr_carea' id='block_1_1' title="bbox 237 195 1464 243">
    <p class='ocr_par' dir='ltr' id='par_1_1' title="bbox 237 195 1464 243">
     <span class='ocr_line' id='line_1_1' title="bbox 237 195 1464 243; baseline 0.004 -12"><span class='ocrx_word' id='word_1_1' title='bbox 237 200 480 232; x_wconf 70' lang='lat' dir='ltr'>ENARRATm</span> <span class='ocrx_word' id='word_1_2' title='bbox 511 205 555 232; x_wconf 78' lang='lat' dir='ltr'>m</span> <span class='ocrx_word' id='word_1_3' title='bbox 588 202 790 233; x_wconf 76' lang='lat' dir='ltr'>PSALMUM</span> <span class='ocrx_word' id='word_1_4' title='bbox 821 205 984 243; x_wconf 86' lang='lat' dir='ltr'>cxvm,</span> <span class='ocrx_word' id='word_1_5' title='bbox 1019 204 1157 235; x_wconf 66' lang='lat' dir='ltr'>smnio</span> <span class='ocrx_word' id='word_1_6' title='bbox 1189 208 1314 236; x_wconf 78' lang='lat' dir='ltr'>xvm.</span> <span class='ocrx_word' id='word_1_7' title='bbox 1381 195 1464 236; x_wconf 84' lang='lat'>467</span> 
     </span>
    </p>
   </div>
   <div class='ocr_carea' id='block_1_2' title="bbox 88 269 1479 2449">
    <p class='ocr_par' dir='ltr' id='par_1_2' title="bbox 88 269 1470 525">
     <span class='ocr_line' id='line_1_2' title="bbox 90 269 1461 330; baseline 0.002 -16"><span class='ocrx_word' id='word_1_8' title='bbox 90 278 194 314; x_wconf 88' lang='lat' dir='ltr'>runt</span> <span class='ocrx_word' id='word_1_9' title='bbox 214 269 378 325; x_wconf 83' lang='lat' dir='ltr'>dicere,</span> <span class='ocrx_word' id='word_1_10' title='bbox 408 289 428 312; x_wconf 91' lang='lat'>«</span> <span class='ocrx_word' id='word_1_11' title='bbox 452 271 694 315; x_wconf 77' lang='lat' dir='ltr'>Finxerunt</span> <span class='ocrx_word' id='word_1_12' title='bbox 714 285 784 315; x_wconf 89' lang='lat' dir='ltr'>me</span> <span class='ocrx_word' id='word_1_13' title='bbox 809 289 819 314; x_wconf 70' lang='grc' dir='ltr'>ε</span> <span class='ocrx_word' id='word_1_14' title='bbox 844 270 919 313; x_wconf 89' lang='lat' dir='ltr'>sed</span> <span class='ocrx_word' id='word_1_15' title='bbox 936 305 946 325; x_wconf 89' lang='lat'>,</span> <span class='ocrx_word' id='word_1_16' title='bbox 968 270 1291 330; x_wconf 87' lang='lat' dir='ltr'>plasmaverunt</span> <span class='ocrx_word' id='word_1_17' title='bbox 1313 290 1382 319; x_wconf 91' lang='lat' dir='ltr'>me</span> <span class='ocrx_word' id='word_1_18' title='bbox 1403 295 1413 320; x_wconf 70' lang='grc' dir='ltr'>ε</span> <span class='ocrx_word' id='word_1_19' title='bbox 1441 295 1461 318; x_wconf 85' lang='grc'>»</span> 
     </span>
     <span class='ocr_line' id='line_1_3' title="bbox 88 338 1470 405; baseline 0.005 -22"><span class='ocrx_word' id='word_1_20' title='bbox 88 340 225 400; x_wconf 88' lang='lat' dir='ltr'>magis</span> <span class='ocrx_word' id='word_1_21' title='bbox 247 339 471 398; x_wconf 84' lang='lat' dir='ltr'>diligentes</span> <span class='ocrx_word' id='word_1_22' title='bbox 498 342 641 386; x_wconf 89' lang='lat' dir='ltr'>minus</span> <span class='ocrx_word' id='word_1_23' title='bbox 661 340 794 386; x_wconf 89' lang='lat' dir='ltr'>latine</span> <span class='ocrx_word' id='word_1_24' title='bbox 816 338 1032 384; x_wconf 87' lang='lat' dir='ltr'>declinare</span> <span class='ocrx_word' id='word_1_25' title='bbox 1055 341 1109 385; x_wconf 91' lang='lat' dir='ltr'>de</span> <span class='ocrx_word' id='word_1_26' title='bbox 1133 359 1296 401; x_wconf 75' lang='lat' dir='ltr'>graeco,</span> <span class='ocrx_word' id='word_1_27' title='bbox 1337 361 1470 405; x_wconf 86' lang='lat' dir='ltr'>quam</span> 
     </span>
     <span class='ocr_line' id='line_1_4' title="bbox 89 409 1469 473; baseline 0.006 -19"><span class='ocrx_word' id='word_1_28' title='bbox 89 409 233 455; x_wconf 81' lang='lat' dir='ltr'>dicere</span> <span class='ocrx_word' id='word_1_29' title='bbox 257 429 278 454; x_wconf 87' lang='lat'>«</span> <span class='ocrx_word' id='word_1_30' title='bbox 294 411 548 469; x_wconf 80' lang='lat' dir='ltr'>Finxerunt,</span> <span class='ocrx_word' id='word_1_31' title='bbox 568 431 588 454; x_wconf 91' lang='lat'>»</span> <span class='ocrx_word' id='word_1_32' title='bbox 605 410 726 473; x_wconf 91' lang='lat' dir='ltr'>quod</span> <span class='ocrx_word' id='word_1_33' title='bbox 740 410 975 471; x_wconf 87' lang='lat' dir='ltr'>aliquando</span> <span class='ocrx_word' id='word_1_34' title='bbox 988 412 1116 456; x_wconf 87' lang='lat' dir='ltr'>etiam</span> <span class='ocrx_word' id='word_1_35' title='bbox 1130 412 1184 456; x_wconf 89' lang='lat' dir='ltr'>de</span> <span class='ocrx_word' id='word_1_36' title='bbox 1196 414 1469 461; x_wconf 81' lang='lat' dir='ltr'>simulatione</span> 
     </span>
     <span class='ocr_line' id='line_1_5' title="bbox 89 479 314 525; baseline 0 -1"><span class='ocrx_word' id='word_1_37' title='bbox 89 480 174 524; x_wconf 89' lang='lat' dir='ltr'>dici</span> <span class='ocrx_word' id='word_1_38' title='bbox 191 479 314 525; x_wconf 91' lang='lat' dir='ltr'>solet.</span> 
     </span>
    </p>

    <p class='ocr_par' dir='ltr' id='par_1_3' title="bbox 88 551 1479 2449">
     <span class='ocr_line' id='line_1_6' title="bbox 147 551 1471 612; baseline 0.005 -17"><span class='ocrx_word' id='word_1_39' title='bbox 147 553 228 595; x_wconf 89' lang='lat'><em>111.</em></span> <span class='ocrx_word' id='word_1_40' title='bbox 262 552 347 597; x_wconf 92' lang='lat' dir='ltr'>Sed</span> <span class='ocrx_word' id='word_1_41' title='bbox 380 561 530 596; x_wconf 91' lang='lat' dir='ltr'>utrum</span> <span class='ocrx_word' id='word_1_42' title='bbox 566 553 648 597; x_wconf 89' lang='lat' dir='ltr'>hoc</span> <span class='ocrx_word' id='word_1_43' title='bbox 675 551 916 597; x_wconf 89' lang='lat' dir='ltr'>secundum</span> <span class='ocrx_word' id='word_1_44' title='bbox 941 551 1081 597; x_wconf 80' lang='lat' dir='ltr'>Adam</span> <span class='ocrx_word' id='word_1_45' title='bbox 1105 552 1270 598; x_wconf 85' lang='lat' dir='ltr'>dictum</span> <span class='ocrx_word' id='word_1_46' title='bbox 1301 565 1363 600; x_wconf 84' lang='lat' dir='ltr'>est</span> <span class='ocrx_word' id='word_1_47' title='bbox 1385 591 1395 612; x_wconf 81' lang='lat'>,</span> <span class='ocrx_word' id='word_1_48' title='bbox 1422 573 1471 601; x_wconf 74' lang='lat' dir='ltr'>cx</span> 
     </span>
     <span class='ocr_line' id='line_1_7' title="bbox 89 622 1473 685; baseline 0.004 -20"><span class='ocrx_word' id='word_1_49' title='bbox 89 637 178 682; x_wconf 90' lang='lat' dir='ltr'>quo</span> <span class='ocrx_word' id='word_1_50' title='bbox 200 637 300 665; x_wconf 90' lang='lat' dir='ltr'>cum</span> <span class='ocrx_word' id='word_1_51' title='bbox 338 623 422 666; x_wconf 89' lang='lat' dir='ltr'>sint</span> <span class='ocrx_word' id='word_1_52' title='bbox 448 637 596 666; x_wconf 89' lang='lat' dir='ltr'>omnes</span> <span class='ocrx_word' id='word_1_53' title='bbox 616 622 813 666; x_wconf 84' lang='lat' dir='ltr'>homines</span> <span class='ocrx_word' id='word_1_54' title='bbox 839 624 1090 682; x_wconf 82' lang='lat' dir='ltr'>propagati,</span> <span class='ocrx_word' id='word_1_55' title='bbox 1128 625 1223 685; x_wconf 89' lang='lat' dir='ltr'>quis</span> <span class='ocrx_word' id='word_1_56' title='bbox 1244 626 1473 671; x_wconf 87' lang='lat' dir='ltr'>hominum</span> 
     </span>
     <span class='ocr_line' id='line_1_8' title="bbox 89 690 1473 755; baseline 0.004 -20"><span class='ocrx_word' id='word_1_57' title='bbox 89 691 266 753; x_wconf 87' lang='lat' dir='ltr'>quando</span> <span class='ocrx_word' id='word_1_58' title='bbox 286 691 358 736; x_wconf 91' lang='lat' dir='ltr'>ille</span> <span class='ocrx_word' id='word_1_59' title='bbox 380 690 519 736; x_wconf 87' lang='lat' dir='ltr'>factus</span> <span class='ocrx_word' id='word_1_60' title='bbox 535 702 626 745; x_wconf 89' lang='lat' dir='ltr'>est,</span> <span class='ocrx_word' id='word_1_61' title='bbox 647 692 775 737; x_wconf 91' lang='lat' dir='ltr'>etiam</span> <span class='ocrx_word' id='word_1_62' title='bbox 798 708 842 737; x_wconf 91' lang='lat' dir='ltr'>se</span> <span class='ocrx_word' id='word_1_63' title='bbox 859 692 1024 738; x_wconf 84' lang='lat' dir='ltr'>factum</span> <span class='ocrx_word' id='word_1_64' title='bbox 1052 710 1141 738; x_wconf 90' lang='lat' dir='ltr'>non</span> <span class='ocrx_word' id='word_1_65' title='bbox 1170 705 1310 755; x_wconf 88' lang='lat' dir='ltr'>potest</span> <span class='ocrx_word' id='word_1_66' title='bbox 1332 696 1473 742; x_wconf 90' lang='lat' dir='ltr'>dicere</span> 
     </span>
     <span class='ocr_line' id='line_1_9' title="bbox 88 762 1471 822; baseline 0.004 -15"><span class='ocrx_word' id='word_1_67' title='bbox 88 762 264 819; x_wconf 88' lang='lat' dir='ltr'>originis</span> <span class='ocrx_word' id='word_1_68' title='bbox 281 762 542 822; x_wconf 87' lang='lat' dir='ltr'>seminisque</span> <span class='ocrx_word' id='word_1_69' title='bbox 555 762 746 807; x_wconf 81' lang='lat' dir='ltr'>ratione?</span> <span class='ocrx_word' id='word_1_70' title='bbox 760 766 830 807; x_wconf 87' lang='lat' dir='ltr'>An</span> <span class='ocrx_word' id='word_1_71' title='bbox 852 763 980 808; x_wconf 89' lang='lat' dir='ltr'>etiam</span> <span class='ocrx_word' id='word_1_72' title='bbox 999 765 1242 809; x_wconf 90' lang='lat' dir='ltr'>secundum</span> <span class='ocrx_word' id='word_1_73' title='bbox 1255 767 1338 811; x_wconf 85' lang='lat' dir='ltr'>hoc</span> <span class='ocrx_word' id='word_1_74' title='bbox 1356 777 1471 812; x_wconf 89' lang='lat' dir='ltr'>recte</span> 
     </span>
     <span class='ocr_line' id='line_1_10' title="bbox 88 832 1474 896; baseline 0.005 -20"><span class='ocrx_word' id='word_1_75' title='bbox 88 832 174 877; x_wconf 91' lang='lat' dir='ltr'>dici</span> <span class='ocrx_word' id='word_1_76' title='bbox 196 833 362 893; x_wconf 89' lang='lat' dir='ltr'>potuit,</span> <span class='ocrx_word' id='word_1_77' title='bbox 393 853 412 875; x_wconf 85' lang='lat'>«</span> <span class='ocrx_word' id='word_1_78' title='bbox 431 837 587 878; x_wconf 81' lang='lat' dir='ltr'>Manus</span> <span class='ocrx_word' id='word_1_79' title='bbox 611 844 698 878; x_wconf 85' lang='lat' dir='ltr'>tuae</span> <span class='ocrx_word' id='word_1_80' title='bbox 729 833 927 879; x_wconf 90' lang='lat' dir='ltr'>fecerunt</span> <span class='ocrx_word' id='word_1_81' title='bbox 947 851 1043 891; x_wconf 94' lang='lat' dir='ltr'>me,</span> <span class='ocrx_word' id='word_1_82' title='bbox 1076 845 1119 880; x_wconf 88' lang='lat' dir='ltr'>et</span> <span class='ocrx_word' id='word_1_83' title='bbox 1151 836 1474 896; x_wconf 81' lang='lat' dir='ltr'>plasmaverunt</span> 
     </span>
     <span class='ocr_line' id='line_1_11' title="bbox 91 904 1474 965; baseline 0.005 -19"><span class='ocrx_word' id='word_1_84' title='bbox 91 921 112 946; x_wconf 88' lang='lat'>»</span> <span class='ocrx_word' id='word_1_85' title='bbox 146 918 217 947; x_wconf 91' lang='lat' dir='ltr'>me</span> <span class='ocrx_word' id='word_1_86' title='bbox 237 938 248 958; x_wconf 86' lang='lat'>‚</span> <span class='ocrx_word' id='word_1_87' title='bbox 277 921 296 945; x_wconf 87' lang='lat'>»</span> <span class='ocrx_word' id='word_1_88' title='bbox 322 904 527 963; x_wconf 85' lang='lat' dir='ltr'>quoniam</span> <span class='ocrx_word' id='word_1_89' title='bbox 546 905 844 965; x_wconf 82' lang='lat' dir='ltr'>unusquisque</span> <span class='ocrx_word' id='word_1_90' title='bbox 866 921 955 949; x_wconf 87' lang='lat' dir='ltr'>non</span> <span class='ocrx_word' id='word_1_91' title='bbox 978 906 1069 949; x_wconf 87' lang='lat' dir='ltr'>sine</span> <span class='ocrx_word' id='word_1_92' title='bbox 1094 922 1223 965; x_wconf 90' lang='lat' dir='ltr'>opere</span> <span class='ocrx_word' id='word_1_93' title='bbox 1245 909 1321 952; x_wconf 91' lang='lat' dir='ltr'>Dei</span> <span class='ocrx_word' id='word_1_94' title='bbox 1343 910 1474 954; x_wconf 87' lang='lat' dir='ltr'>etiam</span> 
     </span>
     <span class='ocr_line' id='line_1_12' title="bbox 88 973 1473 1034; baseline 0.004 -15"><span class='ocrx_word' id='word_1_95' title='bbox 88 973 143 1019; x_wconf 91' lang='lat' dir='ltr'>de</span> <span class='ocrx_word' id='word_1_96' title='bbox 164 975 418 1033; x_wconf 83' lang='lat' dir='ltr'>parentibus</span> <span class='ocrx_word' id='word_1_97' title='bbox 440 975 511 1030; x_wconf 87' lang='lat' dir='ltr'>fit,</span> <span class='ocrx_word' id='word_1_98' title='bbox 533 976 625 1034; x_wconf 79' lang='lat' dir='ltr'>ipso</span> <span class='ocrx_word' id='word_1_99' title='bbox 647 986 841 1031; x_wconf 78' lang='lat' dir='ltr'>creante,</span> <span class='ocrx_word' id='word_1_100' title='bbox 876 975 959 1020; x_wconf 89' lang='lat' dir='ltr'>illis</span> <span class='ocrx_word' id='word_1_101' title='bbox 985 978 1327 1034; x_wconf 79' lang='lat' dir='ltr'>generantibus?</span> <span class='ocrx_word' id='word_1_102' title='bbox 1350 983 1473 1033; x_wconf 86' lang='lat' dir='ltr'>Quo-</span> 
     </span>
     <span class='ocr_line' id='line_1_13' title="bbox 89 1045 1474 1105; baseline 0.004 -16"><span class='ocrx_word' id='word_1_103' title='bbox 89 1045 205 1089; x_wconf 87' lang='lat' dir='ltr'>niam</span> <span class='ocrx_word' id='word_1_104' title='bbox 227 1045 261 1089; x_wconf 92' lang='lat' dir='ltr'>si</span> <span class='ocrx_word' id='word_1_105' title='bbox 283 1045 525 1104; x_wconf 84' lang='lat' dir='ltr'>operatoria</span> <span class='ocrx_word' id='word_1_106' title='bbox 558 1047 633 1090; x_wconf 89' lang='lat' dir='ltr'>Dei</span> <span class='ocrx_word' id='word_1_107' title='bbox 660 1047 852 1105; x_wconf 84' lang='lat' dir='ltr'>potentia</span> <span class='ocrx_word' id='word_1_108' title='bbox 875 1046 1003 1090; x_wconf 90' lang='lat' dir='ltr'>rebus</span> <span class='ocrx_word' id='word_1_109' title='bbox 1031 1048 1334 1104; x_wconf 80' lang='lat' dir='ltr'>subtrahatur,</span> <span class='ocrx_word' id='word_1_110' title='bbox 1359 1051 1474 1094; x_wconf 89' lang='lat' dir='ltr'>inte-</span> 
     </span>
     <span class='ocr_line' id='line_1_14' title="bbox 90 1115 1478 1176; baseline 0.003 -16"><span class='ocrx_word' id='word_1_111' title='bbox 90 1123 245 1172; x_wconf 78' lang='lat' dir='ltr'>reunt3</span> <span class='ocrx_word' id='word_1_112' title='bbox 270 1131 350 1159; x_wconf 90' lang='lat' dir='ltr'>nec</span> <span class='ocrx_word' id='word_1_113' title='bbox 369 1115 533 1176; x_wconf 82' lang='lat' dir='ltr'>aliquid</span> <span class='ocrx_word' id='word_1_114' title='bbox 556 1116 842 1160; x_wconf 88' lang='lat' dir='ltr'>omninosive</span> <span class='ocrx_word' id='word_1_115' title='bbox 866 1116 920 1160; x_wconf 90' lang='lat' dir='ltr'>de</span> <span class='ocrx_word' id='word_1_116' title='bbox 938 1116 1090 1161; x_wconf 87' lang='lat' dir='ltr'>mundi</span> <span class='ocrx_word' id='word_1_117' title='bbox 1118 1119 1363 1175; x_wconf 87' lang='lat' dir='ltr'>elementis,</span> <span class='ocrx_word' id='word_1_118' title='bbox 1389 1121 1478 1165; x_wconf 84' lang='lat' dir='ltr'>sive&#39;</span> 
     </span>
     <span class='ocr_line' id='line_1_15' title="bbox 90 1184 1478 1244; baseline 0.005 -15"><span class='ocrx_word' id='word_1_119' title='bbox 90 1184 145 1229; x_wconf 92' lang='lat' dir='ltr'>de</span> <span class='ocrx_word' id='word_1_120' title='bbox 179 1185 470 1244; x_wconf 82' lang='lat' dir='ltr'>genitoribus,</span> <span class='ocrx_word' id='word_1_121' title='bbox 511 1187 598 1229; x_wconf 85' lang='lat' dir='ltr'>sive</span> <span class='ocrx_word' id='word_1_122' title='bbox 632 1185 686 1229; x_wconf 91' lang='lat' dir='ltr'>de</span> <span class='ocrx_word' id='word_1_123' title='bbox 718 1186 955 1229; x_wconf 89' lang='lat' dir='ltr'>seminibus</span> <span class='ocrx_word' id='word_1_124' title='bbox 989 1189 1208 1243; x_wconf 78' lang='lat' dir='ltr'>nascitur,</span> <span class='ocrx_word' id='word_1_125' title='bbox 1241 1190 1275 1233; x_wconf 88' lang='lat' dir='ltr'>si</span> <span class='ocrx_word' id='word_1_126' title='bbox 1303 1206 1350 1234; x_wconf 86' lang='lat' dir='ltr'>ea</span> <span class='ocrx_word' id='word_1_127' title='bbox 1387 1207 1478 1236; x_wconf 91' lang='lat' dir='ltr'>non</span> 
     </span>
     <span class='ocr_line' id='line_1_16' title="bbox 90 1256 1472 1318; baseline 0.004 -18"><span class='ocrx_word' id='word_1_128' title='bbox 90 1265 294 1316; x_wconf 83' lang='lat' dir='ltr'>operetur</span> <span class='ocrx_word' id='word_1_129' title='bbox 334 1259 463 1300; x_wconf 90' lang='lat' dir='ltr'>Deus.</span> <span class='ocrx_word' id='word_1_130' title='bbox 503 1259 684 1315; x_wconf 86' lang='lat' dir='ltr'>Propter</span> <span class='ocrx_word' id='word_1_131' title='bbox 726 1256 847 1316; x_wconf 89' lang='lat' dir='ltr'>quod</span> <span class='ocrx_word' id='word_1_132' title='bbox 890 1257 947 1300; x_wconf 86' lang='lat' dir='ltr'>ait</span> <span class='ocrx_word' id='word_1_133' title='bbox 982 1260 1206 1318; x_wconf 70' lang='lat' dir='ltr'>prophetae</span> <span class='ocrx_word' id='word_1_134' title='bbox 1240 1262 1439 1305; x_wconf 81' lang='lat' dir='ltr'>Jeremiae</span> <span class='ocrx_word' id='word_1_135' title='bbox 1460 1298 1472 1317; x_wconf 96' lang='lat'>,</span> 
     </span>
     <span class='ocr_line' id='line_1_17' title="bbox 94 1325 1476 1386; baseline 0.007 -18"><span class='ocrx_word' id='word_1_136' title='bbox 94 1345 115 1368; x_wconf 77' lang='grc' dir='ltr'>ι(</span> <span class='ocrx_word' id='word_1_137' title='bbox 149 1327 271 1371; x_wconf 88' lang='lat' dir='ltr'>Prius</span> <span class='ocrx_word' id='word_1_138' title='bbox 308 1342 438 1386; x_wconf 89' lang='lat' dir='ltr'>quam</span> <span class='ocrx_word' id='word_1_139' title='bbox 472 1335 513 1369; x_wconf 93' lang='lat' dir='ltr'>te</span> <span class='ocrx_word' id='word_1_140' title='bbox 545 1325 781 1371; x_wconf 85' lang='lat' dir='ltr'>formarem</span> <span class='ocrx_word' id='word_1_141' title='bbox 814 1328 859 1371; x_wconf 90' lang='lat' dir='ltr'>in</span> <span class='ocrx_word' id='word_1_142' title='bbox 887 1337 1033 1383; x_wconf 89' lang='lat' dir='ltr'>utero,</span> <span class='ocrx_word' id='word_1_143' title='bbox 1071 1330 1172 1373; x_wconf 84' lang='lat' dir='ltr'>novi</span> <span class='ocrx_word' id='word_1_144' title='bbox 1206 1333 1288 1375; x_wconf 77' lang='lat' dir='ltr'>te1.</span> <span class='ocrx_word' id='word_1_145' title='bbox 1329 1351 1348 1373; x_wconf 86' lang='lat'>»</span> <span class='ocrx_word' id='word_1_146' title='bbox 1391 1333 1476 1377; x_wconf 87' lang='lat' dir='ltr'>Sed</span> 
     </span>
     <span class='ocr_line' id='line_1_18' title="bbox 90 1396 1474 1463; baseline 0.004 -22"><span class='ocrx_word' id='word_1_147' title='bbox 90 1396 307 1457; x_wconf 91' lang='lat' dir='ltr'>numquid</span> <span class='ocrx_word' id='word_1_148' title='bbox 341 1396 433 1440; x_wconf 92' lang='lat' dir='ltr'>sine</span> <span class='ocrx_word' id='word_1_149' title='bbox 466 1396 691 1441; x_wconf 79' lang='lat' dir='ltr'>intellectu</span> <span class='ocrx_word' id='word_1_150' title='bbox 726 1397 827 1441; x_wconf 85' lang='lat' dir='ltr'>fecit</span> <span class='ocrx_word' id='word_1_151' title='bbox 860 1399 1081 1442; x_wconf 88' lang='lat' dir='ltr'>hominem</span> <span class='ocrx_word' id='word_1_152' title='bbox 1105 1403 1240 1456; x_wconf 83' lang='lat' dir='ltr'>Deus,</span> <span class='ocrx_word' id='word_1_153' title='bbox 1275 1403 1360 1447; x_wconf 87' lang='lat' dir='ltr'>sive</span> <span class='ocrx_word' id='word_1_154' title='bbox 1382 1404 1474 1463; x_wconf 88' lang='lat' dir='ltr'>pri—</span> 
     </span>
     <span class='ocr_line' id='line_1_19' title="bbox 89 1466 1469 1529; baseline 0.006 -19"><span class='ocrx_word' id='word_1_155' title='bbox 89 1482 213 1511; x_wconf 89' lang='lat' dir='ltr'>mum</span> <span class='ocrx_word' id='word_1_156' title='bbox 231 1502 242 1522; x_wconf 92' lang='lat'>,</span> <span class='ocrx_word' id='word_1_157' title='bbox 265 1466 353 1510; x_wconf 91' lang='lat' dir='ltr'>sive</span> <span class='ocrx_word' id='word_1_158' title='bbox 375 1482 734 1527; x_wconf 81' lang='lat' dir='ltr'>unumquemque</span> <span class='ocrx_word' id='word_1_159' title='bbox 756 1470 1044 1524; x_wconf 81' lang='lat' dir='ltr'>nascentium,</span> <span class='ocrx_word' id='word_1_160' title='bbox 1071 1479 1113 1514; x_wconf 92' lang='lat' dir='ltr'>et</span> <span class='ocrx_word' id='word_1_161' title='bbox 1135 1487 1252 1515; x_wconf 90' lang='lat' dir='ltr'>nunc</span> <span class='ocrx_word' id='word_1_162' title='bbox 1270 1471 1386 1517; x_wconf 88' lang='lat' dir='ltr'>dicat</span> <span class='ocrx_word' id='word_1_163' title='bbox 1413 1474 1469 1529; x_wconf 85' lang='lat' dir='ltr'>ei,</span> 
     </span>
     <span class='ocr_line' id='line_1_20' title="bbox 95 1537 1474 1598; baseline 0.006 -18"><span class='ocrx_word' id='word_1_164' title='bbox 95 1556 116 1581; x_wconf 92' lang='lat'>«</span> <span class='ocrx_word' id='word_1_165' title='bbox 149 1541 308 1582; x_wconf 90' lang='lat' dir='ltr'>Manus</span> <span class='ocrx_word' id='word_1_166' title='bbox 332 1546 417 1582; x_wconf 75' lang='lat' dir='ltr'>tuce</span> <span class='ocrx_word' id='word_1_167' title='bbox 440 1537 638 1581; x_wconf 85' lang='lat' dir='ltr'>fecerunt</span> <span class='ocrx_word' id='word_1_168' title='bbox 658 1553 750 1592; x_wconf 87' lang='lat' dir='ltr'>me,</span> <span class='ocrx_word' id='word_1_169' title='bbox 769 1548 812 1582; x_wconf 92' lang='lat' dir='ltr'>et</span> <span class='ocrx_word' id='word_1_170' title='bbox 824 1538 1148 1598; x_wconf 85' lang='lat' dir='ltr'>plasmaverunt</span> <span class='ocrx_word' id='word_1_171' title='bbox 1169 1557 1238 1585; x_wconf 87' lang='lat' dir='ltr'>me</span> <span class='ocrx_word' id='word_1_172' title='bbox 1254 1577 1264 1597; x_wconf 83' lang='lat'>,</span> <span class='ocrx_word' id='word_1_173' title='bbox 1292 1542 1344 1586; x_wconf 89' lang='lat' dir='ltr'>da</span> <span class='ocrx_word' id='word_1_174' title='bbox 1367 1545 1474 1588; x_wconf 87' lang='lat' dir='ltr'>mihi</span> 
     </span>
     <span class='ocr_line' id='line_1_21' title="bbox 95 1607 1477 1667; baseline 0.007 -18"><span class='ocrx_word' id='word_1_175' title='bbox 95 1625 116 1649; x_wconf 89' lang='lat'>»</span> <span class='ocrx_word' id='word_1_176' title='bbox 151 1607 454 1652; x_wconf 79' lang='lat' dir='ltr'>intellectum?</span> <span class='ocrx_word' id='word_1_177' title='bbox 480 1627 499 1649; x_wconf 91' lang='lat'>«</span> <span class='ocrx_word' id='word_1_178' title='bbox 523 1611 678 1652; x_wconf 84' lang='lat' dir='ltr'>Nonne</span> <span class='ocrx_word' id='word_1_179' title='bbox 700 1609 780 1667; x_wconf 90' lang='lat' dir='ltr'>ipsi</span> <span class='ocrx_word' id='word_1_180' title='bbox 802 1619 970 1653; x_wconf 84' lang='lat' dir='ltr'>naturae</span> <span class='ocrx_word' id='word_1_181' title='bbox 993 1611 1196 1655; x_wconf 77' lang='lat' dir='ltr'>humanae</span> <span class='ocrx_word' id='word_1_182' title='bbox 1230 1612 1477 1659; x_wconf 89' lang='lat' dir='ltr'>intellectus</span> 
     </span>
     <span class='ocr_line' id='line_1_22' title="bbox 92 1677 1478 1739; baseline 0.006 -18"><span class='ocrx_word' id='word_1_183' title='bbox 92 1687 157 1722; x_wconf 86' lang='lat' dir='ltr'>est</span> <span class='ocrx_word' id='word_1_184' title='bbox 177 1677 364 1733; x_wconf 82' lang='lat' dir='ltr'>inditus,</span> <span class='ocrx_word' id='word_1_185' title='bbox 390 1686 440 1721; x_wconf 89' lang='lat' dir='ltr'>ut</span> <span class='ocrx_word' id='word_1_186' title='bbox 461 1694 512 1721; x_wconf 95' lang='lat' dir='ltr'>eo</span> <span class='ocrx_word' id='word_1_187' title='bbox 534 1677 803 1723; x_wconf 87' lang='lat' dir='ltr'>discernatur</span> <span class='ocrx_word' id='word_1_188' title='bbox 824 1696 847 1723; x_wconf 93' lang='lat' dir='ltr'>a</span> <span class='ocrx_word' id='word_1_189' title='bbox 869 1683 1049 1739; x_wconf 76' lang='lat' dir='ltr'>pecore?</span> <span class='ocrx_word' id='word_1_190' title='bbox 1067 1685 1136 1725; x_wconf 87' lang='lat' dir='ltr'>An</span> <span class='ocrx_word' id='word_1_191' title='bbox 1159 1683 1217 1726; x_wconf 89' lang='lat' dir='ltr'>sic</span> <span class='ocrx_word' id='word_1_192' title='bbox 1240 1693 1303 1727; x_wconf 89' lang='lat' dir='ltr'>est</span> <span class='ocrx_word' id='word_1_193' title='bbox 1330 1684 1478 1729; x_wconf 87' lang='lat' dir='ltr'>defor-</span> 
     </span>
     <span class='ocr_line' id='line_1_23' title="bbox 91 1747 1479 1815; baseline 0.006 -24"><span class='ocrx_word' id='word_1_194' title='bbox 91 1757 207 1792; x_wconf 88' lang='lat' dir='ltr'>mata</span> <span class='ocrx_word' id='word_1_195' title='bbox 228 1747 448 1808; x_wconf 86' lang='lat' dir='ltr'>peccando</span> <span class='ocrx_word' id='word_1_196' title='bbox 466 1757 515 1792; x_wconf 91' lang='lat' dir='ltr'>ut</span> <span class='ocrx_word' id='word_1_197' title='bbox 537 1749 665 1793; x_wconf 86' lang='lat' dir='ltr'>etiam</span> <span class='ocrx_word' id='word_1_198' title='bbox 683 1749 826 1793; x_wconf 87' lang='lat' dir='ltr'>hocin</span> <span class='ocrx_word' id='word_1_199' title='bbox 842 1766 890 1794; x_wconf 88' lang='lat' dir='ltr'>ea</span> <span class='ocrx_word' id='word_1_200' title='bbox 911 1749 1237 1795; x_wconf 83' lang='lat' dir='ltr'>reformandum</span> <span class='ocrx_word' id='word_1_201' title='bbox 1247 1753 1301 1796; x_wconf 91' lang='lat' dir='ltr'>sit</span> <span class='ocrx_word' id='word_1_202' title='bbox 1315 1756 1332 1797; x_wconf 76' lang='grc' dir='ltr'><em>Ρ</em></span> <span class='ocrx_word' id='word_1_203' title='bbox 1347 1758 1479 1815; x_wconf 89' lang='lat' dir='ltr'>Prop-</span> 
     </span>
     <span class='ocr_line' id='line_1_24' title="bbox 92 1819 1475 1885; baseline 0.006 -23"><span class='ocrx_word' id='word_1_204' title='bbox 92 1828 158 1863; x_wconf 89' lang='lat' dir='ltr'>ter</span> <span class='ocrx_word' id='word_1_205' title='bbox 179 1819 300 1879; x_wconf 89' lang='lat' dir='ltr'>quod</span> <span class='ocrx_word' id='word_1_206' title='bbox 322 1828 364 1862; x_wconf 91' lang='lat' dir='ltr'>et</span> <span class='ocrx_word' id='word_1_207' title='bbox 387 1819 618 1878; x_wconf 78' lang='lat' dir='ltr'>Apostolus</span> <span class='ocrx_word' id='word_1_208' title='bbox 641 1820 844 1864; x_wconf 85' lang='lat' dir='ltr'>omnibus</span> <span class='ocrx_word' id='word_1_209' title='bbox 863 1819 916 1864; x_wconf 85' lang='lat' dir='ltr'>ad</span> <span class='ocrx_word' id='word_1_210' title='bbox 948 1823 1318 1880; x_wconf 85' lang='lat' dir='ltr'>regenerationem</span> <span class='ocrx_word' id='word_1_211' title='bbox 1338 1827 1475 1885; x_wconf 87' lang='lat' dir='ltr'>perti-</span> 
     </span>
     <span class='ocr_line' id='line_1_25' title="bbox 92 1889 1476 1949; baseline 0.007 -17"><span class='ocrx_word' id='word_1_212' title='bbox 92 1889 298 1933; x_wconf 90' lang='lat' dir='ltr'>nentibus</span> <span class='ocrx_word' id='word_1_213' title='bbox 321 1889 450 1943; x_wconf 86' lang='lat' dir='ltr'>dicit,</span> <span class='ocrx_word' id='word_1_214' title='bbox 475 1908 494 1930; x_wconf 90' lang='lat'>«</span> <span class='ocrx_word' id='word_1_215' title='bbox 520 1890 807 1933; x_wconf 85' lang='lat' dir='ltr'>chovamini</span> <span class='ocrx_word' id='word_1_216' title='bbox 824 1891 977 1949; x_wconf 85' lang='lat' dir='ltr'>spiritu</span> <span class='ocrx_word' id='word_1_217' title='bbox 998 1894 1154 1936; x_wconf 90' lang='lat' dir='ltr'>mentis</span> <span class='ocrx_word' id='word_1_218' title='bbox 1176 1899 1369 1940; x_wconf 73' lang='lat' dir='ltr'>vestrae2.</span> <span class='ocrx_word' id='word_1_219' title='bbox 1396 1907 1476 1941; x_wconf 86' lang='lat' dir='ltr'>»et</span> 
     </span>
     <span class='ocr_line' id='line_1_26' title="bbox 93 1958 1477 2020; baseline 0.006 -17"><span class='ocrx_word' id='word_1_220' title='bbox 93 1959 246 2018; x_wconf 90' lang='lat' dir='ltr'>utique</span> <span class='ocrx_word' id='word_1_221' title='bbox 266 1958 513 2003; x_wconf 89' lang='lat' dir='ltr'>intellectus</span> <span class='ocrx_word' id='word_1_222' title='bbox 535 1959 579 2003; x_wconf 90' lang='lat' dir='ltr'>in</span> <span class='ocrx_word' id='word_1_223' title='bbox 597 1969 741 2003; x_wconf 88' lang='lat' dir='ltr'>mente</span> <span class='ocrx_word' id='word_1_224' title='bbox 762 1969 840 2004; x_wconf 91' lang='lat' dir='ltr'>est.</span> <span class='ocrx_word' id='word_1_225' title='bbox 867 1960 978 2005; x_wconf 90' lang='lat' dir='ltr'>Hinc</span> <span class='ocrx_word' id='word_1_226' title='bbox 997 1977 1142 2007; x_wconf 90' lang='lat' dir='ltr'>rursus</span> <span class='ocrx_word' id='word_1_227' title='bbox 1165 1964 1244 2020; x_wconf 80' lang='lat' dir='ltr'>ait,</span> <span class='ocrx_word' id='word_1_228' title='bbox 1274 1985 1293 2007; x_wconf 92' lang='lat'>«</span> <span class='ocrx_word' id='word_1_229' title='bbox 1319 1967 1477 2011; x_wconf 78' lang='lat' dir='ltr'>Refor-</span> 
     </span>
     <span class='ocr_line' id='line_1_27' title="bbox 97 2029 1476 2099; baseline 0.008 -27"><span class='ocrx_word' id='word_1_230' title='bbox 97 2047 118 2071; x_wconf 89' lang='lat'>»</span> <span class='ocrx_word' id='word_1_231' title='bbox 152 2029 330 2073; x_wconf 76' lang='lat' dir='ltr'>memini</span> <span class='ocrx_word' id='word_1_232' title='bbox 351 2029 397 2073; x_wconf 91' lang='lat' dir='ltr'>in</span> <span class='ocrx_word' id='word_1_233' title='bbox 418 2029 610 2073; x_wconf 82' lang='lat' dir='ltr'>novitate</span> <span class='ocrx_word' id='word_1_234' title='bbox 627 2045 774 2074; x_wconf 88' lang='lat' dir='ltr'>sensus</span> <span class='ocrx_word' id='word_1_235' title='bbox 796 2031 925 2075; x_wconf 87' lang='lat' dir='ltr'>vestri</span> <span class='ocrx_word' id='word_1_236' title='bbox 941 2032 972 2075; x_wconf 76' lang='lat'>3.</span> <span class='ocrx_word' id='word_1_237' title='bbox 1001 2049 1021 2073; x_wconf 86' lang='lat'>»</span> <span class='ocrx_word' id='word_1_238' title='bbox 1047 2035 1110 2076; x_wconf 89' lang='lat' dir='ltr'>De</span> <span class='ocrx_word' id='word_1_239' title='bbox 1131 2034 1196 2077; x_wconf 92' lang='lat' dir='ltr'>his</span> <span class='ocrx_word' id='word_1_240' title='bbox 1230 2045 1375 2080; x_wconf 89' lang='lat' dir='ltr'>autem</span> <span class='ocrx_word' id='word_1_241' title='bbox 1399 2039 1476 2099; x_wconf 89' lang='lat' dir='ltr'>qui</span> 
     </span>
     <span class='ocr_line' id='line_1_28' title="bbox 92 2099 1474 2169; baseline 0.007 -24"><span class='ocrx_word' id='word_1_242' title='bbox 92 2100 223 2161; x_wconf 84' lang='lat' dir='ltr'>hujus</span> <span class='ocrx_word' id='word_1_243' title='bbox 237 2099 570 2158; x_wconf 84' lang='lat' dir='ltr'>regenerationis</span> <span class='ocrx_word' id='word_1_244' title='bbox 591 2110 810 2145; x_wconf 90' lang='lat' dir='ltr'>consortes</span> <span class='ocrx_word' id='word_1_245' title='bbox 832 2117 923 2146; x_wconf 90' lang='lat' dir='ltr'>non</span> <span class='ocrx_word' id='word_1_246' title='bbox 943 2111 1065 2146; x_wconf 86' lang='lat' dir='ltr'>erant</span> <span class='ocrx_word' id='word_1_247' title='bbox 1081 2139 1092 2158; x_wconf 88' lang='lat'>,</span> <span class='ocrx_word' id='word_1_248' title='bbox 1118 2123 1137 2145; x_wconf 91' lang='lat'>«</span> <span class='ocrx_word' id='word_1_249' title='bbox 1166 2108 1280 2161; x_wconf 89' lang='lat' dir='ltr'>Hoc,</span> <span class='ocrx_word' id='word_1_250' title='bbox 1306 2108 1474 2169; x_wconf 89' lang='lat' dir='ltr'>inquit,</span> 
     </span>
     <span class='ocr_line' id='line_1_29' title="bbox 97 2169 1469 2234; baseline 0.01 -21"><span class='ocrx_word' id='word_1_251' title='bbox 97 2189 119 2213; x_wconf 86' lang='lat'>»</span> <span class='ocrx_word' id='word_1_252' title='bbox 154 2169 252 2215; x_wconf 91' lang='lat' dir='ltr'>dico</span> <span class='ocrx_word' id='word_1_253' title='bbox 269 2180 312 2214; x_wconf 88' lang='lat' dir='ltr'>et</span> <span class='ocrx_word' id='word_1_254' title='bbox 327 2171 586 2215; x_wconf 86' lang='lat' dir='ltr'>testificorin</span> <span class='ocrx_word' id='word_1_255' title='bbox 604 2172 803 2227; x_wconf 89' lang='lat' dir='ltr'>Domino,</span> <span class='ocrx_word' id='word_1_256' title='bbox 824 2182 874 2217; x_wconf 92' lang='lat' dir='ltr'>ut</span> <span class='ocrx_word' id='word_1_257' title='bbox 888 2189 976 2218; x_wconf 91' lang='lat' dir='ltr'>non</span> <span class='ocrx_word' id='word_1_258' title='bbox 994 2175 1089 2234; x_wconf 87' lang='lat' dir='ltr'>jam</span> <span class='ocrx_word' id='word_1_259' title='bbox 1112 2176 1342 2224; x_wconf 86' lang='lat' dir='ltr'>ambuletis</span> <span class='ocrx_word' id='word_1_260' title='bbox 1357 2180 1469 2227; x_wconf 86' lang='lat' dir='ltr'>sicut</span> 
     </span>
     <span class='ocr_line' id='line_1_30' title="bbox 98 2240 1471 2302; baseline 0.01 -20"><span class='ocrx_word' id='word_1_261' title='bbox 98 2259 119 2283; x_wconf 90' lang='lat'>»</span> <span class='ocrx_word' id='word_1_262' title='bbox 154 2250 198 2284; x_wconf 84' lang='lat' dir='ltr'>et</span> <span class='ocrx_word' id='word_1_263' title='bbox 219 2242 376 2285; x_wconf 91' lang='lat' dir='ltr'>Gentes</span> <span class='ocrx_word' id='word_1_264' title='bbox 399 2240 625 2285; x_wconf 87' lang='lat' dir='ltr'>ambulant</span> <span class='ocrx_word' id='word_1_265' title='bbox 645 2241 690 2285; x_wconf 89' lang='lat' dir='ltr'>in</span> <span class='ocrx_word' id='word_1_266' title='bbox 714 2243 902 2287; x_wconf 87' lang='lat' dir='ltr'>vanitate</span> <span class='ocrx_word' id='word_1_267' title='bbox 923 2245 1079 2288; x_wconf 89' lang='lat' dir='ltr'>mentis</span> <span class='ocrx_word' id='word_1_268' title='bbox 1110 2261 1221 2302; x_wconf 84' lang='lat' dir='ltr'>suae,</span> <span class='ocrx_word' id='word_1_269' title='bbox 1252 2248 1471 2296; x_wconf 85' lang='lat' dir='ltr'>obscurati</span> 
     </span>
     <span class='ocr_line' id='line_1_31' title="bbox 99 2310 1477 2380; baseline 0.009 -27"><span class='ocrx_word' id='word_1_270' title='bbox 99 2329 120 2354; x_wconf 93' lang='lat'>»</span> <span class='ocrx_word' id='word_1_271' title='bbox 154 2310 453 2368; x_wconf 85' lang='lat' dir='ltr'>intelligentia,</span> <span class='ocrx_word' id='word_1_272' title='bbox 475 2310 683 2355; x_wconf 86' lang='lat' dir='ltr'>alienatia</span> <span class='ocrx_word' id='word_1_273' title='bbox 699 2312 767 2356; x_wconf 85' lang='lat' dir='ltr'>via</span> <span class='ocrx_word' id='word_1_274' title='bbox 788 2314 865 2357; x_wconf 93' lang='lat' dir='ltr'>Dei</span> <span class='ocrx_word' id='word_1_275' title='bbox 882 2329 957 2373; x_wconf 79' lang='lat' dir='ltr'>per</span> <span class='ocrx_word' id='word_1_276' title='bbox 974 2315 1277 2374; x_wconf 82' lang='lat' dir='ltr'>ignorantiam,</span> <span class='ocrx_word' id='word_1_277' title='bbox 1300 2337 1397 2380; x_wconf 82' lang='lat' dir='ltr'>quae</span> <span class='ocrx_word' id='word_1_278' title='bbox 1413 2331 1477 2367; x_wconf 85' lang='lat' dir='ltr'>est</span> 
     </span>
     <span class='ocr_line' id='line_1_32' title="bbox 99 2379 1476 2449; baseline 0.011 -26"><span class='ocrx_word' id='word_1_279' title='bbox 99 2399 121 2423; x_wconf 85' lang='lat'>»</span> <span class='ocrx_word' id='word_1_280' title='bbox 155 2381 202 2425; x_wconf 91' lang='lat' dir='ltr'>in</span> <span class='ocrx_word' id='word_1_281' title='bbox 226 2379 308 2424; x_wconf 86' lang='lat' dir='ltr'>illis</span> <span class='ocrx_word' id='word_1_282' title='bbox 329 2390 505 2441; x_wconf 92' lang='lat' dir='ltr'>propter</span> <span class='ocrx_word' id='word_1_283' title='bbox 525 2382 765 2428; x_wconf 87' lang='lat' dir='ltr'>caecitatem</span> <span class='ocrx_word' id='word_1_284' title='bbox 787 2383 928 2428; x_wconf 89' lang='lat' dir='ltr'>cordis</span> <span class='ocrx_word' id='word_1_285' title='bbox 948 2400 1099 2430; x_wconf 89' lang='lat' dir='ltr'>eorum</span> <span class='ocrx_word' id='word_1_286' title='bbox 1111 2387 1142 2431; x_wconf 75' lang='lat'>4.</span> <span class='ocrx_word' id='word_1_287' title='bbox 1163 2406 1182 2430; x_wconf 90' lang='lat'>»</span> <span class='ocrx_word' id='word_1_288' title='bbox 1203 2392 1383 2449; x_wconf 87' lang='lat' dir='ltr'>Propter</span> <span class='ocrx_word' id='word_1_289' title='bbox 1398 2392 1476 2438; x_wconf 92' lang='lat' dir='ltr'>hos</span> 
     </span>
    </p>
   </div>
   <div class='ocr_carea' id='block_1_3' title="bbox 104 2476 1477 2566">
    <p class='ocr_par' dir='ltr' id='par_1_4' title="bbox 104 2476 1477 2566">
     <span class='ocr_line' id='line_1_33' title="bbox 147 2476 1477 2531; baseline 0.008 -22"><span class='ocrx_word' id='word_1_290' title='bbox 147 2483 156 2500; x_wconf 88' lang='lat'>¹</span> <span class='ocrx_word' id='word_1_291' title='bbox 179 2479 300 2510; x_wconf 84' lang='lat' dir='ltr'>Jerem.</span> <span class='ocrx_word' id='word_1_292' title='bbox 325 2487 349 2519; x_wconf 85' lang='grc' dir='ltr'>ι,</span> <span class='ocrx_word' id='word_1_293' title='bbox 369 2476 402 2509; x_wconf 91' lang='grc'>5.</span> <span class='ocrx_word' id='word_1_294' title='bbox 423 2494 464 2500; x_wconf 87' lang='grc'>-</span> <span class='ocrx_word' id='word_1_295' title='bbox 483 2484 496 2500; x_wconf 82' lang='lat'>²</span> <span class='ocrx_word' id='word_1_296' title='bbox 514 2478 630 2522; x_wconf 47' lang='lat' dir='ltr'>Ephesi</span> <span class='ocrx_word' id='word_1_297' title='bbox 650 2489 695 2520; x_wconf 84' lang='lat' dir='ltr'>iv,</span> <span class='ocrx_word' id='word_1_298' title='bbox 726 2480 780 2511; x_wconf 77' lang='lat'>23.</span> <span class='ocrx_word' id='word_1_299' title='bbox 803 2495 842 2502; x_wconf 91' lang='lat'>·-</span> <span class='ocrx_word' id='word_1_300' title='bbox 862 2478 875 2502; x_wconf 87' lang='lat'><em>3</em></span> <span class='ocrx_word' id='word_1_301' title='bbox 894 2482 984 2512; x_wconf 82' lang='lat' dir='ltr'>Rom.</span> <span class='ocrx_word' id='word_1_302' title='bbox 1012 2493 1066 2523; x_wconf 69' lang='lat' dir='ltr'>KH,</span> <span class='ocrx_word' id='word_1_303' title='bbox 1090 2491 1109 2514; x_wconf 88' lang='lat'>2</span> <span class='ocrx_word' id='word_1_304' title='bbox 1129 2499 1168 2506; x_wconf 91' lang='lat'><em>-</em></span> <span class='ocrx_word' id='word_1_305' title='bbox 1188 2482 1204 2513; x_wconf 72' lang='grc'>4</span> <span class='ocrx_word' id='word_1_306' title='bbox 1223 2485 1337 2527; x_wconf 75' lang='lat' dir='ltr'>EpheS.</span> <span class='ocrx_word' id='word_1_307' title='bbox 1357 2498 1402 2529; x_wconf 77' lang='lat' dir='ltr'>iv,</span> <span class='ocrx_word' id='word_1_308' title='bbox 1426 2500 1477 2531; x_wconf 73' lang='lat'>¹7&gt;</span> 
     </span>
     <span class='ocr_line' id='line_1_34' title="bbox 104 2533 266 2566; baseline -0.006 0"><span class='ocrx_word' id='word_1_309' title='bbox 104 2533 143 2566; x_wconf 78' lang='lat'>18</span> <span class='ocrx_word' id='word_1_310' title='bbox 160 2538 194 2566; x_wconf 85' lang='lat' dir='ltr'>et</span> <span class='ocrx_word' id='word_1_311' title='bbox 213 2534 266 2566; x_wconf 83' lang='lat'>23.</span> 
     </span>
    </p>
   </div>
   <div class='ocr_carea' id='block_1_4' title="bbox 1228 2597 1291 2634">
    <p class='ocr_par' dir='ltr' id='par_1_5' title="bbox 1228 2597 1291 2634">
     <span class='ocr_line' id='line_1_35' title="bbox 1228 2597 1291 2634; baseline 0.095 -6"><span class='ocrx_word' id='word_1_312' title='bbox 1228 2597 1291 2634; x_wconf 66' lang='lat'>30.</span> 
     </span>
    </p>
   </div>
  </div>
 </body>
</html>
