1848 3261
349 224 366 259 1
377 220 430 260 50
644 247 648 248 γ
766 229 799 257 5.
836 230 1065 258 AUGUSTINI
1097 232 1278 258 Eprscom

342 313 432 343 non
452 296 644 341 creditur
669 316 678 341 :
702 312 810 357 quos
831 305 874 340 et
894 312 970 341 vos
1000 297 1247 342 inveniretis
1262 332 1274 353 ,
1302 298 1335 343 si
1364 296 1556 354 velletis,
1581 298 1616 343 si
1636 298 1721 343 cir—

340 366 681 427 cumspiceretis,
707 367 741 411 si
773 367 828 411 ad
854 368 938 411 hoc
965 366 1219 426 vigilaretis,
1243 378 1293 412 ut
1323 366 1516 413 fructum
1542 368 1716 414 daretis.

339 439 437 484 Dixi
471 437 591 499 quod
628 438 752 497 potui
769 473 780 492 ,
815 447 1029 498 quantum
1063 439 1201 497 potui.
1247 442 1359 483 Puto
1398 426 1543 484 autem
1577 440 1721 484 mani-

339 509 470 554 festos
505 525 582 553 nos
617 524 706 552 esse
738 508 884 563 vobis,
915 509 1024 552 sicut
1045 509 1103 552 ait
1127 508 1360 567 Apostolus
1377 544 1388 564 ,
1414 525 1503 554 non
1524 509 1623 554 ideo
1642 526 1722 555 nos

338 581 507 635 dicere,
549 590 599 624 ut
631 580 677 622 in
704 595 782 623 nos
809 580 888 622 ista
921 578 1101 624 faciatis.
1140 583 1320 624 Praestet
1349 583 1491 635 Deus,
1538 590 1588 624 ut
1625 582 1722 626 haec

338 667 429 696 non
447 650 606 694 frustra
628 649 809 692 dixerim
831 669 840 694 z
866 659 1041 708 praestet
1064 653 1192 704 Deus,
1212 659 1263 694 ut
1285 660 1399 694 terra
1419 651 1594 710 irrigata
1615 652 1720 707 sitis,

336 738 426 767 non
447 720 632 781 lapidea,
653 721 762 764 sicut
785 722 809 763 J
814 718 1056 771 udaeorum,
1077 720 1195 763 unde
1210 720 1380 765 tabulas
1402 720 1593 780 lapideas
1615 722 1724 766 acci-

337 808 439 852 pere
455 799 708 835 meruerunt
723 789 817 846 ,sed
831 787 943 834 terra
961 789 1316 845 fructifera,terra
1329 807 1430 851 quae
1442 791 1613 849 irrigata
1628 792 1724 837 red-

337 863 413 907 dat
431 861 646 922 agricolae.
666 861 736 905 Ilh'
756 861 837 920 ipsi
859 861 989 905 corde
1002 860 1189 920 lapideo,
1209 861 1328 921 quod
1350 861 1638 919 significatum
1660 872 1725 907 est

336 933 518 993 lapideis
539 931 699 977 tabulis
713 968 723 988 ,
745 932 932 976 decimas
955 930 1134 975 dabant.
1162 932 1304 975 Etiam
1329 932 1495 990 gemitis
1512 967 1522 987 ,
1551 941 1595 976 et
1615 932 1725 976 nihil

338 1003 482 1049 adhuc
514 1004 614 1047 exit.
647 1003 690 1048 Si
723 1002 890 1061 gemitis
911 1038 922 1056 ,
959 1002 1201 1061 parturite,
1235 1002 1269 1045 si
1290 1001 1511 1061 parturitis
1531 1037 1542 1057 ,
1567 1002 1720 1061 parite.

338 1077 482 1129 Quare
500 1073 684 1133 gemitus
702 1073 872 1116 inanis?
894 1088 1030 1132 quare
1049 1072 1233 1131 gemitus
1255 1072 1434 1116 sterilis?
1447 1072 1620 1116 Viscera
1641 1082 1726 1116 tor-

333 1144 552 1208 quentur,
577 1161 726 1189 annon
747 1154 811 1188 est
831 1145 948 1187 intus
969 1144 1091 1204 quod
1121 1143 1306 1188 edatur?
1334 1164 1353 1185 «
1374 1144 1532 1202 Rigans
1555 1153 1725 1188 montes

335 1235 358 1259 >›
393 1216 448 1261 de
468 1215 761 1276 superioribus
785 1215 870 1258 suis
891 1233 901 1259 z
927 1213 981 1258 de
1006 1213 1154 1258 fructu
1183 1230 1365 1273 operum
1397 1224 1574 1259 tuorum
1597 1215 1726 1258 satia-

339 1306 362 1329 »
397 1288 516 1331 bitur
536 1296 665 1330 terra.
689 1304 709 1326 »
731 1285 852 1329 Beati
870 1286 946 1344 qui
970 1284 1150 1338 faciunt,
1177 1285 1293 1328 beati
1311 1285 1387 1344 qui
1407 1285 1486 1329 ista
1505 1285 1727 1329 fructuose

342 1357 550 1411 audiunt,
572 1357 688 1400 beati
711 1356 788 1416 qui
804 1371 896 1399 non
916 1355 1102 1398 inaniter
1122 1354 1325 1398 clamant.
1346 1375 1365 1397 «
1383 1358 1443 1399 De
1464 1354 1610 1399 fructu
1629 1371 1728 1415 ope-

343 1448 363 1472 »
400 1443 497 1472 rum
519 1437 696 1471 tuorum
712 1426 941 1471 satiabitur
958 1435 1070 1469 terra
1084 1445 1093 1469 :
1108 1424 1354 1484 producens
1367 1425 1539 1469 foenum
1556 1427 1729 1486 jumen-

346 1519 367 1542 »
403 1500 454 1543 tis
470 1534 480 1554 ,
506 1506 549 1541 et
569 1498 751 1541 herbam
774 1496 969 1540 servituti
990 1496 1234 1539 hominum.
1253 1514 1272 1536 >›
1300 1498 1353 1540 Ut
1369 1496 1477 1556 quid
1495 1497 1610 1540 hoe?
1632 1515 1652 1538 «
1672 1498 1730 1540 Ut

346 1589 368 1613 n
403 1569 560 1614 educat
582 1583 738 1628 panem
753 1566 808 1610 de
830 1576 958 1610 terra.
988 1586 1007 1607 »
1032 1570 1171 1620 Quem
1198 1568 1388 1626 panem?
1409 1567 1646 1612 Christum.
1666 1570 1730 1611 De

345 1657 432 1702 qua
453 1640 597 1684 terra?
619 1641 682 1682 De
705 1641 832 1681 Petro
846 1672 858 1692 ,
889 1636 944 1680 de
968 1637 1103 1681 Paulo
1120 1672 1130 1691 ,
1156 1637 1210 1680 de
1233 1637 1397 1680 caeteris
1419 1636 1728 1696 dispensatori-

347 1714 430 1757 bus
451 1710 658 1756 veritatis.
691 1709 808 1754 Audi
839 1708 941 1769 quia
970 1708 1025 1752 de
1052 1718 1165 1752 terra
1188 1727 1196 1752 :
1228 1727 1248 1750 «
1270 1707 1492 1752 Habemus
1513 1743 1523 1763 ,
1561 1709 1726 1769 inquit,

349 1802 370 1825 >›
406 1783 658 1827 thesaurum
692 1780 825 1824 istum
856 1781 901 1823 in
934 1779 1041 1823 vasis
1074 1778 1280 1823 fictilibus
1298 1814 1308 1833 ,
1333 1789 1383 1822 ut
1405 1780 1640 1824 eminentia
1676 1781 1732 1825 sit

349 1873 369 1896 n
404 1852 575 1898 virtutis
595 1852 713 1895 Dei1.
740 1854 836 1910 Ipse
858 1859 921 1894 est
941 1850 1063 1910 panis
1092 1850 1167 1910 qui
1191 1849 1245 1894 de
1267 1848 1381 1894 coelo
1407 1848 1632 1899 descendit
1645 1855 1678 1906 ²,
1707 1870 1727 1894 »

348 1933 399 1969 ut
419 1939 442 1968 e
463 1933 575 1967 terra
605 1921 839 1975 educatur,
863 1936 963 1965 cum
988 1936 1065 1980 per
1098 1935 1318 1964 servorum
1341 1935 1518 1964 suorum
1556 1937 1732 1966 carnem

348 1993 627 2055 praedicatur.
656 1995 785 2036 Terra
820 1991 993 2035 foenum
1019 1990 1223 2051 producit
1239 2025 1250 2045 ,
1279 1999 1329 2034 ut
1363 2006 1520 2050 panem
1542 1990 1597 2035 de
1619 2001 1732 2035 terra

350 2065 524 2111 educat.
550 2068 658 2118 Quae
686 2073 798 2107 terra
820 2061 988 2106 foenum
1010 2062 1240 2123 producit?
1264 2061 1417 2105 Plebes
1443 2063 1525 2121 piae
1546 2097 1556 2117 ,
1583 2063 1733 2122 plebes

350 2147 523 2182 sanctae.
552 2139 609 2181 Ut
630 2135 684 2180 de
705 2151 793 2195 qua
814 2145 926 2179 terra
949 2136 1072 2194 panis
1101 2133 1343 2178 educatur?
1365 2133 1561 2177 Verbum
1580 2134 1657 2177 Dei
1679 2133 1734 2177 de

352 2207 591 2269 ApostoliS,
613 2207 668 2251 de
686 2206 1053 2266 dispensatoribus
1075 2213 1441 2250 sacramentorum
1463 2204 1566 2259 Dei,
1591 2205 1735 2249 adhuc

353 2279 526 2323 interra
542 2277 878 2331 ambulantibus,
891 2277 1033 2321 adhuc
1042 2291 1197 2335 corpus
1209 2285 1427 2318 terrenum
1443 2274 1730 2334 portantibus.

412 2351 537 2393 XIII.
569 2368 587 2390 «
612 2351 669 2392 Et
689 2349 841 2392 vinum
864 2347 1052 2391 laetificat
1070 2362 1144 2390 cor
1164 2346 1390 2390 hominis3.
1416 2363 1436 2385 »
1458 2347 1594 2389 Nemo
1616 2359 1660 2388 se
1680 2343 1736 2387 ad

354 2421 583 2464 cbritatem
604 2429 749 2478 paret,
774 2418 862 2461 imo
880 2434 923 2461 se
941 2418 1078 2461 omnis
1099 2408 1230 2461 homo
1252 2416 1307 2459 ad
1324 2415 1576 2459 ebrietatem
1594 2424 1731 2473 paret.

361 2509 380 2532 «
414 2490 535 2536 Calix
555 2500 656 2534 tuus
678 2489 893 2533 inebrians
916 2505 1047 2549 quam
1070 2487 1300 2548 praeclarus
1323 2496 1386 2530 est
1402 2487 1416 2510 ⁴
1436 2485 1444 2529 l
1475 2504 1493 2526 »
1523 2484 1735 2530 Nolumus

407 2582 415 2597 ¹
438 2584 456 2606 2
474 2577 545 2607 Cor.
561 2586 605 2616 iv,
626 2585 656 2615 7.
674 2591 715 2597 —-
739 2576 856 2605 ²J03n.
878 2585 923 2614 vi,
942 2573 997 2614 [μ.
1020 2589 1059 2595 ——
1082 2571 1095 2596 3
1114 2572 1274 2612 Psal.cn1,
1299 2572 1347 2604 15.
1368 2589 1409 2595 —-
1432 2569 1449 2600 4
1473 2571 1519 2603 Id.
1536 2581 1614 2611 xxn,
1634 2569 1664 2601 5.
