1848 3261
379 266 433 303 30
811 270 843 299 s.
882 270 1111 298 AUGUSTINI
1144 268 1325 295 EPISCOPI

371 340 543 384 invenio
561 340 770 399 majorem
794 335 1003 395 gemitum
1022 333 1076 377 de
1098 331 1210 376 male
1233 339 1450 389 gemente,
1471 340 1547 375 aut
1568 346 1658 375 non
1680 345 1758 389 ge-

372 418 530 454 mente.
558 409 681 453 Facit
697 405 913 460 fraudem,
932 413 975 448 et
989 401 1164 462 gaudet.
1185 406 1278 454 Quo
1289 400 1444 445 lucro?
1463 416 1552 462 quo
1572 400 1759 445 damno?

373 480 613 541 Aequisivit
635 478 864 539 pecuniam
882 511 892 531 ,
919 473 1109 535 perdidit
1129 473 1358 534 justitiam.
1385 473 1530 516 Gemit
1550 472 1653 516 hinc
1684 471 1761 531 qui

374 566 540 610 gemere
562 551 683 595 novit
717 569 726 594 ε
753 548 829 608 qui
859 546 989 606 capiti
1022 546 1317 605 propinquat,
1352 545 1451 604 qui1
1482 552 1598 588 recte
1625 544 1762 587 haeret

374 622 544 681 corpori
576 621 749 675 Christi,
789 620 922 678 gemit
962 618 1079 662 inde.
1119 617 1322 663 carnales
1358 625 1506 660 autem
1537 631 1628 660 non
1658 613 1762 658 inde

376 701 572 751 gemunt,
599 700 642 735 et
661 690 893 749 gemendos
918 705 962 733 se
983 687 1167 743 faciunt,
1192 687 1294 748 quia
1316 702 1405 731 non
1426 685 1528 730 inde
1546 694 1726 744 gemunt
1749 704 1758 729 ε

376 778 456 806 nec
484 777 555 806 eos
583 775 827 820 possumus,
859 759 927 803 vel
948 775 1038 804 non
1060 767 1297 817 gementes,
1321 757 1391 803 vel
1408 756 1520 800 male
1544 764 1764 815 gementes

375 841 671 876 contemnere.
693 830 908 875 Volumus
930 830 1048 873 enim
1066 844 1137 873 eos
1150 828 1380 887 corrigere,
1399 826 1599 873 volumus
1617 841 1765 870 emcn-

376 902 494 958 dare,
523 902 725 947 volumus
752 916 950 961 reparare
979 919 988 946 :
1016 909 1060 944 et
1082 900 1260 961 quando
1291 915 1379 944 non
1417 913 1661 958 possumus,
1688 912 1765 956 ge·-

378 975 560 1032 mimus,
589 984 755 1018 etcum
791 973 1018 1032 gemimus,
1050 987 1141 1016 non
1163 972 1217 1015 ab
1249 972 1347 1030 ipsis
1377 985 1641 1030 separamur.
1675 987 1696 1010 «
1728 971 1766 1012 A

380 1063 400 1086 »
442 1060 547 1089 voce
577 1045 694 1088 enim
727 1043 913 1103 gemitus
946 1042 1031 1086 mei
1065 1042 1341 1086 adhaeserunt
1376 1057 1469 1086 ossa
1518 1055 1618 1084 mea
1652 1038 1767 1083 carni

380 1136 399 1157 »
446 1132 598 1162 meae.»
615 1116 906 1160 Adhaeserunt
931 1114 1064 1158 sortes
1093 1112 1315 1166 invalidis,
1340 1112 1618 1156 adhaeserunt
1647 1110 1767 1154 firmi

376 1187 572 1231 infirmis.
599 1186 724 1231 Unde
757 1185 1064 1230 adhaeserunt?
1093 1188 1132 1229 A
1161 1199 1268 1228 voce
1291 1184 1474 1242 gemitus
1497 1183 1586 1238 sui,
1616 1197 1706 1226 non
1743 1196 1768 1225 a

377 1274 483 1303 voce
526 1259 709 1318 gemitus
736 1257 927 1302 illorum.
964 1259 1059 1310 Qua
1090 1255 1184 1314 lege
1231 1255 1536 1310 adhaeserunt,
1572 1253 1653 1298 nisi
1681 1268 1768 1314 qua

378 1328 544 1373 dictum
599 1338 687 1384 est,
731 1347 752 1370 «
787 1328 1002 1371 Debemus
1043 1326 1159 1371 enim
1191 1342 1270 1371 nos
1315 1327 1431 1370 firmi
1468 1325 1766 1370 infirmitatem

383 1418 403 1441 »
444 1400 718 1444 infirmorum
759 1407 935 1458 portare
953 1399 1004 1442 ²?
1044 1396 1336 1442 Adhaeserunt
1391 1412 1483 1442 ossa
1518 1411 1614 1440 mea
1650 1393 1770 1440 carni

383 1487 404 1511 ))
445 1485 606 1513 meae.»

440 1543 538 1585 Vll.
566 1560 586 1582 «
614 1538 769 1585 Similis
792 1538 932 1583 factus
967 1554 1063 1583 sum
1085 1538 1284 1598 pelicano
1309 1573 1320 1592 ,
1350 1538 1427 1599 qui
1446 1536 1616 1582 habitat
1637 1536 1684 1580 in
1703 1550 1769 1580 so-

385 1629 404 1653 »
439 1610 648 1669 litudine,
673 1609 814 1655 factus
833 1626 930 1654 sum
958 1610 1071 1654 sicut
1091 1609 1342 1667 nycticorax
1363 1608 1408 1653 in
1432 1607 1666 1668 parietinis.
1691 1605 1768 1650 Vi-
1791 1614 1800 1621 ‘

384 1701 404 1724 »
442 1682 585 1742 gilavi,
611 1692 654 1727 et
669 1682 810 1726 tactus
833 1698 930 1726 sum
947 1683 1059 1726 sicut
1081 1697 1242 1741 passer,
1267 1680 1494 1740 singularis
1508 1681 1555 1724 in
1570 1679 1722 1724 tecto3.
1744 1695 1764 1719 n

383 1756 495 1798 Ecce
517 1764 603 1798 tres
620 1769 735 1810 aveS,
760 1763 804 1798 et
819 1753 901 1798 tria
921 1753 1032 1808 loca,
1061 1752 1167 1813 quid
1193 1752 1273 1796 sibi
1292 1751 1442 1808 velint,
1467 1752 1602 1796 donet
1618 1749 1769 1795 Domi-

383 1840 466 1868 nus
488 1834 536 1869 ut
559 1824 752 1869 dicamus
769 1860 780 1879 ,
803 1833 846 1868 et
868 1833 918 1868 ut
935 1823 1119 1868 audiatis
1141 1822 1306 1868 utiliter
1332 1822 1452 1884 quod
1471 1822 1632 1867 dicitur
1654 1819 1771 1865 salu-

386 1896 534 1940 briter.
565 1894 682 1948 Quid
701 1895 782 1939 sibi
801 1895 957 1940 volunt
975 1904 1061 1939 tres
1085 1910 1199 1950 aveS‚
1223 1904 1267 1939 et
1291 1895 1372 1939 tria
1394 1894 1516 1938 loca?
1543 1898 1648 1947 Quae
1682 1902 1770 1936 tres

386 1968 510 2010 aves?
542 1965 784 2021 Pelicanus,
810 1965 1076 2023 nycticorax»,
1101 1974 1145 2009 et
1165 1980 1309 2024 passer
1334 1984 1343 2009 :
1372 1973 1416 2008 et
1435 1964 1517 2008 tria
1535 1963 1646 2018 loca,
1666 1962 1771 2007 soli-

385 2035 508 2091 tudo,
528 2036 768 2095 parietinae,
793 2044 835 2079 et
861 2045 1042 2079 tectum.
1068 2034 1293 2079 Pelicanus
1316 2034 1362 2077 in
1383 2033 1634 2089 solitudine,
1658 2047 1771 2090 nyc-

387 2108 552 2152 ticorax
572 2108 618 2150 in
639 2107 875 2166 parietinis,
898 2122 1045 2166 passer
1066 2107 1112 2150 in
1136 2115 1266 2150 tecto.
1293 2106 1438 2150 Primo
1460 2104 1568 2165 quid
1589 2105 1644 2149 sit
1659 2102 1772 2163 peli-

387 2195 536 2234 canus,
561 2177 797 2222 dicendum
828 2187 905 2221 est.
939 2181 992 2221 In
1022 2193 1071 2221 ea
1098 2177 1260 2237 quippe
1294 2177 1468 2235 regione
1489 2176 1697 2231 nascitur,
1723 2183 1774 2219 ut

387 2251 513 2295 nobis
526 2250 673 2308 ignota
685 2249 779 2292 haec
793 2250 880 2292 avis
896 2249 965 2292 sit.
981 2248 1231 2293 Nasciturin
1246 2246 1572 2303 solitudinibus,
1587 2246 1773 2290 maxime

387 2320 470 2366 Nili
492 2319 699 2373 fluminis,
723 2319 770 2362 in
792 2322 996 2378 AEgypto.
1024 2318 1239 2372 Quaelibet
1256 2319 1309 2362 sit
1331 2319 1419 2363 avis
1440 2319 1550 2373 haec,
1576 2317 1695 2378 quod
1717 2315 1773 2360 de

389 2390 461 2435 illa
487 2390 680 2435 Psalmus
701 2389 842 2434 dicere
867 2390 1025 2445 voluit,
1057 2391 1139 2435 hoc
1160 2391 1421 2434 intueamur.
1447 2409 1468 2432 «
1495 2389 1686 2443 Habitat,
1708 2388 1773 2431 in-

394 2480 413 2502 »
450 2463 560 2521 quit,
576 2462 621 2504 in
643 2460 918 2504 solitudine.»
936 2460 1049 2513 Quid
1067 2462 1222 2521 quaeris
1244 2462 1428 2505 formam
1446 2461 1551 2520 ejus,
1577 2460 1772 2503 membra

392 2535 498 2594 ejus,
525 2549 676 2577 vocem
698 2534 804 2592 ejus,
836 2548 976 2577 mores
1000 2534 1116 2593 ejus?
1138 2536 1363 2586 Quantum
1388 2532 1468 2576 tibi
1499 2530 1690 2576 psalmus
1711 2529 1771 2574 di-

442 2623 450 2641 ¹
471 2618 575 2650 Forte
596 2617 718 2650 stricte.
740 2633 779 2639 —
800 2623 812 2640 ²
831 2618 922 2649 Rom.
942 2628 997 2659 xv,
1020 2629 1047 2649 1.
1071 2633 1112 2640 -
1133 2615 1146 2640 3
1165 2616 1245 2649 Psal.
1262 2626 1305 2658 cr,
1326 2627 1359 2659 7,
1383 2615 1415 2649 8.
