1848 3261
424 248 666 278 mumma-10
697 251 743 277 m
775 247 978 276 PSALMUM
1007 249 1126 274 cvm.
1378 237 1457 275 261

89 336 108 358 »
143 315 338 360 monium
373 315 506 359 habet
524 351 535 370 ,
571 325 614 359 et
638 313 821 367 insanit,
857 311 964 372 quid
993 327 1094 355 eum
1127 309 1283 355 auditis
1303 314 1349 356 ²?
1376 333 1393 355 »ι
1418 323 1462 357 et

84 395 236 430 caetera
259 385 375 430 talia.
394 390 486 438 Qua
510 385 776 430 detractione
793 383 848 427 ab
869 382 944 427 illo
967 381 1219 426 avertebant
1240 397 1333 436 eos,
1357 399 1464 443 quo-

84 473 181 501 rum
199 457 522 501 conversionem
535 456 608 500 ille
629 454 866 516 quaerebat.
879 456 936 497 Et
952 453 1050 497 ideo
1073 452 1216 512 potius
1236 452 1320 496 hoc
1338 452 1460 508 dixit,

83 537 132 572 ut
155 527 401 576 ostenderet
420 527 554 586 magis
574 542 645 570 eos
665 540 821 569 nocere
844 524 919 584 qui
941 524 1113 569 Christo
1135 522 1399 578 detrahunt,
1425 533 1469 568 et

82 614 160 658 per
189 599 274 642 hoc
311 599 474 643 animas
505 596 804 649 interficiunt,
833 610 965 654 quam
997 594 1074 653 qui
1108 594 1198 652 ejus
1236 592 1466 638 mortalem

83 683 257 712 carnem
279 683 379 712 mox
406 667 643 727 praesertim
670 675 1007 710 resurrecturam
1028 662 1246 708 saeviendo
1267 679 1466 723 pereme-

83 747 201 782 runt.

142 811 196 852 V.
226 807 308 853 Sed
332 823 432 851 cum
463 807 636 851 dixisset
662 826 670 851 :
700 825 717 846 «
751 810 834 850 Pro
855 820 907 849 eo
935 814 984 849 ut
1017 803 1247 863 diligerent
1267 819 1360 859 me,
1387 804 1464 849 de-

88 898 106 920 »
141 878 372 921 trahebant
394 877 499 920 mihi
525 896 533 921 ε
565 897 581 918 »
608 876 714 936 quid
734 877 824 920 ait?
851 895 867 915 «
896 878 989 934 Ego
1017 885 1162 918 autem
1190 876 1367 919 orabam
1380 878 1413 919 2.
1442 893 1463 915 ³)

82 951 180 994 Non
203 948 380 1008 quidem
402 947 509 992 dixit
530 947 635 1007 quid.
655 948 807 991 orabat
833 966 842 991 :
868 946 942 990 sed
966 945 1072 1006 quid
1090 945 1243 989 melius
1263 944 1469 1002 intelligi-

83 1034 195 1072 mus,
213 1033 344 1078 quam
362 1033 440 1077 pro
463 1018 521 1061 eis
542 1018 896 1077 ipsis?Crucifixo
913 1016 1028 1059 enim
1051 1016 1236 1059 maxime
1263 1014 1468 1059 detrahe-

82 1091 210 1144 bant,
236 1088 412 1149 quando
443 1088 565 1132 velut
586 1089 777 1142 homini,
813 1103 945 1147 quem
968 1086 1092 1146 quasi
1116 1086 1310 1130 vicerant
1326 1121 1336 1141 ,
1362 1085 1468 1129 illu-

83 1161 247 1205 debant
270 1180 277 1204 :
312 1161 366 1203 de
388 1175 473 1220 qua
506 1175 633 1203 cruce
670 1158 742 1202 ille
765 1157 870 1202 dixit
898 1178 906 1202 ε
937 1177 954 1197 «
981 1161 1133 1211 Pater,
1159 1157 1332 1214 ignosce
1353 1155 1436 1201 illis
1454 1191 1466 1212 ‚

88 1252 106 1272 »
141 1231 240 1290 quia
263 1230 464 1273 nesciunt
485 1229 592 1289 quid
616 1228 825 1272 faciunt3.
849 1230 937 1272 »Ut
957 1228 1164 1287 quoniam
1181 1228 1226 1269 in
1247 1226 1471 1285 profundo

82 1300 360 1359 malignitatis
377 1300 618 1343 reddebant
639 1299 718 1358 ipsi
740 1298 851 1342 mala
870 1314 948 1357 pro
970 1297 1111 1351 bonis,
1138 1295 1211 1339 ille
1231 1296 1277 1339 in
1300 1312 1469 1341 summo

83 1371 361 1430 benignitatis
382 1369 580 1414 redderet
599 1370 711 1414 bona
728 1384 807 1427 pro
830 1367 967 1411 malis.
994 1370 1254 1426 Quanquam
1274 1367 1385 1410 bene
1407 1367 1473 1410 in-

83 1441 304 1499 telligatur
326 1440 452 1484 etiam
475 1455 553 1499 pro
569 1439 798 1497 Discipulis
817 1439 902 1481 suis
916 1453 1071 1491 orasse,
1088 1436 1207 1496 quod
1224 1437 1351 1480 etiam
1370 1446 1470 1481 ante

83 1514 324 1573 passionem
342 1527 463 1555 suam
485 1511 616 1565 dixit,
642 1526 695 1554 ne
713 1510 917 1553 deficeret
934 1507 1039 1551 fides
1057 1523 1209 1552 eorum
1223 1509 1237 1534 ⁴
1255 1543 1265 1561 ,
1291 1507 1469 1568 quando

83 1584 173 1643 ipse
194 1581 388 1642 pendens
409 1582 454 1624 in
480 1580 620 1639 ligno,
645 1589 695 1623 ut
728 1578 1053 1623 commendaret
1074 1577 1328 1636 patientiam
1344 1613 1354 1629 ‚
1380 1593 1472 1622 non

84 1651 340 1698 ostendebat
361 1651 595 1711 potentiam
612 1650 725 1693 inter
737 1648 868 1692 verba
882 1647 1221 1702 detrahentium,
1241 1663 1350 1708 quos
1371 1663 1472 1707 pos-

85 1733 147 1769 set
170 1722 315 1767 divina
337 1730 548 1781 potestate
570 1720 728 1765 delere.
760 1719 843 1764 Sed
875 1719 997 1763 nobis
1025 1717 1175 1762 utilius
1207 1727 1299 1762 erat
1314 1754 1325 1773 ,
1350 1719 1471 1779 quod

84 1793 305 1854 patientiae
323 1792 548 1851 praebebat
569 1789 833 1848 exemplum,
848 1804 979 1849 quam
997 1789 1030 1832 si
1047 1805 1144 1833 suos
1162 1789 1357 1833 inimicos
1379 1790 1471 1833 sine

86 1863 294 1907 dilatione
315 1859 541 1920 perdendo
556 1895 567 1914 ,
599 1859 653 1902 ad
676 1861 758 1903 hoc
781 1874 859 1902 nos
880 1859 1134 1913 aedificaret,
1163 1868 1212 1902 ut
1235 1859 1469 1918 impatien-

86 1944 150 1978 ter
163 1933 458 1977 festinaremus
476 1930 530 1974 de
547 1930 610 1974 his
627 1946 734 1990 quos
757 1929 891 1974 malos
909 1930 1099 1989 patimur
1117 1930 1357 1975 vindicaris
1370 1946 1471 1975 cum

85 2006 291 2064 scriptum
310 2004 364 2046 sit
384 2023 392 2047 z
422 2022 442 2044 «
467 2002 622 2046 Melior
649 2011 711 2046 est
733 2002 899 2061 patiens
922 2016 1054 2060 quam
1075 2000 1141 2045 vir
1162 2000 1324 2045 fortis⁵.
1351 2021 1368 2041 »
1387 2004 1471 2046 Do-

85 2084 186 2120 cent
213 2074 345 2133 igitur
375 2089 454 2117 nos
486 2071 631 2116 divina
663 2071 833 2132 eloquia
866 2071 1084 2116 dominico
1114 2070 1340 2130 exemplo,
1368 2087 1470 2116 cum

86 2144 287 2190 audimus
311 2163 319 2187 :
357 2162 374 2183 «
401 2146 485 2187 Pro
512 2158 562 2187 eo
584 2152 634 2186 ut
656 2141 886 2200 diligerent
909 2157 1002 2195 me,
1021 2141 1308 2185 detrahebant
1332 2141 1439 2185 mihi
1455 2177 1466 2197 ,

91 2236 108 2258 »
144 2231 224 2273 ego
254 2223 396 2257 autem
421 2213 596 2257 orabam
618 2234 628 2271 3
664 2234 680 2253 »
714 2221 764 2256 ut
784 2211 961 2271 quando
983 2211 1151 2272 aliquos
1173 2212 1380 2255 sentimus
1401 2212 1470 2255 in-

87 2296 228 2345 gratos
246 2321 256 2341 ,
280 2301 368 2329 non
383 2284 524 2329 solum
546 2301 634 2328 non
657 2283 887 2327 reddentes
907 2282 1022 2327 bona
1037 2318 1048 2337 ,
1074 2282 1148 2327 sed
1170 2283 1345 2341 insuper
1368 2282 1469 2327 red-

87 2357 238 2400 dentes
274 2355 386 2399 mala
409 2370 488 2414 pro
511 2355 658 2408 bonis,
686 2369 762 2397 nos
785 2368 971 2396 oremus.
998 2355 1055 2396 Et
1072 2353 1161 2412 ipse
1193 2352 1369 2413 quidem
1391 2369 1471 2413 pro

88 2427 179 2471 aliis
199 2426 270 2470 vel
288 2426 561 2470 saevientibus
576 2461 586 2480 ,
612 2424 681 2469 vel
703 2423 968 2478 dolentibus,
996 2424 1099 2467 etin
1116 2422 1203 2467 fide
1224 2423 1475 2483 periclitan-

136 2531 144 2545 1
169 2526 258 2554 Joan.
283 2535 314 2562 x,
330 2532 383 2554 20.
405 2540 441 2545 —-·
462 2529 475 2545 2
492 2522 571 2554 Psal.
592 2533 678 2561 evin,
695 2521 725 2563 ἢ.
744 2538 783 2542 --
801 2519 813 2542 3
834 2522 1014 2560 Lucrum,
1035 2521 1087 2561 34.
1109 2538 1149 2542 -
1169 2519 1340 2561 41d.xxn‚
1359 2520 1411 2552 3¹2.
1429 2538 1471 2543 -—

85 2577 97 2599 5
122 2581 215 2611 Prov.
236 2589 302 2609 xm.
319 2578 369 2609 ἲς).
