1848 3261
261 223 502 255 ENARRATIO
535 226 580 252 m
613 222 814 254 PsALMUM
845 224 979 250 cxvm
998 241 1008 261 ,
1044 221 1181 252 senMo
1213 225 1292 252 xu.
1381 213 1463 253 433

84 291 270 351 pleatur,
285 292 360 336 sed
380 301 427 336 ut
444 292 491 335 in
513 307 561 335 ea
574 300 686 335 sorte
702 290 770 346 sit,
786 287 942 347 quaein
963 286 1039 331 illo
1058 289 1321 350 quandoque
1335 290 1469 350 possit

83 362 269 421 impleri,
286 377 385 406 cum
400 381 419 404 «
431 362 707 406 Liberabitur
718 375 740 403 a
751 359 955 403 servitute
976 359 1363 418 corruptionis,»1et
1379 362 1469 420 spi-

83 432 171 476 ritu
195 441 238 476 et
259 433 400 477 anima
419 442 462 476 et
479 447 658 492 corpore
677 466 687 486 ‚
732 449 752 472 «
777 432 829 474 In
847 428 1094 474 libertatem
1113 429 1260 488 gloriae
1285 430 1473 475 filiorum

88 521 106 543 »
122 503 221 557 Dei,
249 520 269 543 »
294 503 372 546 ubi
389 504 479 562 jam
500 518 589 547 non
605 500 751 546 videat
765 499 1031 544 vanitatem?

144 575 203 615 ΙΙ.
240 575 424 617 Possunt
451 571 629 631 quidem
646 570 778 614 verba
793 569 877 621 ,ista
899 570 957 614 sic
978 570 1179 630 intelligi,
1205 587 1295 616 non
1316 581 1474 631 praeter

83 641 278 700 regulam
300 643 402 687 fidei
421 662 429 687 :
447 642 523 686 sed
543 642 615 686 hic
632 640 741 685 alius
758 656 922 692 sensus,
947 657 1079 701 quem
1093 642 1201 686 mihi
1218 642 1355 687 fateor
1375 642 1472 703 plus

83 712 269 771 placere.
296 714 506 757 Dominus
534 713 580 756 in
602 710 839 770 Evangelio
863 711 967 755 dicit
993 731 1002 756 :
1032 731 1052 754 «
1090 714 1131 757 Si
1160 712 1291 756 suerit
1323 713 1475 758 oculus

87 800 108 824 »
143 791 244 826 tuus
267 783 461 842 simplex,
474 793 617 827 totum
630 798 784 841 corpus
799 792 926 826 tuum
943 782 1139 827 lucidum
1158 785 1253 829 crit.
1272 785 1314 829 Si
1331 794 1477 829 autem

86 870 108 894 >›
143 853 295 897 oculus
324 864 426 899 tuus
450 854 582 898 fuerit
610 869 820 913 nequam,
854 862 996 897 totum
1024 870 1179 914 corpus
1201 865 1326 899 tuum
1354 865 1477 901 teue-

86 941 107 964 »
143 923 320 968 brosum
341 925 436 969 erit.
456 925 498 970 Si
520 940 622 983 ergo
634 924 783 967 lumen
802 923 922 984 quod
938 924 983 967 in
1002 933 1043 968 te
1058 934 1136 980 est,
1152 926 1342 969 tenebrae
1355 935 1473 981 sunt,

87 1010 108 1033 »
144 993 247 1052 ipsae
262 994 456 1037 tenebrae
472 1003 647 1054 quantae
670 995 880 1037 erunt¹?»
907 994 1093 1038 Proinde
1117 997 1260 1052 magni
1279 996 1471 1051 interest,

83 1079 183 1107 cum
207 1063 373 1123 aliquid
396 1065 501 1108 boni
520 1064 715 1118 facimus,
741 1066 863 1124 cujus
881 1065 942 1107 rei
963 1066 1331 1124 contemplatione
1347 1066 1476 1110 facia-

83 1149 194 1177 mus.
221 1135 426 1178 Officium
444 1136 606 1195 quippe
628 1144 841 1188 nostrum,
863 1150 952 1178 non
976 1133 1137 1189 officio,
1157 1135 1231 1178 sed
1254 1137 1340 1180 fine
1370 1152 1478 1196 pen-

84 1204 268 1248 sandum
300 1214 364 1248 est
390 1226 400 1261 3
430 1214 480 1248 ut
512 1204 676 1248 scilicet
706 1220 796 1247 non
824 1213 995 1248 tantum
1018 1206 1049 1249 si
1074 1206 1240 1250 bonum
1265 1219 1328 1252 est
1360 1208 1481 1268 quod

85 1273 370 1328 facimus,sed
392 1274 610 1332 praecipue
632 1274 666 1317 si
689 1274 856 1317 bonum
868 1284 931 1318 est
947 1285 1125 1334 propter
1141 1277 1260 1336 quod
1279 1277 1475 1334 facimus,

85 1344 345 1402 cogitemus.
367 1347 455 1387 Hos
473 1343 639 1399 oculos,
655 1343 815 1404 quibus
837 1345 1186 1404 contemplamur
1201 1363 1334 1407 quare
1356 1347 1481 1393 facia·

85 1429 182 1457 mus
204 1412 326 1474 quod
356 1412 538 1457 facimus
558 1448 569 1468 ,
602 1413 735 1457 averti
763 1414 900 1472 poscit
921 1430 976 1458 ne
1005 1415 1183 1461 videant
1214 1417 1448 1462 vanitatem
1466 1454 1477 1474 ‚

85 1483 131 1528 id
154 1494 233 1539 est,
254 1499 309 1527 ne
332 1484 444 1528 hanc
468 1483 690 1538 attendat,
724 1493 901 1543 propter
918 1500 1049 1542 quam
1067 1486 1219 1543 faciat,
1247 1504 1346 1532 cum
1375 1490 1481 1534 boni

87 1555 252 1615 aliquid
276 1553 393 1599 facit.
421 1558 474 1598 In
506 1570 592 1615 qua
619 1555 810 1599 vanitate
837 1555 1109 1615 praecipuum
1141 1557 1288 1602 locum
1311 1560 1480 1605 obtinet

88 1640 208 1669 amor
233 1624 372 1669 laudis
395 1625 623 1680 humanae,
653 1633 832 1683 propter
852 1640 981 1684 quam
1010 1626 1149 1670 multa
1176 1643 1331 1686 magna
1360 1631 1481 1674 fece-

88 1704 208 1749 runt,
229 1695 463 1754 quimagni
480 1695 525 1738 in
542 1695 626 1739 hoc
641 1694 800 1738 saeculo
820 1695 1030 1739 nominati
1051 1706 1152 1740 sunt
1169 1733 1179 1752 ,
1203 1698 1480 1760 multumque

88 1763 255 1808 laudati
278 1765 323 1807 in
340 1764 586 1808 civitatibus
601 1764 812 1822 gentium,
832 1775 1074 1824 quaerentes
1087 1783 1176 1811 non
1191 1768 1307 1827 apud
1322 1773 1477 1826 Deum,

90 1836 164 1879 sed
175 1834 293 1893 apud
303 1835 499 1878 homines
511 1833 689 1891 gloriam
698 1869 708 1888 ,
721 1845 759 1877 et
770 1844 947 1893 propter
963 1837 1075 1881 hanc
1089 1837 1209 1882 velut
1221 1839 1475 1898 prudenter,

91 1903 276 1960 fortiter,
301 1913 613 1963 temperanter,
633 1906 837 1964 justeque
849 1906 1069 1964 viventes,
1095 1908 1150 1952 ad
1171 1925 1300 1969 quam
1322 1927 1480 1970 perve-

90 1975 257 2018 nientes
278 1983 566 2034 perceperunt
582 1972 826 2017 mercedem
848 1978 1097 2029 suam,vani
1117 1993 1288 2024 vanam.
1306 1982 1374 2025 Ab
1396 1983 1479 2027 hac

90 2034 280 2088 vanitate
314 2044 464 2088 volens
486 2044 696 2088 Dominus
720 2053 910 2088 avertere
933 2046 1081 2090 oculos
1105 2064 1281 2093 suorum
1310 2070 1318 2095 :
1349 2070 1368 2093 «
1394 2055 1476 2097 At-

95 2132 115 2156 »
151 2113 332 2169 tendite,
355 2114 514 2173 inquit,
540 2128 594 2156 ne
607 2114 819 2172 justitiam
840 2125 1026 2160 vestram
1049 2116 1211 2163 faciatis
1229 2135 1374 2165 coram
1394 2122 1477 2167 ho-

95 2202 117 2226 »
153 2184 361 2238 minibus,
394 2193 445 2226 ut
464 2182 697 2227 videamini
719 2184 773 2226 ab
796 2185 875 2241 eis3
907 2185 1098 2245 alioquin
1120 2189 1364 2235 mercedem
1387 2208 1478 2239 non

97 2273 118 2296 »
152 2254 366 2298 habebitis
394 2253 511 2313 apud
544 2256 714 2297 Patrem
751 2263 962 2310 vestrum,
988 2257 1063 2316 qui
1095 2259 1140 2302 in
1162 2260 1281 2305 coelis
1304 2271 1367 2306 cst
1380 2267 1412 2307 2.
1452 2281 1472 2305 »

95 2323 262 2368 Deinde
290 2339 387 2367 cum
412 2323 544 2382 ipsius
560 2323 737 2383 justitiae
760 2324 968 2384 quasdam
996 2337 1136 2386 partes
1158 2342 1442 2391 exequeretur
1462 2369 1474 2389 ,

95 2394 348 2454 praecipiens
370 2393 424 2437 de
446 2392 728 2451 eleemosynis
744 2428 754 2448 ,
780 2393 834 2438 de
851 2396 1068 2453 oratione,
1088 2399 1143 2443 de
1159 2401 1327 2460 jejunio
1342 2438 1354 2459 ,
1380 2404 1479 2449 ubi-

146 2498 155 2515 ¹
176 2491 289 2524 Matth.
309 2503 357 2532 vr,
376 2500 434 2531 22,
453 2490 507 2523 23.
531 2507 573 2514 -
595 2497 607 2513 ²
626 2490 707 2523 Ibid.
733 2500 760 2522 1.

339 2566 494 2597 cxvm.
1322 2565 1374 2604 28
