1848 3261
380 196 466 236 480
810 210 843 237 s.
878 207 1110 239 AUGUSTINI
1142 211 1324 239 EPISCOPI

379 281 482 317 sunt
503 272 582 316 nisi
601 273 843 318 veritatem.
878 277 993 333 Ergo
1020 294 1040 317 «
1075 273 1232 336 adjuva
1253 291 1322 319 me
1338 310 1349 332 ‚
1379 295 1397 318 »
1433 285 1484 321 ut
1504 286 1665 322 certem
1681 292 1762 337 pro

378 344 558 388 veritate
587 361 725 406 usque
748 345 803 390 ad
824 356 1009 391 mortem
1033 367 1041 392 :
1068 347 1170 408 quia
1188 357 1231 392 et
1252 348 1337 393 hoc
1359 357 1484 393 tuum
1505 349 1762 394 mandatum

377 424 467 470 est,
485 425 527 459 et
541 416 640 461 ideo
658 425 700 460 et
721 417 804 461 hoc
825 418 982 461 veritas
1004 427 1081 462 est.

435 489 534 531 VII.
561 490 654 532 Hoc
671 503 771 532 cum
787 488 948 532 faceret
964 489 1171 545 Ecclesia,
1192 505 1315 550 passa
1333 499 1396 534 est
1415 490 1536 550 quod
1550 490 1760 550 adjunxit,

381 575 401 598 «
434 557 570 601 Paulo
600 558 743 601 minus
765 569 1177 605 consummaverunt
1198 576 1267 604 me
1287 561 1332 604 in
1365 562 1503 604 terra¹
1533 576 1542 601 :
1572 578 1593 601 »
1626 559 1765 604 multa

371 627 536 671 scilicet
556 636 696 686 strage
718 631 962 686 Martyrum
989 627 1103 673 facta
1117 665 1127 685 ,
1157 630 1264 674 dum
1297 631 1563 675 confitentur
1584 639 1627 674 et
1649 645 1764 688 prae—

373 696 521 741 dicant
541 697 781 741 veritatem.
808 698 892 743 Sed
913 699 1014 758 quia
1028 714 1120 743 non
1135 698 1294 744 frustra
1317 701 1484 744 dictum
1497 709 1576 755 est,
1595 699 1765 759 Adjuva

372 782 442 811 me
468 786 477 812 :
506 787 527 810 «
551 770 646 827 Ego
668 777 812 812 autem
830 804 841 824 ,
868 769 1013 829 inquit
1029 805 1040 825 ‚
1066 785 1156 814 non
1179 769 1391 830 dereliqui
1413 770 1618 814 mandata
1640 779 1761 813 tua.»

431 840 551 882 VIII.
576 842 720 900 Atque
738 849 787 884 ut
805 849 948 899 posset
969 856 1239 900 perseverare
1257 856 1396 902 usque
1417 842 1462 885 in
1475 843 1608 885 finem
1625 860 1634 885 :
1655 859 1676 882 «
1689 842 1766 885 Se-

373 927 395 951 »
431 909 626 954 cundum
664 911 1026 968 misericordiam,
1054 913 1220 973 inquit,
1250 922 1373 958 tuam
1399 913 1570 958 vivifica
1601 927 1698 969 me3
1723 920 1766 956 et

376 1001 394 1021 »
430 981 672 1026 custodiam
704 982 947 1026 testimonia
969 983 1053 1027 oris
1081 984 1147 1028 tui
1164 987 1181 1010 ²
1206 998 1215 1024 :
1244 1002 1265 1025 »
1292 1000 1391 1044 quae
1423 998 1586 1041 graecus
1629 982 1765 1025 habet

375 1071 396 1094 ι(
430 1053 654 1116 Martyria.
684 1071 704 1094 »
731 1052 860 1106 Quod
884 1054 1116 1098 tacendum
1133 1070 1223 1099 non
1239 1054 1345 1110 fuit,
1367 1063 1544 1114 propter
1565 1052 1764 1097 dulcissi-

372 1138 492 1167 mum
523 1126 768 1181 Martyrum
791 1140 952 1168 nomen
970 1159 980 1179 ,
1007 1125 1082 1184 qui
1104 1124 1258 1184 procul
1278 1125 1415 1169 dubio
1442 1123 1619 1184 quando
1641 1132 1763 1168 tanta

370 1195 724 1253 persequentium
743 1194 975 1239 crudelitas
999 1195 1218 1250 saeviebat,
1244 1205 1295 1239 ut
1312 1195 1503 1239 Ecclesia
1526 1194 1657 1254 paulo
1678 1194 1763 1237 mi-

370 1280 451 1308 nus
474 1272 849 1309 consummaretur
862 1265 908 1308 in
926 1274 1054 1319 terra,
1073 1265 1196 1309 nullo
1211 1265 1342 1309 modo
1357 1265 1434 1309 Dei
1453 1265 1659 1322 martyria
1672 1279 1764 1308 cus-

370 1334 581 1389 todirent,
607 1336 687 1379 nisi
705 1337 828 1379 fieret
846 1335 904 1395 eis
928 1335 1046 1395 qued
1066 1336 1136 1379 hic
1153 1345 1325 1379 oratum
1343 1344 1406 1379 est
1431 1355 1439 1379 :
1470 1354 1488 1376 «
1511 1334 1761 1380 Secundum

371 1423 391 1446 »
428 1406 765 1450 misericordiam
780 1415 900 1449 tuam
922 1406 1092 1450 vivifica
1110 1421 1194 1450 me.
1214 1425 1234 1447 »
1263 1406 1479 1450 Vivificati
1501 1415 1604 1450 sunt
1625 1406 1759 1460 enim,

369 1491 424 1519 ne
446 1477 634 1521 amando
649 1477 782 1521 vitam
794 1512 804 1532 ‚
822 1485 1030 1534 negarent
1046 1477 1178 1520 vitam
1191 1511 1201 1531 ‚
1218 1485 1261 1520 et
1275 1475 1474 1534 negando
1486 1477 1619 1521 vitam
1635 1476 1763 1520 amit-

369 1556 511 1591 terent
532 1549 682 1592 vitam.
709 1552 772 1592 Ac
794 1548 852 1591 sic
883 1548 959 1607 qui
981 1563 1060 1607 pro
1088 1548 1175 1603 vita
1204 1548 1431 1592 veritatem
1460 1547 1656 1592 deserere
1677 1562 1761 1592 no—

367 1617 546 1663 luerunt
562 1653 573 1674 ,
598 1617 827 1663 moriendo
844 1633 923 1678 pro
939 1618 1122 1662 veritate
1144 1619 1363 1663 vixerunt.

870 1894 1094 1935 SERMO
1141 1894 1265 1932 XXI.

428 2044 463 2084 I.
501 2042 632 2084 Homo
650 2037 727 2098 qui
746 2036 942 2097 loquitur
957 2037 1003 2080 in
1020 2038 1100 2081 isto
1117 2036 1287 2081 Psalmo
1302 2071 1313 2091 ,
1337 2045 1548 2096 tanquam
1574 2036 1753 2081 taederet

368 2126 468 2155 eum
486 2108 787 2154 mutabilitatis
802 2108 1032 2152 hominum
1049 2143 1059 2162 ‚
1085 2108 1203 2152 unde
1226 2108 1313 2151 vita
1332 2108 1412 2150 ista
1440 2107 1752 2151 tentationibus

367 2182 494 2243 plena
532 2190 618 2236 est,
649 2181 761 2224 inter
798 2178 1099 2223 tribulationes
1139 2194 1235 2222 suas
1255 2214 1265 2233 ‚
1292 2187 1471 2237 propter
1494 2194 1601 2238 quas
1624 2193 1757 2237 supra

368 2254 555 2298 dixerat:
576 2272 592 2292 «
612 2251 755 2311 Iniqui
770 2249 982 2309 persecuti
995 2259 1191 2303 suntme,
1204 2270 1220 2290 »
1234 2258 1291 2303 et,
1309 2248 1476 2292 «Paulo
1490 2248 1634 2292 minus
1652 2264 1752 2293 con-

369 2343 389 2366 »
426 2330 753 2368 summaverunt
768 2336 837 2363 me
859 2321 903 2363 in
916 2329 1027 2364 terra
1048 2341 1058 2376 3
1084 2339 1102 2360 »
1123 2319 1417 2363 inflammatus
1435 2318 1647 2363 desiderio
1660 2334 1754 2363 coe-

366 2395 482 2439 lestis
503 2391 766 2446 Jerusalem,
789 2392 832 2434 in
853 2406 1039 2450 superna
1061 2389 1277 2449 suspexit,
1303 2399 1346 2433 et
1367 2389 1476 2434 dixit
1491 2424 1501 2444 ‚
1527 2409 1547 2431 «
1570 2392 1619 2432 In
1634 2398 1754 2432 aeter·

369 2483 389 2507 »
425 2480 558 2520 num,
597 2464 806 2517 Domine,
850 2461 1035 2505 verbum
1059 2470 1181 2505 tuum
1205 2468 1430 2519 permanet
1449 2460 1494 2503 in
1526 2459 1640 2504 coelo
1659 2461 1699 2503 3:
1728 2476 1748 2499 »

415 2569 423 2585 ¹
446 2561 526 2595 Psal.
541 2572 649 2602 cxvm,
665 2560 717 2602 ὃς.
737 2576 776 2582 -
797 2566 809 2581 ²
830 2559 908 2590 Ibid.
928 2558 982 2591 88.
1000 2574 1037 2580 —-
1060 2555 1166 2589 3Ibid.
1186 2557 1239 2599 89.
