1848 3261
419 234 660 266 ENARRA’no
690 236 735 265 m
767 232 971 265 PSALMUM
1001 235 1115 262 cmv.
1367 224 1451 264 353

83 408 608 427 ”mmmmm

821 407 962 425 mm
967 405 1385 423 mzwmwmnwxmvwwm
1390 407 1455 424 m

590 564 974 615 ENARRATIO

451 716 511 755 IN
568 714 872 756 PSALMUM
920 714 1088 755 CXIV.

551 869 702 913 Sermo
723 867 777 912 ad
798 866 988 927 plebem.

137 1003 174 1046 Ι.
204 1019 221 1041 «
241 1004 422 1057 D1LEX1‚
442 1002 651 1062 quoniam
674 1000 876 1046 exaudiet
906 1002 1118 1046 Dominus
1136 1017 1289 1047 vocem
1311 1002 1469 1063 depre-

83 1092 101 1113 »
137 1072 315 1116 cationis
337 1074 487 1116 meae¹.
519 1092 536 1114 »
563 1074 720 1117 Cantet
741 1073 826 1116 hoc
849 1071 991 1115 anima
1015 1087 1115 1130 quae
1136 1073 1469 1131 peregrinantur

82 1158 105 1186 a
126 1143 314 1187 Domino
330 1177 340 1197 ,
366 1151 511 1187 cantet
533 1143 617 1185 hoc
637 1142 728 1186 ovis
748 1141 821 1185 illa
843 1158 942 1201 quae
964 1151 1206 1198 erraverat,
1228 1153 1371 1189 cantet
1385 1145 1469 1189 1100

78 1212 194 1256 filius
216 1212 288 1256 ille
311 1212 388 1272 qui
409 1221 607 1256 mortuus
629 1210 772 1255 fuerat
794 1221 837 1256 et
860 1212 1034 1266 revixit,
1051 1213 1238 1271 perierat
1257 1224 1300 1258 et
1312 1214 1468 1259 inven-

80 1291 150 1326 tus
172 1291 233 1326 est
252 1285 269 1308 ²
300 1300 309 1325 ε
333 1290 480 1325 cantet
501 1282 584 1325 hoc
615 1281 758 1325 anima
781 1290 949 1336 nostra,
976 1281 1128 1326 fratres
1152 1292 1194 1327 et
1211 1283 1287 1327 filii
1305 1285 1469 1329 charis-

7 1406 19 1418 .
82 1351 193 1397 simi.
227 1350 492 1395 Erudiamur
510 1386 521 1406 ,
547 1360 590 1394 et
610 1365 967 1410 permaneamus,
1004 1361 1047 1395 et
1077 1367 1177 1396 cum
1212 1355 1368 1398 sanctis
1391 1355 1471 1400 ista

83 1430 304 1467 cantemus
331 1440 338 1464 :
383 1439 399 1459 «
435 1420 571 1464 Dilexi
603 1420 812 1480 quoniam
840 1419 1040 1465 exaudiet
1071 1422 1280 1467 Dominus
1317 1440 1471 1468 vocem

88 1512 106 1534 »
143 1489 457 1550 deprecationis
479 1505 602 1533 meae.
625 1510 641 1530 »
663 1488 889 1549 Numquid
904 1491 993 1549 ipsa
1013 1489 1222 1549 diligendi
1240 1509 1367 1537 causa
1390 1504 1469 1550 est,

88 1580 105 1600 «
133 1561 347 1614 Quoniam
364 1559 572 1603 Dominus
589 1557 791 1603 exaudiet
806 1574 957 1603 vocem
975 1559 1289 1619 deprecationis
1304 1567 1438 1609 meae?
1452 1586 1471 1607 »

86 1647 135 1676 ac
154 1646 244 1674 non
267 1629 411 1689 potius
429 1638 505 1672 aut
529 1629 628 1672 ideo
651 1627 869 1686 diligimus
885 1629 987 1689 quia
1005 1630 1254 1676 exaudivit?
1277 1643 1352 1677 aut
1373 1634 1473 1679 idco

86 1702 303 1759 diligimus
325 1709 375 1744 ut
397 1699 627 1744 exaudiat?
649 1698 765 1752 Quid
786 1709 850 1744 est
876 1715 1001 1759 ergo,
1029 1720 1046 1741 «
1074 1701 1210 1745 Dilexi
1228 1737 1240 1758 ,
1264 1705 1473 1763 quoniam

92 1793 108 1814 »
145 1770 369 1816 exaudiet?
390 1790 407 1811 »
431 1773 500 1814 An
523 1769 624 1828 quia
661 1768 938 1813 dilectionem
960 1785 1055 1828 spes
1082 1770 1190 1815 solet
1213 1773 1471 1831 accendere,

88 1842 283 1887 dilexisse
314 1857 357 1886 se
389 1840 519 1894 dixit,
556 1839 765 1899 quoniam
792 1841 979 1899 speravit
1000 1841 1305 1888 exauditurum
1334 1848 1475 1891 Deum

86 1928 239 1958 vocem
261 1909 576 1970 deprecationis
600 1910 722 1953 suae?

148 1985 206 2026 ΙΙ.
244 1980 368 2025 Unde
401 1988 547 2023 autem
571 1980 655 2023 1100
693 1980 908 2038 speravit?
944 1999 961 2020 «
989 1982 1201 2034 Quoniam
1222 1984 1472 2044 inclinavit,

94 2074 112 2095 »
146 2051 304 2112 inquit,
326 2066 473 2094 aurem
491 2065 611 2093 suam
629 2049 758 2104 mihi,
774 2059 817 2093 et
837 2050 882 2094 in
901 2049 1054 2095 diebus
1076 2053 1182 2097 meis
1201 2054 1438 2101 invocaviss.
1451 2078 1469 2099 >›

90 2121 315 2182 Ergoideo
329 2120 480 2176 dilexi,
497 2121 704 2181 quoniam
719 2120 917 2165 exaudiet
934 2137 944 2165 :
966 2122 1065 2167 ideo
1078 2125 1296 2183 exaudiet,
1321 2146 1337 2167 «
1357 2132 1475 2181 Quo-

97 2214 114 2236 »
149 2194 268 2237 niam
292 2191 517 2237 inclinavit
554 2207 703 2236 aurem
725 2207 846 2236 suam
868 2192 990 2235 mihi.
1020 2211 1039 2234 n
1069 2195 1153 2239 Sed
1178 2197 1293 2240 unde
1315 2199 1393 2243 scis
1411 2235 1422 2254 ,
1448 2216 1475 2245 o

91 2264 233 2308 anima
252 2263 443 2306 humana
459 2296 471 2317 ,
495 2261 615 2322 quod
645 2261 869 2306 inclinavit
896 2265 1009 2306 Deus
1045 2279 1193 2309 aurem
1215 2282 1331 2311 suam
1363 2269 1443 2313 tibi
1459 2305 1472 2327 ,

93 2335 175 2379 nisi
197 2333 334 2388 dicas,
371 2331 575 2378 Credidi?
604 2334 784 2376 Manent
809 2346 909 2390 ergo
937 2334 1018 2377 tria
1044 2335 1164 2391 haec,
1190 2337 1295 2382 fides
1311 2374 1321 2393 ,
1354 2355 1471 2399 spes,

94 2405 326 2459 charitas&
364 2404 471 2457 Quia
506 2402 752 2457 credidisti,
787 2405 961 2462 sperasti
985 2423 992 2448 :
1019 2406 1120 2465 quia
1142 2409 1340 2466 sperasti,
1367 2411 1477 2455 dile-

93 2477 206 2521 xisti.
233 2479 329 2520 Jam
343 2475 376 2519 si
392 2490 586 2535 quaeram
603 2473 721 2518 unde
743 2473 973 2519 credide1it
990 2471 1132 2521 anima
1155 2479 1382 2526 inclinasse
1395 2484 1477 2528 sibi

146 2575 154 2592 ¹
174 2573 254 2606 Psal.
272 2583 355 2611 cxiv,
369 2583 443 2604 1.-
459 2578 472 2596 ²
487 2575 565 2605 Luc.
584 2582 638 2614 εν,
651 2570 673 2604 6
692 2570 835 2614 et24.—
855 2570 959 2604 3Psal.
984 2583 1067 2616 cxiv,
1084 2575 1192 2607 2.-4
1212 2588 1224 2609 1
1245 2580 1317 2611 Cor.
1336 2591 1408 2625 xm,
1425 2585 1478 2618 13.

258 2637 411 2667 cxvm.
1266 2636 1318 2675 23
