1848 3261
488 193 729 224 ENARRATIO
761 196 806 222 m
838 192 1042 221 PsALMUM
1073 196 1158 221 mx.
1436 183 1519 222 295

139 280 236 310 rum
261 278 351 308 esse
368 261 488 322 quod
513 261 660 321 coepit.
688 258 813 305 Unde
835 267 980 303 autem
1006 259 1166 318 coepit?
1191 277 1210 300 «
1234 259 1413 318 Virgam
1431 260 1522 304 vir-

140 355 162 379 »
196 336 300 380 tutis
321 343 410 378 tuae
431 333 601 377 emittet
631 330 841 377 Dominus
874 345 928 374 ex
961 329 1117 374 Sion.»
1143 332 1252 382 Quae
1283 331 1407 385 Sion,
1433 330 1524 390 ipsa

137 417 201 452 est
251 404 505 451 Jerusalem.
550 403 667 448 Audi
706 403 849 462 ipsum
890 401 1125 445 Dominum
1169 419 1178 445 ε
1222 419 1240 441 «
1283 402 1524 460 Oportebat

138 496 160 520 >›
195 477 416 522 Christum
433 474 523 534 pati
543 483 587 518 et
607 487 826 531 resurgere
841 487 864 515 a
885 471 1068 515 mortuis
1088 470 1215 515 tertio
1233 470 1344 514 die1.
1372 490 1389 511 »
1412 472 1523 517 Hinc

135 548 256 593 sedet
276 547 331 592 ad
354 546 572 591 dexteram
591 545 666 589 Dei
687 544 844 598 Patris,
864 542 1131 602 resurgendo
1143 542 1221 586 ubi
1233 541 1332 586 fuit.
1357 543 1524 587 Deinde

135 619 212 663 illo
232 617 409 662 sedente
432 616 487 660 ad
508 601 729 659 dexteram
754 614 914 668 Patris,
940 612 1049 674 quid
1071 614 1243 672 agitur?
1269 615 1326 657 Ut
1357 628 1525 672 ponan-

134 698 208 734 tur
229 687 392 731 inimici
408 688 499 746 ejus
517 685 754 730 scabellum
773 684 936 744 pedum
956 685 1046 744 ejus
1061 719 1072 739 ‚
1094 682 1202 744 quid
1219 683 1393 742 agitur?
1409 683 1526 728 Audi

134 757 260 803 illum
290 756 523 801 docentem
551 764 594 799 et
629 764 919 815 exponentem
952 773 961 799 ;
1003 773 1020 794 «
1049 756 1107 798 Et
1137 753 1449 813 praedicabitur
1479 754 1527 798 in

138 850 157 872 »
192 828 370 873 nomine
384 828 474 886 ejus
494 825 752 885 poenitentia
775 835 819 870 et
836 825 1028 870 remissio
1045 834 1325 884 peccatorum
1346 840 1424 884 per
1436 841 1523 870 om-

138 921 158 943 »
192 915 268 944 nes
289 907 437 957 gentes
450 933 461 952 ‚
481 897 792 956 incipientibus
809 896 863 941 ab
885 895 1149 941 Jerusalem2
1170 916 1179 941 :
1200 917 1218 938 »
1237 897 1363 957 quia:
1393 916 1411 938 «
1424 898 1526 942 Vir-

138 991 156 1013 »
192 985 290 1029 gam
306 969 478 1015 virtutis
499 977 588 1013 tuae
606 968 774 1013 emittet
794 968 1006 1013 Dominus
1030 983 1081 1012 ex
1104 968 1222 1013 Sion.
1245 968 1421 1026 Virgam
1441 969 1523 1014 vir-

137 1061 156 1084 »
191 1041 298 1085 tutis
319 1049 435 1095 tuae,
461 1059 478 1081 »
515 1039 601 1083 hoc
638 1048 722 1094 est,
768 1054 952 1098 regnum
981 1039 1189 1098 potentiae
1218 1047 1339 1097 tuae3
1380 1040 1484 1099 quia
1508 1074 1521 1096 ,

136 1132 155 1154 «
190 1116 328 1170 Reges
351 1127 422 1155 eos
436 1111 482 1154 in
497 1111 615 1169 virga
629 1109 767 1154 ferrea
780 1112 795 1136 3
820 1130 828 1155 :
852 1110 1036 1155 Emittet
1054 1110 1265 1155 Dominus
1281 1125 1332 1154 ex
1345 1111 1448 1156 Sion
1465 1132 1477 1170 3
1501 1132 1519 1153 »

131 1184 234 1243 quia
252 1218 263 1239 ‚
289 1202 307 1223 «
326 1181 637 1241 Incipientibus
653 1181 708 1225 ab
730 1180 985 1226 Jerusalem.
1010 1200 1028 1222 »

188 1256 270 1298 XI.
304 1255 418 1297 Cum
439 1268 542 1310 ergo
564 1252 751 1295 emiserit
773 1267 823 1295 ex
853 1252 957 1296 Sion
992 1252 1158 1309 virgam
1193 1252 1363 1297 virtutis
1392 1254 1484 1313 ejus
1507 1287 1520 1310 ,

129 1323 238 1385 quid
258 1324 334 1367 fiet
354 1324 372 1366 Ρ
397 1342 417 1364 «
436 1325 493 1366 Et
506 1321 730 1366 dominare
751 1321 796 1365 in
815 1322 1482 1368 medioinimicorumtuorum&
1497 1343 1520 1367 »

130 1395 255 1440 Prius
281 1412 298 1434 «
327 1392 560 1437 Dominare
591 1392 636 1435 in
665 1392 810 1436 medio
832 1392 1107 1437 inimicorum
1129 1402 1306 1438 tuorum
1332 1414 1340 1439 :
1364 1413 1384 1436 >›
1409 1395 1524 1439 inter

128 1464 363 1508 frementes
385 1472 551 1522 genteS.
586 1461 812 1521 Numquid
842 1463 957 1506 enim
982 1471 1131 1521 postea
1153 1479 1255 1508 cum
1276 1465 1522 1524 acceperint

128 1535 342 1579 honorem
364 1548 493 1577 suum
519 1533 655 1576 sancti
672 1567 682 1587 ‚
711 1541 755 1575 et
781 1547 902 1576 suam
937 1531 1261 1578 damnationem
1283 1535 1435 1594 impii,
1474 1536 1521 1581 in

127 1606 273 1650 medio
295 1605 571 1648 inimicorum
593 1619 772 1648 suorum
794 1603 1121 1648 dominabitur?
1143 1607 1200 1649 Et
1219 1605 1327 1666 quid
1358 1607 1519 1653 mirum

127 1676 162 1721 si
184 1686 290 1720 tunc
311 1674 623 1727 dominabitur,
648 1689 796 1718 secum
818 1674 864 1717 in
884 1684 1098 1719 aeternum
1121 1677 1403 1735 regnantibus
1421 1679 1518 1738 jus-

126 1748 203 1802 tis,
229 1756 273 1791 et
296 1745 469 1790 aeternis
491 1746 632 1805 poenis
650 1744 903 1789 ardentibus
921 1747 1092 1806 impiis?
1125 1747 1233 1807 quid
1271 1748 1430 1792 mirum
1447 1784 1458 1804 ,
1484 1751 1519 1794 si

126 1819 259 1862 tunc?
287 1816 421 1861 Modo
444 1816 487 1859 in
516 1815 661 1859 medio
684 1815 960 1860 inimieorum
998 1826 1174 1862 tuorum
1191 1853 1202 1873 ‚
1231 1834 1349 1863 nunc
1369 1820 1415 1863 in
1435 1820 1518 1866 isto

126 1889 313 1934 transitu
346 1886 605 1931 saeculorum
620 1922 631 1941 ‚
671 1887 716 1930 in
749 1887 829 1932 ista
852 1890 1162 1948 propagatione
1185 1898 1229 1934 et
1249 1891 1516 1936 successione

125 1958 399 2004 mortalitatis
426 1959 632 2001 humanae
647 1993 658 2013 ,
684 1974 802 2003 nunc
818 1958 926 2003 dum
948 1968 1116 2004 torrens
1138 1969 1385 2021 temporum
1407 1978 1514 2021 prae-

125 2030 370 2085 terlabitur⁷
405 2029 460 2074 ad
482 2030 565 2074 hoc
588 2029 753 2074 directa
775 2039 840 2074 est
862 2031 978 2089 virga
1003 2031 1174 2076 virtutis
1194 2042 1282 2077 tuae
1303 2048 1354 2077 ex
1378 2033 1481 2079 Sion
1499 2069 1509 2089 ‚

123 2110 173 2146 ut
210 2100 444 2145 domineris
480 2100 525 2143 in
558 2100 704 2145 medio
726 2101 1002 2146 inimicorum
1023 2112 1216 2148 tuorum.
1252 2105 1509 2161 Dominare,

123 2169 348 2215 dominare
374 2171 420 2213 in
459 2170 605 2214 medio
642 2186 938 2230 paganorum,
966 2174 1243 2229 Judaeorum,
1283 2175 1512 2221 haeretico-

122 2257 237 2296 rum,
262 2240 471 2285 falsorum
492 2241 693 2286 fratrum.
722 2243 978 2299 Dominam,
999 2243 1312 2302 dominare‚fili
1332 2247 1470 2292 David
1494 2282 1505 2303 ,

122 2313 307 2358 Domine
329 2312 490 2369 David,
516 2312 742 2358 dominare
776 2315 820 2358 in
855 2314 998 2361 medio
1020 2332 1304 2377 paganorum,
1330 2318 1509 2365 Judaeo-

122 2400 219 2428 rum
235 2419 246 2439 ‚
288 2385 618 2440 haereticorum,
655 2384 863 2430 falsorum
900 2386 1101 2433 fratrum.
1149 2407 1168 2431 «
1193 2389 1426 2434 Dominare
1462 2391 1508 2435 in

125 2472 146 2496 »
180 2454 325 2500 medio
341 2455 616 2501 inimicorum
636 2466 828 2502 tuorum.
858 2477 878 2500 »
905 2461 1033 2504 Hunc
1066 2475 1237 2504 versum
1267 2476 1357 2506 non
1389 2465 1506 2507 recte

170 2545 179 2561 ¹
201 2540 279 2570 Luc.
298 2551 366 2580 xiv,
385 2538 438 2580 46.
456 2557 496 2562 -
517 2547 528 2562 ²
548 2540 629 2573 lbid.
650 2540 705 2582 47.
732 2559 773 2565 --
794 2540 806 2564 3
822 2542 899 2575 Psal.
920 2554 956 2582 11,
973 2555 1005 2585 9.
1028 2560 1067 2566 —
1087 2542 1102 2572 4
1128 2543 1173 2575 Id.
1193 2554 1254 2584 cix,
1278 2554 1309 2577 2.
