<?xml version="1.0" encoding="UTF-8"?>
<!DOCTYPE html PUBLIC "-//W3C//DTD XHTML 1.0 Transitional//EN"
    "http://www.w3.org/TR/xhtml1/DTD/xhtml1-transitional.dtd">
<html xmlns="http://www.w3.org/1999/xhtml" xml:lang="en" lang="en">
 <head>
  <title>
</title>
<meta http-equiv="Content-Type" content="text/html;charset=utf-8" />
  <meta name='ocr-system' content='tesseract 3.04.00' />
  <meta name='ocr-capabilities' content='ocr_page ocr_carea ocr_par ocr_line ocrx_word'/>
</head>
<body>
  <div class='ocr_page' id='page_1' title='image "./operaomniaaccura11auguuoft_0553.png"; bbox 0 0 1848 3261; ppageno 0'>
   <div class='ocr_carea' id='block_1_1' title="bbox 245 226 1462 279">
    <p class='ocr_par' dir='ltr' id='par_1_1' title="bbox 245 226 1462 279">
     <span class='ocr_line' id='line_1_1' title="bbox 245 226 1462 279; baseline -0.002 -8"><span class='ocrx_word' id='word_1_1' title='bbox 245 235 486 272; x_wconf 63' lang='lat' dir='ltr'>nmmum</span> <span class='ocrx_word' id='word_1_2' title='bbox 518 240 565 270; x_wconf 78' lang='lat' dir='ltr'>m</span> <span class='ocrx_word' id='word_1_3' title='bbox 595 237 798 271; x_wconf 75' lang='lat' dir='ltr'><strong>PSALMUM</strong></span> <span class='ocrx_word' id='word_1_4' title='bbox 828 238 990 279; x_wconf 79' lang='lat' dir='ltr'>cxvnt,</span> <span class='ocrx_word' id='word_1_5' title='bbox 1024 232 1163 269; x_wconf 61' lang='lat' dir='ltr'>semro</span> <span class='ocrx_word' id='word_1_6' title='bbox 1193 239 1326 269; x_wconf 79' lang='lat' dir='ltr'>xxxn.</span> <span class='ocrx_word' id='word_1_7' title='bbox 1382 226 1462 269; x_wconf 74' lang='lat'>541</span> 
     </span>
    </p>
   </div>
   <div class='ocr_carea' id='block_1_2' title="bbox 84 306 1491 2423">
    <p class='ocr_par' dir='ltr' id='par_1_2' title="bbox 84 306 1463 424">
     <span class='ocr_line' id='line_1_2' title="bbox 84 306 1463 369; baseline -0.002 -15"><span class='ocrx_word' id='word_1_8' title='bbox 84 309 280 354; x_wconf 89' lang='lat' dir='ltr'>cundum</span> <span class='ocrx_word' id='word_1_9' title='bbox 302 308 563 369; x_wconf 84' lang='lat' dir='ltr'>promissum</span> <span class='ocrx_word' id='word_1_10' title='bbox 584 318 727 354; x_wconf 91' lang='lat' dir='ltr'>tuum.</span> <span class='ocrx_word' id='word_1_11' title='bbox 755 306 956 351; x_wconf 85' lang='lat' dir='ltr'>Promisit</span> <span class='ocrx_word' id='word_1_12' title='bbox 987 307 1104 350; x_wconf 90' lang='lat' dir='ltr'>enim</span> <span class='ocrx_word' id='word_1_13' title='bbox 1119 308 1202 352; x_wconf 89' lang='lat' dir='ltr'>hoc</span> <span class='ocrx_word' id='word_1_14' title='bbox 1224 307 1433 352; x_wconf 88' lang='lat' dir='ltr'>Dominus</span> <span class='ocrx_word' id='word_1_15' title='bbox 1450 340 1463 363; x_wconf 89' lang='lat'>,</span> 
     </span>
     <span class='ocr_line' id='line_1_3' title="bbox 84 377 950 424; baseline -0.006 -1"><span class='ocrx_word' id='word_1_16' title='bbox 84 379 163 424; x_wconf 86' lang='lat' dir='ltr'>ubi</span> <span class='ocrx_word' id='word_1_17' title='bbox 185 379 270 424; x_wconf 84' lang='lat' dir='ltr'>ait:</span> <span class='ocrx_word' id='word_1_18' title='bbox 298 398 315 420; x_wconf 89' lang='lat'><strong><em>«</em></strong></span> <span class='ocrx_word' id='word_1_19' title='bbox 345 378 620 424; x_wconf 74' lang='lat' dir='ltr'>Intellectum</span> <span class='ocrx_word' id='word_1_20' title='bbox 646 378 762 422; x_wconf 85' lang='lat' dir='ltr'>dabo</span> <span class='ocrx_word' id='word_1_21' title='bbox 783 377 902 421; x_wconf 78' lang='lat' dir='ltr'>tibi².</span> <span class='ocrx_word' id='word_1_22' title='bbox 930 395 950 418; x_wconf 91' lang='lat'>»</span> 
     </span>
    </p>

    <p class='ocr_par' dir='ltr' id='par_1_3' title="bbox 84 447 1476 1146">
     <span class='ocr_line' id='line_1_4' title="bbox 144 447 1464 509; baseline -0.002 -16"><span class='ocrx_word' id='word_1_23' title='bbox 144 452 204 495; x_wconf 93' lang='lat' dir='ltr'>II.</span> <span class='ocrx_word' id='word_1_24' title='bbox 235 469 253 490; x_wconf 90' lang='lat'>«</span> <span class='ocrx_word' id='word_1_25' title='bbox 277 452 415 494; x_wconf 82' lang='lat' dir='ltr'>Intret</span> <span class='ocrx_word' id='word_1_26' title='bbox 427 449 661 509; x_wconf 83' lang='lat' dir='ltr'>postulatio</span> <span class='ocrx_word' id='word_1_27' title='bbox 684 463 778 492; x_wconf 83' lang='lat' dir='ltr'>mea</span> <span class='ocrx_word' id='word_1_28' title='bbox 798 448 845 491; x_wconf 89' lang='lat' dir='ltr'>in</span> <span class='ocrx_word' id='word_1_29' title='bbox 869 455 1104 507; x_wconf 88' lang='lat' dir='ltr'>conspectu</span> <span class='ocrx_word' id='word_1_30' title='bbox 1124 456 1222 501; x_wconf 85' lang='lat' dir='ltr'>tuo,</span> <span class='ocrx_word' id='word_1_31' title='bbox 1259 447 1464 503; x_wconf 84' lang='lat' dir='ltr'>Domine,</span> 
     </span>
     <span class='ocr_line' id='line_1_5' title="bbox 90 517 1470 580; baseline -0.001 -17"><span class='ocrx_word' id='word_1_32' title='bbox 90 540 108 563; x_wconf 89' lang='lat'>»</span> <span class='ocrx_word' id='word_1_33' title='bbox 143 518 386 564; x_wconf 87' lang='lat' dir='ltr'>secundum</span> <span class='ocrx_word' id='word_1_34' title='bbox 408 519 632 580; x_wconf 88' lang='lat' dir='ltr'>eloquium</span> <span class='ocrx_word' id='word_1_35' title='bbox 654 527 779 563; x_wconf 89' lang='lat' dir='ltr'>tuum</span> <span class='ocrx_word' id='word_1_36' title='bbox 807 518 924 578; x_wconf 86' lang='lat' dir='ltr'>eripe</span> <span class='ocrx_word' id='word_1_37' title='bbox 960 519 1070 561; x_wconf 77' lang='lat' dir='ltr'>me2.</span> <span class='ocrx_word' id='word_1_38' title='bbox 1100 537 1118 560; x_wconf 91' lang='lat'>»</span> <span class='ocrx_word' id='word_1_39' title='bbox 1152 517 1326 577; x_wconf 77' lang='lat' dir='ltr'>Repetit</span> <span class='ocrx_word' id='word_1_40' title='bbox 1358 533 1470 577; x_wconf 90' lang='lat' dir='ltr'>quo-</span> 
     </span>
     <span class='ocr_line' id='line_1_6' title="bbox 85 586 1472 650; baseline -0.003 -15"><span class='ocrx_word' id='word_1_41' title='bbox 85 589 187 635; x_wconf 84' lang='lat' dir='ltr'>dam</span> <span class='ocrx_word' id='word_1_42' title='bbox 213 590 345 635; x_wconf 90' lang='lat' dir='ltr'>modo</span> <span class='ocrx_word' id='word_1_43' title='bbox 367 589 488 650; x_wconf 90' lang='lat' dir='ltr'>quod</span> <span class='ocrx_word' id='word_1_44' title='bbox 502 588 668 649; x_wconf 87' lang='lat' dir='ltr'>petivit.</span> <span class='ocrx_word' id='word_1_45' title='bbox 693 591 803 634; x_wconf 80' lang='lat' dir='ltr'>Nam</span> <span class='ocrx_word' id='word_1_46' title='bbox 826 586 945 649; x_wconf 92' lang='lat' dir='ltr'>quod</span> <span class='ocrx_word' id='word_1_47' title='bbox 966 588 1084 647; x_wconf 87' lang='lat' dir='ltr'>prius</span> <span class='ocrx_word' id='word_1_48' title='bbox 1106 587 1274 631; x_wconf 82' lang='lat' dir='ltr'>dixerat</span> <span class='ocrx_word' id='word_1_49' title='bbox 1299 606 1308 632; x_wconf 72' lang='grc' dir='ltr'>ε</span> <span class='ocrx_word' id='word_1_50' title='bbox 1338 606 1359 629; x_wconf 91' lang='lat'>«</span> <span class='ocrx_word' id='word_1_51' title='bbox 1380 590 1472 647; x_wconf 82' lang='lat' dir='ltr'>Ap-</span> 
     </span>
     <span class='ocr_line' id='line_1_7' title="bbox 89 659 1466 722; baseline -0.001 -19"><span class='ocrx_word' id='word_1_52' title='bbox 89 679 109 704; x_wconf 84' lang='lat'>»</span> <span class='ocrx_word' id='word_1_53' title='bbox 144 661 408 722; x_wconf 88' lang='lat' dir='ltr'>propinquet</span> <span class='ocrx_word' id='word_1_54' title='bbox 430 661 566 706; x_wconf 86' lang='lat' dir='ltr'>oratio</span> <span class='ocrx_word' id='word_1_55' title='bbox 589 676 686 705; x_wconf 85' lang='lat' dir='ltr'>mea</span> <span class='ocrx_word' id='word_1_56' title='bbox 718 660 764 704; x_wconf 91' lang='lat' dir='ltr'>in</span> <span class='ocrx_word' id='word_1_57' title='bbox 796 669 1033 719; x_wconf 87' lang='lat' dir='ltr'>conspectu</span> <span class='ocrx_word' id='word_1_58' title='bbox 1063 669 1166 715; x_wconf 85' lang='lat' dir='ltr'>tuo,</span> <span class='ocrx_word' id='word_1_59' title='bbox 1205 659 1416 717; x_wconf 82' lang='lat' dir='ltr'>Domine3</span> <span class='ocrx_word' id='word_1_60' title='bbox 1447 677 1466 701; x_wconf 91' lang='lat'>»</span> 
     </span>
     <span class='ocr_line' id='line_1_8' title="bbox 84 726 1472 793; baseline -0.003 -16"><span class='ocrx_word' id='word_1_61' title='bbox 84 733 188 777; x_wconf 90' lang='lat' dir='ltr'>huic</span> <span class='ocrx_word' id='word_1_62' title='bbox 209 731 347 776; x_wconf 89' lang='lat' dir='ltr'>simile</span> <span class='ocrx_word' id='word_1_63' title='bbox 369 741 432 777; x_wconf 88' lang='lat' dir='ltr'>est</span> <span class='ocrx_word' id='word_1_64' title='bbox 453 731 574 793; x_wconf 91' lang='lat' dir='ltr'>quod</span> <span class='ocrx_word' id='word_1_65' title='bbox 591 732 651 776; x_wconf 88' lang='lat' dir='ltr'>ait</span> <span class='ocrx_word' id='word_1_66' title='bbox 671 730 905 791; x_wconf 81' lang='lat' dir='ltr'>posterius,</span> <span class='ocrx_word' id='word_1_67' title='bbox 926 749 946 773; x_wconf 87' lang='lat'>«</span> <span class='ocrx_word' id='word_1_68' title='bbox 970 731 1109 774; x_wconf 86' lang='lat' dir='ltr'>Intret</span> <span class='ocrx_word' id='word_1_69' title='bbox 1130 726 1363 789; x_wconf 88' lang='lat' dir='ltr'>postulatio</span> <span class='ocrx_word' id='word_1_70' title='bbox 1376 743 1472 774; x_wconf 90' lang='lat' dir='ltr'>mea</span> 
     </span>
     <span class='ocr_line' id='line_1_9' title="bbox 90 799 1472 863; baseline -0.004 -15"><span class='ocrx_word' id='word_1_71' title='bbox 90 822 108 845; x_wconf 92' lang='lat'>»</span> <span class='ocrx_word' id='word_1_72' title='bbox 143 803 189 847; x_wconf 91' lang='lat' dir='ltr'>in</span> <span class='ocrx_word' id='word_1_73' title='bbox 210 811 445 863; x_wconf 86' lang='lat' dir='ltr'>conspectu</span> <span class='ocrx_word' id='word_1_74' title='bbox 466 812 566 858; x_wconf 91' lang='lat' dir='ltr'>tuo,</span> <span class='ocrx_word' id='word_1_75' title='bbox 592 802 775 847; x_wconf 89' lang='lat' dir='ltr'>Domine</span> <span class='ocrx_word' id='word_1_76' title='bbox 791 836 802 857; x_wconf 89' lang='lat'>,</span> <span class='ocrx_word' id='word_1_77' title='bbox 831 818 852 842; x_wconf 86' lang='lat'>»</span> <span class='ocrx_word' id='word_1_78' title='bbox 878 809 922 845; x_wconf 89' lang='lat' dir='ltr'>et</span> <span class='ocrx_word' id='word_1_79' title='bbox 942 799 1063 861; x_wconf 90' lang='lat' dir='ltr'>quod</span> <span class='ocrx_word' id='word_1_80' title='bbox 1083 800 1200 860; x_wconf 86' lang='lat' dir='ltr'>prius</span> <span class='ocrx_word' id='word_1_81' title='bbox 1215 834 1227 855; x_wconf 91' lang='lat'>,</span> <span class='ocrx_word' id='word_1_82' title='bbox 1256 817 1273 839; x_wconf 94' lang='lat'>«</span> <span class='ocrx_word' id='word_1_83' title='bbox 1305 801 1472 844; x_wconf 89' lang='lat' dir='ltr'>Secun-</span> 
     </span>
     <span class='ocr_line' id='line_1_10' title="bbox 90 869 1474 934; baseline 0 -20"><span class='ocrx_word' id='word_1_84' title='bbox 90 891 109 914; x_wconf 94' lang='lat'>«</span> <span class='ocrx_word' id='word_1_85' title='bbox 145 873 251 917; x_wconf 90' lang='lat' dir='ltr'>dum</span> <span class='ocrx_word' id='word_1_86' title='bbox 275 872 500 934; x_wconf 90' lang='lat' dir='ltr'>eloquium</span> <span class='ocrx_word' id='word_1_87' title='bbox 519 882 647 917; x_wconf 93' lang='lat' dir='ltr'>tuum</span> <span class='ocrx_word' id='word_1_88' title='bbox 672 871 728 916; x_wconf 85' lang='lat' dir='ltr'>da</span> <span class='ocrx_word' id='word_1_89' title='bbox 749 871 858 915; x_wconf 87' lang='lat' dir='ltr'>mihi</span> <span class='ocrx_word' id='word_1_90' title='bbox 876 870 1175 929; x_wconf 65' lang='lat' dir='ltr'>intellectum,</span> <span class='ocrx_word' id='word_1_91' title='bbox 1200 890 1217 912; x_wconf 91' lang='lat'>»</span> <span class='ocrx_word' id='word_1_92' title='bbox 1241 869 1345 914; x_wconf 89' lang='lat' dir='ltr'>huic</span> <span class='ocrx_word' id='word_1_93' title='bbox 1369 884 1474 915; x_wconf 91' lang='lat' dir='ltr'>con-</span> 
     </span>
     <span class='ocr_line' id='line_1_11' title="bbox 87 939 1475 1004; baseline -0.004 -16"><span class='ocrx_word' id='word_1_94' title='bbox 87 943 203 1002; x_wconf 83' lang='lat' dir='ltr'>gruit</span> <span class='ocrx_word' id='word_1_95' title='bbox 224 942 346 1004; x_wconf 92' lang='lat' dir='ltr'>quod</span> <span class='ocrx_word' id='word_1_96' title='bbox 366 943 578 1003; x_wconf 87' lang='lat' dir='ltr'>posterius</span> <span class='ocrx_word' id='word_1_97' title='bbox 600 961 609 988; x_wconf 80' lang='lat'>2</span> <span class='ocrx_word' id='word_1_98' title='bbox 639 961 660 985; x_wconf 94' lang='lat'>«</span> <span class='ocrx_word' id='word_1_99' title='bbox 687 941 937 988; x_wconf 87' lang='lat' dir='ltr'>Secundum</span> <span class='ocrx_word' id='word_1_100' title='bbox 960 940 1183 1002; x_wconf 89' lang='lat' dir='ltr'>eloquium</span> <span class='ocrx_word' id='word_1_101' title='bbox 1208 949 1336 984; x_wconf 87' lang='lat' dir='ltr'>tuum</span> <span class='ocrx_word' id='word_1_102' title='bbox 1357 939 1475 999; x_wconf 87' lang='lat' dir='ltr'>eripe</span> 
     </span>
     <span class='ocr_line' id='line_1_12' title="bbox 89 1011 1476 1075; baseline -0.001 -19"><span class='ocrx_word' id='word_1_103' title='bbox 89 1032 111 1057; x_wconf 86' lang='lat'>»</span> <span class='ocrx_word' id='word_1_104' title='bbox 145 1029 231 1059; x_wconf 84' lang='lat' dir='ltr'>me.</span> <span class='ocrx_word' id='word_1_105' title='bbox 253 1034 271 1056; x_wconf 91' lang='lat'>»</span> <span class='ocrx_word' id='word_1_106' title='bbox 296 1014 562 1074; x_wconf 83' lang='lat' dir='ltr'>Accipiendo</span> <span class='ocrx_word' id='word_1_107' title='bbox 584 1013 747 1075; x_wconf 90' lang='lat' dir='ltr'>quippe</span> <span class='ocrx_word' id='word_1_108' title='bbox 769 1012 1042 1058; x_wconf 86' lang='lat' dir='ltr'>intellectum</span> <span class='ocrx_word' id='word_1_109' title='bbox 1070 1012 1252 1073; x_wconf 88' lang='lat' dir='ltr'>eripitur</span> <span class='ocrx_word' id='word_1_110' title='bbox 1269 1045 1282 1068; x_wconf 95' lang='lat'>,</span> <span class='ocrx_word' id='word_1_111' title='bbox 1305 1011 1382 1072; x_wconf 86' lang='lat' dir='ltr'>qui</span> <span class='ocrx_word' id='word_1_112' title='bbox 1397 1025 1476 1072; x_wconf 88' lang='lat' dir='ltr'>per</span> 
     </span>
     <span class='ocr_line' id='line_1_13' title="bbox 86 1084 947 1146; baseline -0.002 -15"><span class='ocrx_word' id='word_1_113' title='bbox 86 1100 132 1131; x_wconf 91' lang='lat' dir='ltr'>se</span> <span class='ocrx_word' id='word_1_114' title='bbox 147 1085 291 1146; x_wconf 89' lang='lat' dir='ltr'>ipsum</span> <span class='ocrx_word' id='word_1_115' title='bbox 308 1101 398 1131; x_wconf 91' lang='lat' dir='ltr'>non</span> <span class='ocrx_word' id='word_1_116' title='bbox 414 1084 700 1144; x_wconf 83' lang='lat' dir='ltr'>intelligendo</span> <span class='ocrx_word' id='word_1_117' title='bbox 717 1084 947 1145; x_wconf 88' lang='lat' dir='ltr'>decipitur.</span> 
     </span>
    </p>

    <p class='ocr_par' dir='ltr' id='par_1_4' title="bbox 89 1153 1481 1713">
     <span class='ocr_line' id='line_1_14' title="bbox 148 1153 1476 1216; baseline -0.003 -15"><span class='ocrx_word' id='word_1_118' title='bbox 148 1160 229 1201; x_wconf 81' lang='grc' dir='ltr'>ΙΙΙ,</span> <span class='ocrx_word' id='word_1_119' title='bbox 259 1175 279 1199; x_wconf 94' lang='lat'>«</span> <span class='ocrx_word' id='word_1_120' title='bbox 302 1156 603 1211; x_wconf 84' lang='lat' dir='ltr'>Eructabunt,</span> <span class='ocrx_word' id='word_1_121' title='bbox 635 1155 800 1216; x_wconf 89' lang='lat' dir='ltr'>inquit,</span> <span class='ocrx_word' id='word_1_122' title='bbox 832 1154 946 1198; x_wconf 86' lang='lat' dir='ltr'>labia</span> <span class='ocrx_word' id='word_1_123' title='bbox 979 1168 1075 1199; x_wconf 86' lang='lat' dir='ltr'>mea</span> <span class='ocrx_word' id='word_1_124' title='bbox 1101 1153 1319 1212; x_wconf 89' lang='lat' dir='ltr'>hymnum</span> <span class='ocrx_word' id='word_1_125' title='bbox 1338 1186 1350 1208; x_wconf 92' lang='lat'>,</span> <span class='ocrx_word' id='word_1_126' title='bbox 1374 1167 1476 1197; x_wconf 87' lang='lat' dir='ltr'>cum</span> 
     </span>
     <span class='ocr_line' id='line_1_15' title="bbox 92 1221 1479 1287; baseline -0.002 -18"><span class='ocrx_word' id='word_1_127' title='bbox 92 1246 114 1270; x_wconf 83' lang='lat'>»</span> <span class='ocrx_word' id='word_1_128' title='bbox 148 1226 347 1272; x_wconf 83' lang='lat' dir='ltr'>docueris</span> <span class='ocrx_word' id='word_1_129' title='bbox 374 1242 444 1271; x_wconf 91' lang='lat' dir='ltr'>me</span> <span class='ocrx_word' id='word_1_130' title='bbox 459 1226 789 1287; x_wconf 80' lang='lat' dir='ltr'>justificationes</span> <span class='ocrx_word' id='word_1_131' title='bbox 810 1234 906 1270; x_wconf 81' lang='lat' dir='ltr'>tuas</span> <span class='ocrx_word' id='word_1_132' title='bbox 929 1225 960 1269; x_wconf 82' lang='lat'>³.</span> <span class='ocrx_word' id='word_1_133' title='bbox 990 1245 1008 1265; x_wconf 86' lang='lat'>»</span> <span class='ocrx_word' id='word_1_134' title='bbox 1033 1224 1242 1270; x_wconf 87' lang='lat' dir='ltr'>Novimus</span> <span class='ocrx_word' id='word_1_135' title='bbox 1269 1221 1479 1285; x_wconf 83' lang='lat' dir='ltr'>quemad-</span> 
     </span>
     <span class='ocr_line' id='line_1_16' title="bbox 89 1293 1477 1357; baseline -0.004 -14"><span class='ocrx_word' id='word_1_136' title='bbox 89 1298 272 1343; x_wconf 88' lang='lat' dir='ltr'>modum</span> <span class='ocrx_word' id='word_1_137' title='bbox 300 1297 457 1343; x_wconf 89' lang='lat' dir='ltr'>doceat</span> <span class='ocrx_word' id='word_1_138' title='bbox 482 1312 554 1342; x_wconf 90' lang='lat' dir='ltr'>eos</span> <span class='ocrx_word' id='word_1_139' title='bbox 575 1299 690 1342; x_wconf 89' lang='lat' dir='ltr'>Deus</span> <span class='ocrx_word' id='word_1_140' title='bbox 719 1296 796 1357; x_wconf 92' lang='lat' dir='ltr'>qui</span> <span class='ocrx_word' id='word_1_141' title='bbox 820 1304 922 1340; x_wconf 87' lang='lat' dir='ltr'>sunt</span> <span class='ocrx_word' id='word_1_142' title='bbox 945 1293 1155 1340; x_wconf 89' lang='lat' dir='ltr'>docibiles</span> <span class='ocrx_word' id='word_1_143' title='bbox 1183 1297 1288 1339; x_wconf 87' lang='lat' dir='ltr'>Deo.</span> <span class='ocrx_word' id='word_1_144' title='bbox 1324 1293 1477 1338; x_wconf 85' lang='lat' dir='ltr'>Omnis</span> 
     </span>
     <span class='ocr_line' id='line_1_17' title="bbox 91 1364 1478 1430; baseline -0.004 -16"><span class='ocrx_word' id='word_1_145' title='bbox 91 1370 207 1414; x_wconf 92' lang='lat' dir='ltr'>enim</span> <span class='ocrx_word' id='word_1_146' title='bbox 224 1368 301 1430; x_wconf 87' lang='lat' dir='ltr'>qui</span> <span class='ocrx_word' id='word_1_147' title='bbox 323 1368 488 1414; x_wconf 82' lang='lat' dir='ltr'>audivit</span> <span class='ocrx_word' id='word_1_148' title='bbox 510 1384 533 1412; x_wconf 89' lang='lat' dir='ltr'>a</span> <span class='ocrx_word' id='word_1_149' title='bbox 546 1371 672 1413; x_wconf 86' lang='lat' dir='ltr'>Patre</span> <span class='ocrx_word' id='word_1_150' title='bbox 685 1402 696 1422; x_wconf 91' lang='lat'>,</span> <span class='ocrx_word' id='word_1_151' title='bbox 717 1376 761 1412; x_wconf 84' lang='lat' dir='ltr'>ct</span> <span class='ocrx_word' id='word_1_152' title='bbox 776 1365 949 1422; x_wconf 82' lang='lat' dir='ltr'>didicit,</span> <span class='ocrx_word' id='word_1_153' title='bbox 969 1366 1089 1410; x_wconf 90' lang='lat' dir='ltr'>venit</span> <span class='ocrx_word' id='word_1_154' title='bbox 1103 1364 1158 1410; x_wconf 86' lang='lat' dir='ltr'>ad</span> <span class='ocrx_word' id='word_1_155' title='bbox 1176 1380 1276 1410; x_wconf 90' lang='lat' dir='ltr'>eum</span> <span class='ocrx_word' id='word_1_156' title='bbox 1288 1365 1363 1426; x_wconf 92' lang='lat' dir='ltr'>qui</span> <span class='ocrx_word' id='word_1_157' title='bbox 1379 1365 1478 1425; x_wconf 86' lang='lat' dir='ltr'>jus-</span> 
     </span>
     <span class='ocr_line' id='line_1_18' title="bbox 90 1436 1480 1500; baseline -0.004 -14"><span class='ocrx_word' id='word_1_158' title='bbox 90 1441 227 1487; x_wconf 88' lang='lat' dir='ltr'>tificat</span> <span class='ocrx_word' id='word_1_159' title='bbox 242 1441 426 1500; x_wconf 91' lang='lat' dir='ltr'>impium</span> <span class='ocrx_word' id='word_1_160' title='bbox 438 1442 454 1466; x_wconf 64' lang='grc'>4</span> <span class='ocrx_word' id='word_1_161' title='bbox 472 1450 549 1484; x_wconf 86' lang='lat' dir='ltr'>:ut</span> <span class='ocrx_word' id='word_1_162' title='bbox 569 1455 659 1484; x_wconf 93' lang='lat' dir='ltr'>non</span> <span class='ocrx_word' id='word_1_163' title='bbox 676 1438 817 1484; x_wconf 89' lang='lat' dir='ltr'>solum</span> <span class='ocrx_word' id='word_1_164' title='bbox 835 1438 1042 1482; x_wconf 88' lang='lat' dir='ltr'>memoria</span> <span class='ocrx_word' id='word_1_165' title='bbox 1063 1436 1307 1492; x_wconf 87' lang='lat' dir='ltr'>retinendo,</span> <span class='ocrx_word' id='word_1_166' title='bbox 1325 1450 1480 1481; x_wconf 87' lang='lat' dir='ltr'>verum</span> 
     </span>
     <span class='ocr_line' id='line_1_19' title="bbox 92 1505 1480 1570; baseline -0.004 -15"><span class='ocrx_word' id='word_1_167' title='bbox 92 1511 222 1556; x_wconf 85' lang='lat' dir='ltr'>etiam</span> <span class='ocrx_word' id='word_1_168' title='bbox 239 1509 438 1556; x_wconf 88' lang='lat' dir='ltr'>faciendo</span> <span class='ocrx_word' id='word_1_169' title='bbox 468 1508 685 1555; x_wconf 87' lang='lat' dir='ltr'>custodiat</span> <span class='ocrx_word' id='word_1_170' title='bbox 701 1508 1031 1570; x_wconf 86' lang='lat' dir='ltr'>justificationes</span> <span class='ocrx_word' id='word_1_171' title='bbox 1052 1507 1146 1552; x_wconf 89' lang='lat' dir='ltr'>Dei.</span> <span class='ocrx_word' id='word_1_172' title='bbox 1177 1507 1244 1552; x_wconf 91' lang='lat' dir='ltr'>Sic</span> <span class='ocrx_word' id='word_1_173' title='bbox 1266 1507 1382 1551; x_wconf 88' lang='lat' dir='ltr'>enim</span> <span class='ocrx_word' id='word_1_174' title='bbox 1404 1505 1480 1567; x_wconf 90' lang='lat' dir='ltr'>qui</span> 
     </span>
     <span class='ocr_line' id='line_1_20' title="bbox 94 1576 1481 1642; baseline -0.004 -15"><span class='ocrx_word' id='word_1_175' title='bbox 94 1581 304 1642; x_wconf 85' lang='lat' dir='ltr'>gloriatur</span> <span class='ocrx_word' id='word_1_176' title='bbox 316 1616 328 1637; x_wconf 88' lang='lat'>,</span> <span class='ocrx_word' id='word_1_177' title='bbox 346 1597 436 1626; x_wconf 90' lang='lat' dir='ltr'>non</span> <span class='ocrx_word' id='word_1_178' title='bbox 451 1581 499 1625; x_wconf 88' lang='lat' dir='ltr'>in</span> <span class='ocrx_word' id='word_1_179' title='bbox 514 1596 558 1626; x_wconf 89' lang='lat' dir='ltr'>se</span> <span class='ocrx_word' id='word_1_180' title='bbox 570 1580 664 1641; x_wconf 88' lang='lat' dir='ltr'>ipso</span> <span class='ocrx_word' id='word_1_181' title='bbox 679 1614 690 1636; x_wconf 92' lang='lat'>,</span> <span class='ocrx_word' id='word_1_182' title='bbox 709 1578 846 1624; x_wconf 89' lang='lat' dir='ltr'>sedin</span> <span class='ocrx_word' id='word_1_183' title='bbox 862 1579 1049 1624; x_wconf 91' lang='lat' dir='ltr'>Domino</span> <span class='ocrx_word' id='word_1_184' title='bbox 1072 1576 1280 1637; x_wconf 87' lang='lat' dir='ltr'>gloriatur</span> <span class='ocrx_word' id='word_1_185' title='bbox 1292 1578 1330 1634; x_wconf 87' lang='lat'>⁵,</span> <span class='ocrx_word' id='word_1_186' title='bbox 1350 1577 1481 1635; x_wconf 71' lang='lat' dir='ltr'>hym—</span> 
     </span>
     <span class='ocr_line' id='line_1_21' title="bbox 93 1661 518 1713; baseline -0.005 -15"><span class='ocrx_word' id='word_1_187' title='bbox 93 1668 264 1713; x_wconf 87' lang='lat' dir='ltr'>nusque</span> <span class='ocrx_word' id='word_1_188' title='bbox 281 1661 518 1698; x_wconf 85' lang='lat' dir='ltr'>eructatur.</span> 
     </span>
    </p>

    <p class='ocr_par' dir='ltr' id='par_1_5' title="bbox 95 1719 1486 2279">
     <span class='ocr_line' id='line_1_22' title="bbox 154 1719 1477 1784; baseline -0.005 -15"><span class='ocrx_word' id='word_1_189' title='bbox 154 1726 230 1769; x_wconf 88' lang='lat' dir='ltr'>IV.</span> <span class='ocrx_word' id='word_1_190' title='bbox 267 1723 353 1769; x_wconf 89' lang='lat' dir='ltr'>Sed</span> <span class='ocrx_word' id='word_1_191' title='bbox 376 1724 465 1784; x_wconf 85' lang='lat' dir='ltr'>jam</span> <span class='ocrx_word' id='word_1_192' title='bbox 482 1722 586 1784; x_wconf 88' lang='lat' dir='ltr'>quia</span> <span class='ocrx_word' id='word_1_193' title='bbox 606 1721 759 1767; x_wconf 88' lang='lat' dir='ltr'>didicit</span> <span class='ocrx_word' id='word_1_194' title='bbox 780 1730 823 1766; x_wconf 92' lang='lat' dir='ltr'>et</span> <span class='ocrx_word' id='word_1_195' title='bbox 844 1720 1039 1766; x_wconf 86' lang='lat' dir='ltr'>laudavit</span> <span class='ocrx_word' id='word_1_196' title='bbox 1069 1719 1293 1765; x_wconf 89' lang='lat' dir='ltr'>doctorem</span> <span class='ocrx_word' id='word_1_197' title='bbox 1314 1722 1477 1775; x_wconf 88' lang='lat' dir='ltr'>Deum,</span> 
     </span>
     <span class='ocr_line' id='line_1_23' title="bbox 95 1789 1482 1851; baseline -0.006 -10"><span class='ocrx_word' id='word_1_198' title='bbox 95 1793 253 1841; x_wconf 89' lang='lat' dir='ltr'>deinde</span> <span class='ocrx_word' id='word_1_199' title='bbox 273 1793 370 1838; x_wconf 89' lang='lat' dir='ltr'>vult</span> <span class='ocrx_word' id='word_1_200' title='bbox 393 1792 564 1838; x_wconf 90' lang='lat' dir='ltr'>docere.</span> <span class='ocrx_word' id='word_1_201' title='bbox 596 1811 617 1835; x_wconf 73' lang='grc' dir='ltr'>ι(</span> <span class='ocrx_word' id='word_1_202' title='bbox 647 1791 979 1846; x_wconf 89' lang='lat' dir='ltr'>Pronuntiabit,</span> <span class='ocrx_word' id='word_1_203' title='bbox 1009 1790 1179 1851; x_wconf 85' lang='lat' dir='ltr'>inquit,</span> <span class='ocrx_word' id='word_1_204' title='bbox 1209 1789 1355 1849; x_wconf 82' lang='lat' dir='ltr'>lingua</span> <span class='ocrx_word' id='word_1_205' title='bbox 1385 1804 1482 1834; x_wconf 85' lang='lat' dir='ltr'>mea</span> 
     </span>
     <span class='ocr_line' id='line_1_24' title="bbox 101 1860 1482 1925; baseline -0.002 -17"><span class='ocrx_word' id='word_1_206' title='bbox 101 1887 120 1909; x_wconf 91' lang='lat'>»</span> <span class='ocrx_word' id='word_1_207' title='bbox 155 1865 329 1925; x_wconf 85' lang='lat' dir='ltr'>eloquia</span> <span class='ocrx_word' id='word_1_208' title='bbox 355 1873 452 1918; x_wconf 88' lang='lat' dir='ltr'>tua,</span> <span class='ocrx_word' id='word_1_209' title='bbox 478 1864 581 1924; x_wconf 86' lang='lat' dir='ltr'>quia</span> <span class='ocrx_word' id='word_1_210' title='bbox 604 1863 750 1907; x_wconf 90' lang='lat' dir='ltr'>omnia</span> <span class='ocrx_word' id='word_1_211' title='bbox 772 1861 978 1907; x_wconf 83' lang='lat' dir='ltr'>mandata</span> <span class='ocrx_word' id='word_1_212' title='bbox 998 1870 1073 1906; x_wconf 85' lang='lat' dir='ltr'>tua</span> <span class='ocrx_word' id='word_1_213' title='bbox 1090 1860 1298 1922; x_wconf 68' lang='lat' dir='ltr'>justitiass.</span> <span class='ocrx_word' id='word_1_214' title='bbox 1329 1880 1347 1902; x_wconf 89' lang='lat'>»</span> <span class='ocrx_word' id='word_1_215' title='bbox 1368 1862 1482 1906; x_wconf 87' lang='lat' dir='ltr'>Cum</span> 
     </span>
     <span class='ocr_line' id='line_1_25' title="bbox 96 1931 1480 1996; baseline -0.004 -15"><span class='ocrx_word' id='word_1_216' title='bbox 96 1938 192 1982; x_wconf 75' lang='lat' dir='ltr'>haec</span> <span class='ocrx_word' id='word_1_217' title='bbox 214 1951 258 1980; x_wconf 92' lang='lat' dir='ltr'>se</span> <span class='ocrx_word' id='word_1_218' title='bbox 283 1935 669 1996; x_wconf 86' lang='lat' dir='ltr'>pronuntiaturum</span> <span class='ocrx_word' id='word_1_219' title='bbox 695 1934 826 1989; x_wconf 89' lang='lat' dir='ltr'>dicit,</span> <span class='ocrx_word' id='word_1_220' title='bbox 857 1932 1010 1993; x_wconf 91' lang='lat' dir='ltr'>utique</span> <span class='ocrx_word' id='word_1_221' title='bbox 1036 1932 1232 1976; x_wconf 88' lang='lat' dir='ltr'>minister</span> <span class='ocrx_word' id='word_1_222' title='bbox 1259 1932 1309 1975; x_wconf 86' lang='lat' dir='ltr'>fit</span> <span class='ocrx_word' id='word_1_223' title='bbox 1343 1931 1480 1976; x_wconf 88' lang='lat' dir='ltr'>verbi.</span> 
     </span>
     <span class='ocr_line' id='line_1_26' title="bbox 99 2001 1486 2062; baseline -0.004 -11"><span class='ocrx_word' id='word_1_224' title='bbox 99 2006 308 2062; x_wconf 81' lang='lat' dir='ltr'>Quamvis</span> <span class='ocrx_word' id='word_1_225' title='bbox 333 2006 449 2050; x_wconf 87' lang='lat' dir='ltr'>enim</span> <span class='ocrx_word' id='word_1_226' title='bbox 478 2009 592 2050; x_wconf 85' lang='lat' dir='ltr'>Deus</span> <span class='ocrx_word' id='word_1_227' title='bbox 626 2004 780 2049; x_wconf 88' lang='lat' dir='ltr'>doceat</span> <span class='ocrx_word' id='word_1_228' title='bbox 804 2003 1063 2048; x_wconf 84' lang='lat' dir='ltr'>intrinsecus</span> <span class='ocrx_word' id='word_1_229' title='bbox 1089 2021 1098 2048; x_wconf 92' lang='lat'>:</span> <span class='ocrx_word' id='word_1_230' title='bbox 1132 2011 1279 2046; x_wconf 85' lang='lat' dir='ltr'>tamen</span> <span class='ocrx_word' id='word_1_231' title='bbox 1301 2001 1407 2045; x_wconf 89' lang='lat' dir='ltr'>fides</span> <span class='ocrx_word' id='word_1_232' title='bbox 1434 2017 1486 2045; x_wconf 85' lang='lat' dir='ltr'>ex</span> 
     </span>
     <span class='ocr_line' id='line_1_27' title="bbox 100 2074 1486 2139; baseline -0.005 -16"><span class='ocrx_word' id='word_1_233' title='bbox 100 2078 252 2124; x_wconf 83' lang='lat' dir='ltr'>auditu</span> <span class='ocrx_word' id='word_1_234' title='bbox 271 2087 349 2122; x_wconf 90' lang='lat' dir='ltr'>est.</span> <span class='ocrx_word' id='word_1_235' title='bbox 372 2081 426 2122; x_wconf 88' lang='lat' dir='ltr'>Et</span> <span class='ocrx_word' id='word_1_236' title='bbox 447 2076 670 2139; x_wconf 88' lang='lat' dir='ltr'>quomodo</span> <span class='ocrx_word' id='word_1_237' title='bbox 687 2075 872 2120; x_wconf 83' lang='lat' dir='ltr'>audiunt</span> <span class='ocrx_word' id='word_1_238' title='bbox 889 2075 980 2119; x_wconf 87' lang='lat' dir='ltr'>sine</span> <span class='ocrx_word' id='word_1_239' title='bbox 1001 2074 1317 2134; x_wconf 81' lang='lat' dir='ltr'>praedicante⁷?</span> <span class='ocrx_word' id='word_1_240' title='bbox 1333 2076 1486 2133; x_wconf 87' lang='lat' dir='ltr'>Neque</span> 
     </span>
     <span class='ocr_line' id='line_1_28' title="bbox 103 2143 1485 2210; baseline -0.006 -15"><span class='ocrx_word' id='word_1_241' title='bbox 103 2151 219 2196; x_wconf 87' lang='lat' dir='ltr'>enim</span> <span class='ocrx_word' id='word_1_242' title='bbox 230 2149 332 2210; x_wconf 87' lang='lat' dir='ltr'>quia</span> <span class='ocrx_word' id='word_1_243' title='bbox 350 2152 462 2193; x_wconf 86' lang='lat' dir='ltr'>Deus</span> <span class='ocrx_word' id='word_1_244' title='bbox 482 2148 556 2193; x_wconf 84' lang='lat' dir='ltr'>dat</span> <span class='ocrx_word' id='word_1_245' title='bbox 578 2148 943 2202; x_wconf 62' lang='lat' dir='ltr'>incrementumss,</span> <span class='ocrx_word' id='word_1_246' title='bbox 963 2144 1063 2191; x_wconf 84' lang='lat' dir='ltr'>ideo</span> <span class='ocrx_word' id='word_1_247' title='bbox 1081 2161 1170 2190; x_wconf 90' lang='lat' dir='ltr'>non</span> <span class='ocrx_word' id='word_1_248' title='bbox 1192 2154 1255 2189; x_wconf 85' lang='lat' dir='ltr'>est</span> <span class='ocrx_word' id='word_1_249' title='bbox 1277 2143 1485 2205; x_wconf 85' lang='lat' dir='ltr'>plantan-</span> 
     </span>
     <span class='ocr_line' id='line_1_29' title="bbox 104 2219 540 2279; baseline -0.007 -12"><span class='ocrx_word' id='word_1_250' title='bbox 104 2221 211 2267; x_wconf 86' lang='lat' dir='ltr'>dum</span> <span class='ocrx_word' id='word_1_251' title='bbox 234 2231 276 2267; x_wconf 85' lang='lat' dir='ltr'>et</span> <span class='ocrx_word' id='word_1_252' title='bbox 297 2219 540 2279; x_wconf 82' lang='lat' dir='ltr'>rigandum.</span> 
     </span>
    </p>

    <p class='ocr_par' dir='ltr' id='par_1_6' title="bbox 107 2284 1491 2423">
     <span class='ocr_line' id='line_1_30' title="bbox 163 2284 1489 2351; baseline -0.006 -14"><span class='ocrx_word' id='word_1_253' title='bbox 163 2295 218 2337; x_wconf 87' lang='lat' dir='ltr'>V.</span> <span class='ocrx_word' id='word_1_254' title='bbox 246 2292 335 2338; x_wconf 86' lang='lat' dir='ltr'>Scit</span> <span class='ocrx_word' id='word_1_255' title='bbox 361 2300 507 2336; x_wconf 86' lang='lat' dir='ltr'>autem</span> <span class='ocrx_word' id='word_1_256' title='bbox 532 2305 632 2351; x_wconf 82' lang='lat' dir='ltr'>quae</span> <span class='ocrx_word' id='word_1_257' title='bbox 659 2286 852 2349; x_wconf 88' lang='lat' dir='ltr'>pericula</span> <span class='ocrx_word' id='word_1_258' title='bbox 889 2296 1092 2332; x_wconf 84' lang='lat' dir='ltr'>secutura</span> <span class='ocrx_word' id='word_1_259' title='bbox 1117 2287 1202 2331; x_wconf 89' lang='lat' dir='ltr'>sint</span> <span class='ocrx_word' id='word_1_260' title='bbox 1221 2302 1244 2331; x_wconf 84' lang='lat' dir='ltr'>a</span> <span class='ocrx_word' id='word_1_261' title='bbox 1265 2284 1489 2331; x_wconf 84' lang='lat' dir='ltr'>contradi-</span> 
     </span>
     <span class='ocr_line' id='line_1_31' title="bbox 107 2355 1491 2423; baseline -0.007 -14"><span class='ocrx_word' id='word_1_262' title='bbox 107 2364 305 2409; x_wconf 88' lang='lat' dir='ltr'>centibus</span> <span class='ocrx_word' id='word_1_263' title='bbox 324 2372 369 2407; x_wconf 89' lang='lat' dir='ltr'>et</span> <span class='ocrx_word' id='word_1_264' title='bbox 384 2360 744 2423; x_wconf 84' lang='lat' dir='ltr'>persequentibus</span> <span class='ocrx_word' id='word_1_265' title='bbox 762 2394 773 2415; x_wconf 88' lang='lat'>,</span> <span class='ocrx_word' id='word_1_266' title='bbox 793 2373 895 2404; x_wconf 91' lang='lat' dir='ltr'>cum</span> <span class='ocrx_word' id='word_1_267' title='bbox 922 2357 1054 2403; x_wconf 86' lang='lat' dir='ltr'>suerit</span> <span class='ocrx_word' id='word_1_268' title='bbox 1072 2357 1378 2418; x_wconf 84' lang='lat' dir='ltr'>pronuntiator</span> <span class='ocrx_word' id='word_1_269' title='bbox 1399 2355 1491 2400; x_wconf 91' lang='lat' dir='ltr'>elo-</span> 
     </span>
    </p>
   </div>
   <div class='ocr_carea' id='block_1_3' title="bbox 112 2468 1491 2634">
    <p class='ocr_par' dir='ltr' id='par_1_7' title="bbox 112 2468 1491 2634">
     <span class='ocr_line' id='line_1_32' title="bbox 157 2468 1491 2519; baseline -0.007 -7"><span class='ocrx_word' id='word_1_270' title='bbox 157 2485 166 2502; x_wconf 88' lang='lat'>¹</span> <span class='ocrx_word' id='word_1_271' title='bbox 188 2477 268 2511; x_wconf 85' lang='lat' dir='ltr'>Psal.</span> <span class='ocrx_word' id='word_1_272' title='bbox 294 2488 367 2511; x_wconf 83' lang='lat' dir='ltr'>xxn</span> <span class='ocrx_word' id='word_1_273' title='bbox 383 2503 392 2519; x_wconf 91' lang='lat'>‚</span> <span class='ocrx_word' id='word_1_274' title='bbox 410 2476 443 2510; x_wconf 89' lang='lat'>8.</span> <span class='ocrx_word' id='word_1_275' title='bbox 462 2493 502 2500; x_wconf 89' lang='lat'>-</span> <span class='ocrx_word' id='word_1_276' title='bbox 523 2482 535 2499; x_wconf 87' lang='lat'>²</span> <span class='ocrx_word' id='word_1_277' title='bbox 558 2474 605 2508; x_wconf 87' lang='lat' dir='ltr'>Id.</span> <span class='ocrx_word' id='word_1_278' title='bbox 630 2485 724 2507; x_wconf 72' lang='lat' dir='ltr'>cxvm</span> <span class='ocrx_word' id='word_1_279' title='bbox 741 2499 749 2515; x_wconf 92' lang='lat'>‚</span> <span class='ocrx_word' id='word_1_280' title='bbox 778 2484 852 2516; x_wconf 86' lang='lat'><strong>¹70·</strong></span> <span class='ocrx_word' id='word_1_281' title='bbox 868 2489 909 2496; x_wconf 92' lang='lat'>-</span> <span class='ocrx_word' id='word_1_282' title='bbox 931 2470 944 2496; x_wconf 82' lang='grc'>3</span> <span class='ocrx_word' id='word_1_283' title='bbox 965 2472 1047 2505; x_wconf 82' lang='lat' dir='ltr'>lbid.</span> <span class='ocrx_word' id='word_1_284' title='bbox 1072 2482 1144 2515; x_wconf 81' lang='lat'>¹71·</span> <span class='ocrx_word' id='word_1_285' title='bbox 1171 2488 1212 2494; x_wconf 92' lang='lat'>-</span> <span class='ocrx_word' id='word_1_286' title='bbox 1228 2469 1350 2504; x_wconf 66' lang='lat' dir='ltr'>AJoan.</span> <span class='ocrx_word' id='word_1_287' title='bbox 1376 2481 1419 2511; x_wconf 74' lang='lat' dir='ltr'>vi,</span> <span class='ocrx_word' id='word_1_288' title='bbox 1434 2468 1491 2512; x_wconf 79' lang='grc'>45.</span> 
     </span>
     <span class='ocr_line' id='line_1_33' title="bbox 112 2525 1486 2577; baseline -0.007 -8"><span class='ocrx_word' id='word_1_289' title='bbox 112 2553 154 2560; x_wconf 89' lang='lat'>·-</span> <span class='ocrx_word' id='word_1_290' title='bbox 178 2534 194 2560; x_wconf 83' lang='lat'>⁵</span> <span class='ocrx_word' id='word_1_291' title='bbox 211 2547 222 2568; x_wconf 87' lang='lat'>1</span> <span class='ocrx_word' id='word_1_292' title='bbox 245 2537 318 2570; x_wconf 88' lang='lat' dir='ltr'>Cor.</span> <span class='ocrx_word' id='word_1_293' title='bbox 337 2545 361 2577; x_wconf 85' lang='lat'>1,</span> <span class='ocrx_word' id='word_1_294' title='bbox 384 2534 489 2567; x_wconf 85' lang='lat'>31.—</span> <span class='ocrx_word' id='word_1_295' title='bbox 505 2530 522 2557; x_wconf 82' lang='lat'><strong>⁶</strong></span> <span class='ocrx_word' id='word_1_296' title='bbox 542 2531 623 2565; x_wconf 79' lang='lat' dir='ltr'>Psal.</span> <span class='ocrx_word' id='word_1_297' title='bbox 641 2541 749 2565; x_wconf 77' lang='lat' dir='ltr'>cxvm,</span> <span class='ocrx_word' id='word_1_298' title='bbox 773 2538 901 2573; x_wconf 69' lang='lat'>172—</span> <span class='ocrx_word' id='word_1_299' title='bbox 919 2536 934 2563; x_wconf 87' lang='lat'><em>7</em></span> <span class='ocrx_word' id='word_1_300' title='bbox 948 2531 1039 2562; x_wconf 84' lang='lat' dir='ltr'>Rom.</span> <span class='ocrx_word' id='word_1_301' title='bbox 1059 2539 1093 2571; x_wconf 80' lang='lat' dir='ltr'>x,</span> <span class='ocrx_word' id='word_1_302' title='bbox 1112 2527 1150 2572; x_wconf 67' lang='lat'>14</span> <span class='ocrx_word' id='word_1_303' title='bbox 1169 2531 1203 2561; x_wconf 88' lang='lat' dir='ltr'>et</span> <span class='ocrx_word' id='word_1_304' title='bbox 1224 2538 1321 2570; x_wconf 85' lang='lat'><em>17.-—</em></span> <span class='ocrx_word' id='word_1_305' title='bbox 1340 2525 1355 2551; x_wconf 80' lang='lat'>⁸</span> <span class='ocrx_word' id='word_1_306' title='bbox 1375 2538 1388 2559; x_wconf 75' lang='grc' dir='ltr'>ι</span> <span class='ocrx_word' id='word_1_307' title='bbox 1410 2528 1486 2560; x_wconf 89' lang='lat' dir='ltr'>Cor.</span> 
     </span>
     <span class='ocr_line' id='line_1_34' title="bbox 114 2602 238 2634; baseline -0.016 -9"><span class='ocrx_word' id='word_1_308' title='bbox 114 2604 174 2634; x_wconf 79' lang='grc' dir='ltr'>ιιι,</span> <span class='ocrx_word' id='word_1_309' title='bbox 206 2602 238 2634; x_wconf 79' lang='lat'>7.</span> 
     </span>
    </p>
   </div>
  </div>
 </body>
</html>
