1848 3261
435 205 678 237 mxu-Annum
706 207 755 236 m
783 203 987 236 rsAme
1016 206 1120 235 exn.
1398 196 1482 236 327

105 289 206 322 cum
227 274 486 320 creverimus
523 273 757 333 magnique
777 270 986 316 fuerimus
999 305 1012 326 ‚
1051 286 1130 315 nos
1146 272 1261 331 ipsos
1280 271 1486 319 laudabi-

104 362 216 391 mus.
242 347 341 390 Non
357 345 416 389 sic
433 344 572 404 pueri,
597 359 687 388 non
707 343 767 387 sic
791 350 1046 401 :propterea
1062 339 1167 386 dicit
1183 343 1393 387 Dominus
1409 359 1488 404 per

106 419 279 469 Isai'am‚
307 433 326 455 «
346 418 440 474 Ego
462 429 557 459 sum
576 449 587 469 ‚
604 423 647 458 et
663 427 801 472 usque
821 410 927 455 dum
949 412 1192 466 senescatis,
1212 426 1291 470 ego
1313 417 1444 458 sum1.
1461 433 1484 458 »

106 486 186 532 Ille
211 501 381 546 semper
411 485 656 530 laudandus
690 491 775 536 est,
805 482 883 542 qui
911 491 987 526 est.
1020 501 1040 524 «
1066 482 1260 526 Laudate
1291 485 1416 542 pueri
1437 500 1488 530 ex

107 575 128 599 »
161 558 247 602 hoc
264 592 275 613 ‚
303 574 324 598 η
361 557 537 601 laudate
558 569 679 599 senes
705 572 724 596 «
747 555 805 597 Et
835 554 1042 613 usquein
1071 553 1295 598 saeculum.
1330 571 1351 596 »
1380 556 1489 609 Quia

104 636 303 671 senectus
324 636 464 671 vestra
488 625 676 669 albescet
706 623 884 684 quidem
902 624 1017 668 canis
1037 624 1258 683 sapientiae
1273 659 1284 680 ,
1307 624 1383 669 sed
1399 641 1490 671 non

103 698 242 742 carnis
262 707 478 742 vetustate
495 704 744 740 marcescet.
761 697 850 739 Aut
866 695 1075 755 quoniam
1090 695 1174 739 hoc
1189 694 1287 740 loco
1307 696 1490 741 humili-

103 778 236 813 tatem
254 768 399 828 potius
420 767 594 812 videtur
615 766 854 825 significare
875 765 1060 825 pueritia
1074 801 1085 820 ,
1106 766 1176 810 cui
1199 767 1412 811 contraria
1427 777 1492 813 est

102 855 213 883 vana
234 848 277 883 et
298 838 404 883 falsa
433 837 647 898 superbiae
664 837 947 895 magnitudo3
971 845 1014 880 et
1034 835 1134 882 ideo
1154 837 1384 882 Dominum
1408 839 1489 883 nisi

103 909 229 969 pueri
247 924 336 953 non
354 908 537 952 laudant
548 943 558 962 ‚
580 907 681 967 quia
694 907 871 966 superbi
884 922 983 950 eum
997 906 1175 951 laudare
1187 923 1277 952 non
1294 919 1458 954 norunt
1477 928 1487 955 t

102 979 157 1024 sit
177 987 376 1023 senectus
397 987 539 1023 vestra
563 976 761 1037 puerilis,
785 986 830 1021 ct
857 977 1041 1037 pueritia
1070 976 1242 1035 senilis3
1265 978 1312 1022 id
1334 988 1412 1035 est,
1441 989 1493 1025 ut

102 1065 184 1094 nec
204 1049 412 1109 sapientia
433 1059 573 1094 vestra
600 1050 654 1093 sit
682 1064 785 1093 cum
806 1048 1007 1107 superbia
1021 1083 1032 1103 ‚
1057 1063 1138 1092 nec
1158 1048 1381 1093 humilitas
1401 1049 1492 1095 sine

101 1120 312 1179 sapientia
348 1138 357 1163 ε
396 1128 446 1163 ut
473 1119 657 1162 laudetis
681 1118 915 1161 Dominum
941 1135 962 1160 «
997 1120 1063 1161 Ex
1098 1118 1183 1162 hoc
1211 1127 1255 1163 et
1284 1120 1493 1180 usquein

104 1207 125 1232 »
160 1189 384 1233 saeculum.
414 1207 434 1230 »
459 1192 744 1247 Quacumque
772 1196 919 1231 autem
947 1189 994 1231 in
1017 1187 1206 1247 parvulis
1227 1190 1382 1234 sanctis
1403 1193 1492 1236 Ec—

102 1259 228 1305 clesia
259 1259 419 1305 Christi
451 1258 739 1314 diffunditur,
769 1276 787 1298 «
820 1257 1016 1303 Laudate
1039 1273 1201 1303 nomen
1229 1260 1403 1305 Domini
1429 1280 1438 1306 :
1465 1279 1486 1304 η

100 1331 186 1375 hoc
207 1339 271 1374 est
297 1329 435 1384 enim,
470 1347 491 1371 «
516 1331 554 1374 Α
576 1328 676 1374 solis
697 1338 798 1373 ortu
822 1344 960 1389 usque
989 1328 1045 1374 ad
1065 1338 1266 1375 occasum
1286 1366 1298 1388 ‚
1317 1329 1492 1377 laudate

103 1418 125 1442 »
160 1415 321 1445 nomen
343 1399 530 1444 Domini.
553 1417 573 1440 »

161 1475 244 1516 III.
276 1491 296 1513 «
321 1470 524 1515 Excelsus
536 1485 666 1530 super
680 1485 828 1514 omnes
848 1479 996 1529 gentes
1014 1472 1266 1516 Dominus2.
1291 1490 1312 1514 »
1333 1474 1492 1518 Gentes

102 1542 302 1586 homines
319 1551 420 1586 sunt
443 1561 451 1586 :
476 1541 584 1602 quid
601 1541 761 1584 mirum
778 1575 789 1596 ,
809 1541 842 1584 si
859 1556 988 1600 super
1005 1541 1202 1586 homines
1222 1542 1414 1588 excelsus
1429 1554 1493 1589 est

101 1613 340 1657 Dominus?
354 1612 423 1656 Illi
433 1628 562 1672 super
577 1627 620 1656 se
633 1611 818 1656 excelsos
829 1628 938 1671 quos
951 1611 1118 1669 colunt,
1136 1614 1271 1658 oculis
1283 1614 1433 1660 vident
1445 1617 1492 1661 in

100 1683 213 1728 coelo
233 1683 403 1742 fulgere
418 1719 428 1739 ‚
454 1682 587 1728 solem
611 1692 655 1727 et
676 1683 827 1727 lunam
843 1692 886 1726 et
900 1683 1064 1738 stellas,
1085 1685 1155 1728 cui
1168 1695 1379 1730 creaturae
1401 1703 1491 1732 ser-

99 1753 225 1797 viunt
240 1789 251 1808 ‚
276 1753 521 1798 deserentes
545 1756 810 1798 Creatorem.
846 1753 931 1797 Sed
964 1770 1054 1798 non
1076 1754 1216 1799 solum
1242 1775 1262 1798 «
1287 1756 1491 1802 Excelsus

102 1841 123 1865 »
159 1840 291 1884 super
328 1840 477 1868 omnes
501 1833 648 1882 gentes
672 1823 881 1867 Dominus
908 1843 917 1868 :
951 1843 970 1865 »
997 1826 1283 1870 verumetiam
1311 1846 1330 1869 «
1354 1830 1491 1888 Super

102 1912 122 1935 »
158 1894 291 1939 coelos
316 1895 449 1952 gloria
474 1896 579 1954 ejus.
608 1912 628 1935 »
654 1892 768 1938 Coeli
797 1909 927 1953 supra
949 1909 993 1939 se
1017 1895 1258 1955 suspiciunt
1280 1912 1378 1942 eum
1400 1920 1411 1956 3
1447 1909 1491 1945 et

98 1965 286 2009 humiles
303 1981 402 2009 eum
425 1980 572 2009 secum
589 1964 770 2019 habent,
787 1965 1010 2013 constituti
1034 1982 1162 2012 carne
1176 1967 1289 2013 infra
1304 1969 1485 2027 coelum,

98 2036 174 2096 qui
197 2051 277 2094 pro
297 2035 374 2080 illo
396 2051 486 2080 non
508 2035 661 2080 colunt
680 2035 859 2080 coelum.

157 2108 232 2150 IV.
254 2125 274 2148 «
293 2105 398 2158 Quis
420 2106 536 2150 enim
556 2106 668 2150 sicut
686 2106 896 2151 Dominus
910 2109 1023 2152 Deus
1043 2117 1209 2164 noster,
1227 2109 1303 2170 qui
1324 2110 1371 2154 in
1391 2110 1488 2156 altis

100 2194 121 2218 »
157 2177 346 2232 habitat,
362 2187 405 2222 et
421 2177 604 2222 humilia
616 2178 842 2238 respicitss‘?
861 2197 881 2221 »
900 2179 1135 2240 Quisquam
1148 2190 1343 2241 putaret,
1364 2183 1486 2244 quod

97 2246 143 2291 in
179 2247 274 2291 altis
297 2248 418 2292 coelis
447 2248 614 2292 habitet
632 2284 642 2304 ‚
679 2248 797 2293 unde
828 2249 1009 2294 humilia
1043 2260 1211 2297 terrena
1244 2253 1444 2313 respiciat
1472 2272 1481 2298 ε

97 2315 174 2360 sed
199 2335 219 2358 »
254 2317 435 2361 humilia
457 2319 630 2378 respicit
646 2353 657 2374 ,
692 2320 737 2362 in
760 2319 872 2364 coelo
905 2330 949 2365 et
968 2321 1013 2365 in
1032 2330 1159 2367 terra.
1189 2342 1210 2365 »
1251 2327 1302 2368 In
1323 2324 1485 2385 quibus

98 2401 201 2445 ergo
220 2386 317 2431 altis
354 2388 549 2444 habitat,
586 2387 704 2432 unde
732 2389 914 2434 humilia
951 2392 1149 2452 respiciat
1170 2394 1214 2437 in
1237 2394 1350 2438 coelo
1366 2403 1410 2438 et
1437 2394 1483 2438 in

97 2459 242 2502 terra?
263 2461 332 2502 An
352 2458 398 2503 in
419 2460 579 2519 quibus
600 2459 695 2504 altis
718 2460 908 2517 habitat,
934 2463 1063 2508 etiam
1084 2464 1173 2524 ipsa
1190 2464 1370 2511 humilia
1388 2479 1481 2509 res-

147 2543 244 2574 1Ιεὲιῐ.
270 2553 357 2585 var,
377 2543 407 2585 4.
429 2561 469 2567 -—
495 2550 508 2566 ²
531 2544 752 2587 Psal.cx11,4.
777 2561 818 2569 --
837 2544 950 2580 ³1bid.
974 2547 1008 2589 5,
1028 2547 1060 2579 6.
