1848 3261
395 202 479 243 254
822 212 857 240 s.
890 212 1120 242 Auensnm
1154 213 1336 241 Emscom

394 293 524 323 suum
545 312 557 333 ,
589 286 639 322 ut
672 277 788 322 intus
817 293 996 322 manens
1032 276 1396 337 multiplicaretur
1421 311 1432 333 ‚
1468 291 1558 321 non
1585 286 1635 321 ut
1667 276 1780 322 foras

394 349 536 393 exiens
570 348 857 393 minueretur.
894 351 987 393 Hoc
1027 347 1178 392 vident
1211 347 1343 403 recti⁷
1382 356 1425 391 et
1460 347 1775 408 jucundantur.

397 437 416 460 «
452 419 603 464 Omnis
635 434 738 477 ergo
765 418 970 478 iniquitas
1006 417 1220 478 oppilabit
1255 433 1301 462 os
1320 433 1446 462 suum
1463 453 1474 472 ‚
1500 436 1521 460 η
1546 427 1589 463 et
1610 419 1687 478 qui
1717 426 1782 462 est

399 508 419 531 «
456 489 631 549 Sapiens
647 524 658 543 ,
683 488 899 532 custodiet
933 489 1042 533 haec.
1072 507 1092 529 »
1120 487 1246 533 Unde
1268 487 1514 532 custodiet?
1536 492 1617 532 Per
1638 489 1784 533 humi-

395 558 585 614 litatem,
625 558 909 616 intelligendo
936 559 1230 603 miserationes
1253 558 1423 603 Domini
1457 576 1468 603 ε
1493 558 1595 618 quia
1617 559 1784 619 ubique

397 629 566 674 dictum
587 638 650 673 est
670 648 680 673 ε
709 648 730 671 ‹<
753 630 1054 673 Confiteantur
1072 630 1259 674 Domino
1285 629 1581 674 miserationes
1597 629 1688 689 ejus
1703 664 1715 685 ,
1741 637 1785 674 et

401 718 421 741 »
455 698 664 744 mirabilia
688 699 781 758 ejus
801 698 898 742 filiis
915 698 1160 743 hominum.
1188 716 1210 740 »

397 923 940 940 mxvmmummmwmmmmm

1154 921 1502 938 WWMNWMM
1506 922 1787 939 mmmm

773 1065 833 1101 IN
878 1061 1181 1103 PSALMUM
1245 1062 1394 1102 CVII.

547 1227 714 1289 Quare
736 1225 826 1272 hoc
851 1225 953 1272 loco
973 1242 1069 1272 non
1089 1225 1342 1290 subjicitur·
1359 1226 1648 1272 Enarratio.

476 1387 511 1427 I.
548 1387 761 1428 PsALMU'M
785 1383 1326 1443 centesimum-septimum
1359 1384 1665 1444 exponendum
1700 1400 1790 1430 non

403 1454 554 1514 putavi
576 1474 585 1499 ε
605 1454 813 1515 quoniam
829 1455 919 1514 jam
943 1455 1120 1513 exposui
1140 1469 1240 1498 eum
1261 1455 1307 1498 in
1330 1454 1500 1499 Psalmo
1519 1455 1791 1515 quinquage-

401 1527 658 1570 simo-sexto
673 1561 684 1581 ,
710 1535 754 1570 et
775 1526 820 1569 in
843 1525 1013 1570 Psalmo
1041 1526 1540 1586 quinquagesimo-nono
1560 1561 1572 1582 ‚
1596 1542 1647 1570 ex
1677 1542 1791 1587 quo-

402 1612 499 1640 rum
532 1596 758 1656 postremis
780 1595 974 1655 partibus
996 1596 1074 1639 iste
1106 1604 1289 1640 constat.
1326 1599 1435 1641 Nam
1456 1605 1673 1656 postrema
1695 1611 1792 1656 pars

403 1666 932 1727 quinquagesimi-sexti1,
972 1666 1111 1725 prima
1144 1675 1208 1710 est
1241 1666 1397 1725 hujus,
1438 1682 1576 1727 usque
1609 1666 1665 1711 ad
1690 1682 1792 1711 eum

403 1752 577 1781 versum
611 1736 687 1780 ubi
718 1736 879 1781 dicitur
911 1755 920 1780 :
951 1739 1053 1780 «Et
1089 1752 1219 1796 super
1256 1752 1433 1782 omnem
1465 1747 1625 1781 terram
1657 1737 1792 1795 gloria

406 1827 425 1849 »
464 1810 581 1852 tua².
611 1826 631 1848 »
653 1807 766 1851 Hinc
789 1816 935 1851 autem
958 1822 1097 1867 usque
1118 1807 1165 1850 in
1186 1807 1319 1851 finem
1333 1842 1345 1863 ‚
1370 1816 1588 1867 postrema
1609 1823 1706 1867 pars
1728 1817 1793 1853 est

403 1878 914 1939 quinquagesimi-noni:
945 1877 1057 1922 sicut
1093 1886 1310 1937 postrema
1341 1893 1437 1937 pars
1467 1878 1689 1922 centesimi
1711 1879 1791 1923 tri-

402 1948 722 2009 gesimi-quarti
739 1983 749 2003 ,
776 1947 927 1992 eadem
950 1957 1015 1992 est
1032 1964 1131 2008 quae
1149 1948 1370 1992 centesimi
1388 1948 1710 2005 tertii-decimi,
1735 1950 1791 1993 ab

403 2036 454 2065 eo
486 2035 613 2063 versu
637 2018 713 2061 ubi
745 2017 934 2062 dicitur:
964 2037 985 2060 «
1012 2018 1249 2062 Simulacra
1272 2018 1467 2077 gentium
1498 2028 1728 2078 argentum
1749 2028 1793 2063 et

407 2110 427 2132 »
464 2106 618 2134 aurum
636 2090 650 2114 ³
676 2108 686 2132 2
722 2107 741 2128 »
773 2088 884 2132 sicut
917 2087 1283 2133 tertius-decimus
1313 2098 1356 2133 et
1384 2089 1793 2150 quinquagesimus-

405 2161 638 2214 secundus,
664 2158 838 2202 mutatis
862 2158 1079 2219 aliquibus
1100 2157 1271 2213 mediis,
1292 2158 1444 2203 eadem
1464 2160 1626 2204 habent
1647 2161 1792 2204 omnia

405 2247 429 2275 a
445 2230 666 2290 principiis
683 2244 820 2289 usque
841 2229 886 2271 in
903 2229 1024 2272 fines.
1043 2231 1341 2287 Quaecumque
1359 2229 1491 2287 igitur
1506 2230 1553 2273 in
1573 2230 1656 2274 hoc
1679 2229 1794 2274 Psal-

405 2317 476 2346 mo
508 2300 952 2359 centesimo-septimo
989 2298 1311 2360 aliquantulum
1348 2298 1471 2343 aliter
1505 2301 1641 2360 posita
1664 2310 1788 2357 sunt,

407 2388 540 2433 quam
561 2374 606 2416 in
625 2371 709 2416 illis
732 2370 904 2415 duobus
920 2407 930 2426 ‚
957 2387 1007 2414 ex
1040 2386 1228 2431 quorum
1255 2371 1452 2430 partibus
1479 2381 1647 2417 constat
1666 2408 1678 2428 ,
1701 2388 1791 2417 non

403 2445 569 2488 habent
594 2439 866 2487 intellectum
901 2440 1123 2485 difficilem
1159 2460 1168 2486 ς
1205 2441 1316 2485 sicut
1337 2442 1383 2485 in
1403 2442 1790 2503 quinquagesimo-

455 2547 464 2562 1
488 2540 570 2572 Psal.
591 2550 655 2580 mn,
677 2547 729 2571 12.
749 2554 790 2560 —
810 2538 882 2570 ²1d.
902 2549 979 2579 cvu,
993 2539 1027 2571 6.
1045 2554 1087 2560 —
1106 2535 1120 2561 ³
1138 2538 1183 2570 Id.
1202 2548 1274 2570 exin
1295 2541 1328 2570 et
1343 2548 1472 2580 cxxxxv,
1494 2538 1544 2571 15.
