1848 3261
383 195 466 237 498
819 210 851 236 s.
888 208 1118 237 Ancum-im
1151 210 1331 236 Eriscom

382 291 401 313 n
435 274 510 317 ωί
540 291 549 317 2
580 291 598 313 »
626 273 811 333 Adjutor
841 272 895 317 ad
919 274 1036 318 bona
1058 272 1256 317 facienda
1287 292 1295 318 :
1336 291 1356 315 «
1383 276 1640 332 Susceptor,
1670 270 1766 314 »ad

376 342 489 389 mala
505 341 745 389 evadenda.
767 343 897 398 Quod
914 353 1061 389 autem
1079 343 1303 403 adjungit:
1327 362 1347 385 α
1366 346 1416 387 In
1430 343 1614 388 verbum
1638 351 1766 385 tuum

376 431 398 455 »
432 415 732 473 supersperavi
758 433 768 459 z
797 433 816 456 n
852 424 1061 474 tanquam
1089 413 1204 458 filius
1235 413 1528 473 promissionis
1550 412 1761 472 loquitur.

429 486 515 529 ΙΙΙ.
544 483 629 529 Sed
645 484 754 544 quid
775 485 857 528 sibi
873 484 971 529 vult
990 500 1138 529 versus
1159 484 1234 544 qui
1247 484 1443 544 sequitur
1457 485 1475 527 P
1491 502 1511 525 «
1540 482 1764 527 Declinate

372 572 395 598 »
430 570 453 599 a
475 570 545 600 me
568 555 769 612 maligni,
805 564 849 599 et
875 555 1100 600 scrutabor
1134 554 1338 599 mandata
1360 554 1438 599 Dei
1460 554 1592 598 mei2.
1622 572 1640 594 »
1667 555 1765 598 Non

369 625 487 669 enim
510 624 590 680 ait,
617 624 819 683 Faciam,
839 624 932 681 sed,
959 644 980 668 «
996 626 1241 670 Scrutabor.
1265 644 1285 667 n
1308 627 1365 670 Ut
1387 640 1490 684 ergo
1512 623 1705 684 perfecte
1717 638 1767 666 ea

367 695 685 756 diligenterque
724 697 894 741 noverit
923 731 936 751 ,
969 695 1184 754 malignos
1217 711 1242 739 a
1274 711 1318 739 se
1350 695 1570 739 declinare
1592 693 1765 738 deside-

372 776 465 823 rat,
503 782 664 828 eosque
703 768 832 812 etiam
865 766 1174 827 compellendo
1204 784 1227 811 a
1254 782 1298 811 se
1324 767 1476 826 abigit.
1502 769 1613 812 Nam
1641 765 1768 810 mali-

375 837 450 896 gni
489 847 694 883 exercent
719 838 775 883 ad
799 838 999 883 facienda
1037 837 1265 893 mandata,
1292 854 1314 882 a
1343 837 1585 882 scrutandis
1619 846 1766 881 autem

372 919 555 954 avocant
575 931 586 969 3
612 925 702 955 non
733 910 875 955 solum
896 926 997 954 cum
1020 919 1373 970 persequuntur,
1400 919 1475 954 aut
1490 909 1659 968 litigare
1682 924 1765 952 no-

373 980 544 1025 biscum
574 982 758 1040 volunt,
781 981 1068 1027 verumetiam
1091 997 1193 1025 cum
1221 981 1525 1040 obsequuntur
1550 989 1592 1023 et
1624 980 1767 1024 hono-

375 1061 501 1108 rant,
536 1062 579 1096 et
611 1062 759 1097 tamen
794 1054 881 1098 suis
916 1053 1081 1098 vitiosis
1114 1062 1158 1096 et
1186 1052 1419 1111 negotiosis
1453 1051 1766 1111 cupiditatibus

375 1121 633 1183 adjuvandis
654 1133 704 1168 ut
727 1140 995 1184 occupemur
1009 1159 1020 1179 ,
1053 1133 1096 1167 et
1117 1123 1176 1167 eis
1202 1132 1349 1167 nostra
1379 1132 1575 1182 tempora
1596 1122 1767 1181 impen-

375 1192 529 1238 damus
544 1229 555 1250 ,
579 1195 843 1255 efflagitant3
858 1205 934 1239 aut
955 1204 1071 1240 certe
1087 1195 1284 1239 infirmos
1298 1203 1504 1254 premunt
1521 1229 1532 1248 ,
1555 1203 1598 1237 et
1618 1209 1766 1237 causas

375 1278 472 1308 suas
494 1263 548 1308 ad
566 1280 644 1309 nos
661 1265 830 1309 deferre
852 1265 1125 1325 compellunt
1150 1284 1158 1309 :
1176 1265 1334 1325 quibus
1349 1264 1493 1309 dicere
1517 1280 1607 1308 non
1629 1263 1766 1307 aude-

375 1350 496 1381 mus:
523 1336 600 1381 Dic
613 1337 746 1381 homo
761 1372 772 1392 ,
793 1337 890 1397 quis
904 1352 974 1380 me
990 1337 1216 1381 constituit
1228 1336 1424 1396 judicem
1443 1346 1518 1380 aut
1534 1335 1767 1380 divisorem

377 1406 492 1451 inter
526 1409 663 1452 vosss?
684 1408 921 1453 Constituit
943 1407 1058 1451 enim
1093 1407 1253 1451 talibus
1286 1408 1424 1451 causis
1456 1406 1767 1451 ecclesiasticos

377 1477 612 1537 Apostolus
634 1479 877 1537 cognitores
892 1513 904 1533 ,
923 1478 969 1522 in
989 1476 1084 1522 foro
1102 1478 1338 1537 prohibens
1360 1479 1535 1537 jurgare
1558 1477 1768 1522 Christia-

376 1550 500 1593 nos4.
533 1551 597 1594 Ne
628 1548 710 1592 illis
744 1548 923 1609 quidem
955 1549 1030 1609 qui
1061 1564 1151 1593 non
1178 1548 1317 1592 aliena
1345 1549 1553 1608 rapiunt,
1585 1548 1661 1592 sed
1689 1564 1766 1593 sua

378 1618 537 1678 cupide
568 1628 794 1678 repetunt,
830 1619 1041 1663 dicimus:
1076 1621 1237 1663 Cavete
1263 1619 1319 1663 ab
1347 1619 1467 1663 omni
1497 1618 1763 1678 cupiditate,

377 1690 689 1734 constituentes
722 1691 781 1734 eis
810 1699 911 1734 ante
942 1689 1091 1734 oculos
1118 1690 1341 1734 hominem
1372 1690 1443 1733 cui
1473 1690 1640 1734 dictum
1673 1699 1762 1746 est,

383 1780 403 1805 «
441 1761 596 1817 Stulte,
622 1762 703 1806 hac
725 1771 853 1806 nocte
873 1761 1128 1805 auferetura
1148 1771 1190 1805 te
1208 1762 1350 1804 anima
1367 1770 1458 1815 tua,
1479 1777 1579 1820 quae
1595 1777 1766 1820 praepa-

383 1852 403 1874 »
437 1833 538 1877 rasti
561 1833 684 1892 cujus
708 1841 837 1876 erunt
853 1834 895 1873 ⁵?
921 1852 938 1873 »
964 1832 1068 1891 quia
1089 1840 1133 1876 et
1153 1830 1332 1890 quando
1349 1830 1556 1889 dicimus,
1587 1847 1677 1876 non
1699 1847 1767 1876 re-

377 1903 568 1959 cedunt,
596 1918 678 1947 nec
695 1902 917 1947 declinant
933 1918 957 1946 a
979 1901 1134 1959 nobis,
1159 1900 1234 1945 sed
1247 1901 1434 1957 instant,
1460 1911 1639 1961 urgent,
1665 1918 1767 1962 pre-

378 1984 534 2020 cantur
549 2010 560 2030 ,
586 1974 915 2018 tumultuantur
930 2009 940 2029 ,
962 1981 1238 2033 extorquent,
1254 1981 1303 2016 ut
1320 1972 1421 2032 ipsis
1443 1973 1588 2032 potius
1611 1974 1666 2017 ad
1687 1975 1767 2018 ista

377 2061 478 2106 quae
505 2045 695 2105 diligunt
713 2080 724 2100 ,
750 2060 883 2105 quam
905 2042 1146 2088 scrutandis
1167 2043 1243 2087 Dei
1264 2042 1480 2087 mandatis
1505 2059 1604 2103 quae
1622 2043 1768 2103 diligi-

378 2131 476 2161 mus
508 2131 788 2176 occupemur.
815 2117 852 2159 O
875 2123 1040 2175 quanto
1068 2112 1199 2158 taedio
1222 2114 1450 2157 turbarum
1485 2113 1767 2158 turbulenta-

376 2197 714 2248 rum,etquanto
726 2186 940 2231 desiderio
952 2186 1202 2231 divinorum
1216 2184 1488 2246 eloquiorum
1502 2184 1667 2229 dictum
1684 2196 1761 2242 est,

381 2276 400 2299 «
436 2254 659 2303 Declinate
671 2274 694 2302 a
710 2273 780 2302 me
792 2256 986 2316 maligni,
1004 2266 1046 2301 et
1064 2256 1290 2301 scrutabor
1302 2255 1505 2300 mandata
1522 2257 1598 2300 Dei
1612 2258 1720 2300 mei?
1742 2277 1760 2298 »

378 2330 612 2387 Ignoscant
646 2327 898 2373 obedientes
931 2327 1108 2382 fideles,
1144 2327 1221 2386 qui
1247 2343 1327 2387 pro
1367 2327 1453 2372 suis
1485 2327 1764 2371 saecularibus

377 2400 514 2445 causis
537 2415 632 2444 raro
664 2415 742 2444 nos
763 2408 992 2460 quaerunt,
1019 2407 1062 2442 et
1078 2397 1252 2458 judiciis
1275 2398 1430 2443 nostris
1458 2397 1662 2442 facillime
1682 2397 1763 2442 ad-

428 2502 437 2518 ¹
457 2495 538 2527 Psal.
559 2507 664 2537 cxviii,
687 2493 758 2537 114.
779 2511 821 2517 —
842 2494 955 2527 ²1bid.
979 2492 1050 2525 115.
1065 2510 1104 2516 —
1126 2490 1139 2516 3
1156 2494 1236 2525 Luc.
1258 2504 1311 2532 xxi,
1338 2493 1386 2534 [ᾗ.
1413 2510 1452 2516 --
1472 2492 1486 2519 6
1506 2496 1604 2526 1Cor.
1630 2505 1674 2534 vi,
1694 2494 1759 2526 1-6.

379 2567 422 2575 —
437 2549 450 2574 5
471 2554 548 2584 Luc.
568 2562 626 2593 ιιι,
646 2561 699 2584 20.
