1848 3261
364 241 475 285 ,194
823 251 857 280 s·
892 250 1124 281 Aucus‘nm
1156 253 1339 280 Enscorr

381 318 626 379 paucissimi
639 326 783 373 erant,
810 327 854 362 et
875 316 1030 363 incolae
1052 318 1098 362 in
1119 332 1184 362 ea.
1204 316 1415 363 Nonnulli
1432 327 1580 363 autem
1601 318 1774 363 codices

380 388 574 444 habent,
599 404 691 433 non
726 405 745 429 «
772 389 1022 433 Paucissimi
1053 398 1096 432 et
1125 387 1307 444 incolae,
1337 408 1355 430 »
1381 387 1485 445 sed,
1514 407 1533 429 «
1561 388 1776 433 Paucissi-

385 477 406 501 »
441 474 534 504 mos
553 468 597 503 et
611 458 789 504 incolas.
818 476 839 500 »
865 459 951 503 Ubi
974 468 1154 518 apparet
1182 474 1254 503 eos
1275 459 1353 520 qui
1375 459 1457 504 ista
1478 459 1538 504 ita
1557 460 1776 520 interpre—

379 531 460 575 tati
478 539 581 575 sunt
595 565 606 586 ‚
629 545 814 589 graecam
836 529 969 574 fuisse
989 529 1264 574 locutionem
1281 538 1452 574 secutos
1471 564 1482 586 ,
1507 545 1609 590 quae
1631 539 1778 575 trans-

381 601 484 646 ferri
515 617 605 646 non
636 610 781 661 potest
813 600 860 645 in
896 600 1110 658 latinum,
1146 601 1228 645 nisi
1255 616 1358 646 cum
1391 617 1440 646 ea
1476 601 1775 658 absurditate,

379 689 480 734 quae
502 671 604 716 ferri
626 671 807 716 omnino
829 686 920 716 non
941 672 1088 731 possit.
1118 672 1161 717 Si
1184 672 1302 715 enim
1324 681 1462 716 totam
1486 672 1625 732 ipsam
1649 672 1777 717 locu-

377 744 544 788 tionem
566 740 799 786 transferre
833 757 1059 797 conemur,
1085 741 1248 786 dicturi
1270 757 1420 786 sumus
1441 761 1451 787 :
1485 760 1505 785 «
1533 745 1586 786 In
1615 757 1667 787 eo
1687 757 1778 787 esse

383 833 402 855 »
436 812 532 857 illos
569 827 754 856 numero
787 812 934 867 brevi,
974 812 1254 872 paucissimos
1290 821 1334 856 et
1367 810 1531 857 incolas
1558 811 1607 856 in
1631 813 1730 857 ea1.
1752 829 1775 854 »

377 882 508 936 Quod
534 891 682 928 autem
709 882 770 927 ait
791 896 982 940 graecus:
1007 900 1029 924 «
1047 885 1100 926 In
1121 898 1172 927 eo
1200 897 1290 927 esse
1316 881 1442 940 illos3
1470 903 1488 924 »
1509 882 1595 927 hoc
1623 890 1688 927 est
1708 880 1778 927 la-

382 954 469 998 tine
500 972 509 998 :
539 972 558 994 «
589 955 703 998 Cum
732 961 903 997 essent:
932 973 951 995 »
987 952 1110 1014 quod
1142 953 1329 998 verbum
1357 969 1450 998 non
1479 962 1623 1013 potest
1654 968 1780 998 casus

379 1024 648 1069 accusativus
687 1023 811 1083 sequi
827 1057 838 1077 ‚
876 1022 954 1066 sed
989 1024 1299 1069 nominativus.
1331 1025 1438 1078 Quis
1476 1024 1593 1068 enim
1630 1022 1776 1068 dicat:

379 1097 493 1140 Cum
516 1103 658 1139 essent
676 1092 991 1153 paucissimos?
1013 1094 1090 1136 sed
1109 1109 1118 1135 ε
1144 1096 1260 1139 Cum
1279 1103 1421 1138 essent
1437 1093 1700 1154 paucissimi.

441 1167 519 1210 IX.
550 1185 571 1207 «
595 1167 710 1209 Cum
731 1178 835 1222 ergo
873 1171 1015 1207 essent
1049 1178 1235 1207 numero
1270 1163 1452 1221 breves,
1490 1164 1562 1209 vel
1594 1179 1781 1209 numero

379 1255 399 1278 »
436 1236 560 1279 brevi
589 1233 837 1294 paucissimi
859 1242 902 1277 et
930 1232 1085 1278 incolae
1108 1234 1154 1277 in
1173 1249 1238 1278 ea.
1268 1234 1551 1278 Transierunt
1573 1235 1629 1278 de
1651 1243 1780 1292 gente

377 1307 424 1350 in
447 1315 644 1365 gentem,
667 1314 711 1349 et
733 1303 789 1348 de
811 1320 946 1364 regno
970 1304 1017 1348 in
1038 1305 1255 1364 populum
1278 1304 1481 1349 alterum.
1509 1323 1531 1346 »
1557 1305 1778 1365 Repetitio

377 1387 442 1423 est
463 1379 554 1438 ejus
572 1375 693 1437 quod
714 1375 909 1419 dixerat:
933 1395 954 1418 «
976 1379 1038 1420 De
1060 1385 1189 1435 gente
1211 1376 1259 1420 in
1282 1385 1474 1436 gentem.
1499 1378 1599 1422 Non
1615 1375 1779 1421 dimisit

381 1468 402 1491 »
440 1448 666 1493 hominem
693 1462 850 1491 nocere
882 1447 942 1490 cis
969 1464 978 1491 ε
1011 1464 1032 1487 »
1066 1445 1113 1491 id
1141 1455 1225 1502 est,
1260 1462 1352 1491 non
1383 1447 1593 1507 permisit.
1629 1449 1781 1492 Graeca

381 1529 527 1565 autem
546 1518 712 1563 locutio
730 1526 814 1572 est,
840 1536 860 1560 «
882 1518 1048 1563 Nocere
1070 1516 1166 1561 illos
1184 1533 1192 1559 :
1218 1536 1237 1559 »
1265 1517 1401 1562 latina
1419 1533 1545 1573 vero,
1570 1536 1591 1560 α.
1614 1520 1783 1564 Nocere

381 1609 405 1634 ι)
438 1590 536 1635 illis.
562 1593 620 1634 Et
641 1582 853 1648 corripuit
869 1603 950 1648 pro
971 1589 1031 1632 eis
1049 1604 1187 1647 reges.
1218 1588 1362 1634 Nolite
1378 1624 1390 1645 ‚
1410 1589 1579 1650 inquit,
1603 1599 1783 1648 tangere

383 1681 405 1705 »
440 1662 633 1708 Christos
656 1675 792 1715 meos,
818 1660 922 1704 etin
941 1660 1170 1719 Prophetis
1185 1660 1290 1704 meis
1312 1659 1448 1705 nolite
1462 1660 1740 1720 malignari2.
1758 1677 1780 1702 »

380 1733 524 1777 Verba
542 1731 650 1776 dixit
669 1731 747 1775 Dei
764 1730 1037 1790 corripientis
1061 1729 1133 1774 vel
1153 1730 1374 1789 arguentis
1395 1745 1517 1789 reges
1532 1765 1543 1786 ‚
1568 1746 1624 1775 ne
1645 1729 1785 1775 laede-

382 1814 480 1849 rent
497 1813 667 1849 sanctos
689 1812 833 1863 patres
850 1837 862 1856 ‚
887 1817 989 1846 cum
1019 1811 1161 1846 essent
1183 1817 1369 1847 numero
1391 1802 1546 1847 breves
1560 1837 1572 1858 ,
1603 1811 1648 1846 et
1673 1817 1785 1862 pau-

381 1877 539 1922 cissimi
567 1885 698 1936 atque
725 1873 882 1919 incolae
903 1874 949 1917 in
972 1883 1086 1918 terra
1116 1874 1342 1919 Chanaan.
1380 1875 1490 1928 Quae
1527 1874 1661 1919 verba
1682 1874 1786 1919 licet

383 1948 431 1991 in
459 1946 580 1991 libris
608 1948 699 2005 ejus
728 1944 918 1990 historiae
946 1960 1036 1988 non
1065 1943 1283 2002 legantur,
1318 1954 1467 1990 tamen
1499 1943 1786 2003 intclligenda

387 2028 490 2062 sunt
510 2017 578 2060 vel
599 2016 785 2060 latenter
805 2015 922 2059 dicta
939 2050 950 2070 ‚
979 2016 1091 2059 sicut
1121 2018 1236 2060 Deus
1257 2015 1304 2059 in
1325 2015 1556 2060 hominum
1578 2014 1786 2061 cordibus

386 2089 583 2149 loquitur
606 2085 787 2131 occultis
809 2096 852 2130 et
876 2086 1099 2130 veracibus
1131 2086 1231 2131 visis
1248 2121 1259 2139 ‚
1293 2085 1364 2130 vel
1385 2087 1517 2130 etiam
1538 2101 1618 2145 per
1637 2088 1786 2144 Ange-

385 2161 480 2205 lum
503 2175 711 2220 expressa.
744 2161 855 2204 Nam
877 2167 921 2202 et
948 2173 1023 2202 rex
1056 2158 1267 2201 Gerarum
1289 2166 1334 2200 et
1365 2172 1441 2200 rex
1472 2155 1786 2215 AEgyptiorum

386 2231 595 2277 divinitus
614 2229 825 2274 admoniti
846 2237 948 2273 sunt
971 2243 1026 2272 ne
1043 2235 1253 2271 nocerent
1267 2226 1455 2271 Abrahae
1471 2228 1504 2282 3,
1527 2235 1572 2270 et
1588 2241 1661 2270 rex
1677 2225 1786 2270 alius

390 2318 445 2346 ne
467 2310 643 2346 noceret
663 2300 824 2353 Isaac4,
850 2307 892 2342 ct
915 2297 987 2342 alii
1003 2312 1059 2341 ne
1080 2306 1290 2341 nocerent
1311 2296 1466 2341 Jac0b5
1485 2317 1496 2354 3
1520 2311 1623 2340 cum
1643 2304 1787 2340 essent

392 2372 637 2435 paucissimi
651 2380 694 2415 et
710 2370 880 2425 incolae,
901 2378 1136 2429 antequam
1153 2367 1207 2412 ad
1224 2368 1270 2412 in
1293 2366 1523 2413 colendam
1538 2370 1786 2427 AEgyptum

444 2495 451 2511 ¹
480 2492 520 2519 Γν
537 2490 578 2519 τῦ)
606 2485 680 2517 εἶπεν.
710 2483 817 2520 αὖτε-ὃς
846 2483 963 2528 ἀριθμῷ
996 2480 1144 2527 βραχεῖς,
1174 2480 1330 2527 &hyon-'2¹³3
1362 2480 1414 2513 καὶ
1445 2480 1611 2526 παροίκους
1637 2481 1666 2513 ἐν
1694 2481 1782 2524 αὐτῇ.

399 2553 411 2568 2
434 2547 512 2577 that.
533 2557 601 2585 cuv,
626 2542 740 2576 13-15.
767 2561 808 2565 —
837 2541 849 2565 3
868 2544 947 2574 Gon.
969 2552 1026 2576 111,
1055 2551 1091 2582 ¹7
1111 2566 1119 2581 ,
1137 2549 1192 2580 20,
1212 2544 1246 2572 et
1263 2551 1325 2581 xx,
1347 2541 1378 2572 3.
1399 2558 1439 2562 —
1459 2539 1475 2569 4
1496 2540 1544 2572 Id.
1564 2551 1665 2581 xxvx,
1685 2538 1783 2571 8·11.

401 2619 439 2623 —
460 2601 473 2623 :3
496 2603 539 2633 tl.
557 2611 763 2632 xxii-xxxin.
