1848 3261
422 205 663 238 ENARRAno
692 206 740 236 nv
770 203 973 234 rsALMnM
1003 203 1135 232 cxv11.
1376 192 1459 231 377

82 278 204 339 quod
224 276 282 322 ait
302 274 534 336 Apostolus
551 310 561 330 ,
591 293 611 317 «
634 274 730 320 Sive
750 271 866 316 enim
895 278 1041 314 mente
1065 271 1319 314 excessimus
1341 272 1431 315 Deo
1448 305 1459 326 ,

88 370 106 392 »
141 348 229 393 sive
261 354 551 406 temperantes
588 359 735 389 sumus
765 341 918 398 vobis,
950 340 1134 384 charitas
1163 341 1278 383 enim
1305 341 1464 385 Christi

87 438 106 462 »
141 417 363 477 compellit
377 432 454 461 nos
469 419 500 460 ¹.
525 434 544 458 »
572 417 659 475 Ipsi
676 412 877 474 parvulos
899 410 1166 455 benedicunt
1186 410 1240 454 de
1261 410 1466 456 interiore

82 488 216 533 domo
237 487 432 542 Domini,
452 487 529 530 ubi
551 486 645 529 laus
659 484 731 528 illa
755 483 800 527 in
823 481 979 527 saecula
1001 481 1259 525 saeculorum
1276 496 1366 525 non
1388 481 1466 525 de-

84 558 173 603 ficit
198 578 208 603 :
228 567 271 602 et
291 557 388 602 ideo
409 556 552 601 videte
575 552 802 615 quidinde
824 553 1100 597 annuntient.
1297 545 1301 549 ”

143 631 286 673 XXII.
317 648 333 668 «
355 631 469 673 Deus
487 627 696 671 Dominus
709 660 719 680 ,
737 634 780 669 et
792 624 932 668 illuxit
948 624 1113 668 nohis2.
1134 640 1153 663 >a
1169 623 1374 667 Dominus
1393 621 1467 667 ille

85 700 161 760 qui
177 699 298 744 venit
318 699 364 742 in
386 698 562 743 nomine
583 696 776 752 Domini,
803 710 931 756 quem
962 693 1305 754 reprobaverunt
1327 694 1468 738 aedifi-

85 778 231 815 cantes
248 804 258 824 ,
285 777 328 812 et
347 767 486 813 factus
508 777 569 812 est
590 768 635 812 in
652 776 783 827 caput
805 765 952 824 anguli
972 767 987 792 3
1008 784 1016 810 :
1048 764 1262 810 Mediator
1292 764 1365 808 ille
1390 766 1469 809 Dei

85 849 129 884 et
149 839 377 883 hominum
400 839 532 882 homo
554 837 749 883 Christus
771 836 941 890 Jesus4,
967 841 1076 879 Deus
1094 844 1178 889 est,
1204 834 1382 895 aequalis
1404 844 1470 880 est

85 910 216 964 Patri,
237 917 281 953 et
301 907 444 951 illuxit
464 908 605 962 nobis7
621 916 673 951 ut
694 905 814 967 quod
834 905 1096 950 credidimus
1114 904 1466 962 intelligeremus,

84 988 128 1024 et
159 979 282 1024 vobis
308 978 506 1023 nondum
539 977 907 1037 intelligentibus,
946 975 1021 1020 sed
1043 976 1132 1036 jam
1164 975 1466 1032 credentibus,

84 1049 424 1095 enuntiaremus.
451 1051 509 1094 Ut
530 1058 675 1092 autem
698 1057 740 1092 et
761 1063 835 1092 vos
853 1046 1104 1104 intelligatis
1120 1081 1130 1101 ,
1161 1065 1181 1087 «
1207 1045 1471 1091 Constituite

85 1137 106 1162 »
141 1120 258 1164 diem
281 1118 440 1163 festum
460 1119 505 1162 in
523 1117 1051 1178 confrequentationibus,
1075 1131 1214 1176 usque
1232 1115 1286 1160 ad
1307 1131 1472 1161 cornua

84 1207 105 1232 »
141 1189 285 1234 altaris
307 1205 315 1231 :
351 1208 372 1231 »
398 1188 444 1233 id
465 1197 552 1244 est,
576 1203 714 1249 usque
732 1186 788 1231 ad
810 1187 1057 1231 interiorem
1086 1186 1264 1230 domum
1290 1187 1396 1242 Dei,
1417 1186 1472 1232 de

81 1276 168 1321 qua
192 1276 266 1305 vos
294 1258 619 1315 benediximus,
645 1259 723 1302 ubi
744 1267 846 1302 sunt
867 1258 1010 1301 altaris
1034 1256 1215 1301 excelsa.
1252 1275 1271 1298 «
1296 1258 1471 1302 Consti-

85 1348 106 1373 »
140 1330 251 1374 tuite
283 1330 400 1374 diem
423 1328 581 1373 festum
602 1364 613 1384 ,
639 1350 656 1389 >2
680 1345 769 1374 non
804 1328 947 1388 tepide
969 1344 1018 1372 ac
1040 1329 1254 1387 segniter,
1273 1327 1347 1372 sed
1374 1348 1392 1370 «
1420 1332 1473 1373 In

84 1419 106 1443 ))
141 1400 675 1461 confrequentationibus.
707 1418 727 1441 >›
750 1403 849 1459 Ipsa
866 1408 931 1443 cst
952 1399 1066 1443 enim
1090 1415 1172 1443 vox
1196 1398 1473 1443 exultationis

82 1472 176 1517 soni
198 1471 476 1516 festivitatem
499 1470 781 1524 celebrantis,
810 1468 1129 1513 ambulantium
1148 1470 1193 1513 in
1214 1469 1310 1513 loco
1331 1469 1475 1513 taber-

81 1542 228 1587 naculi
250 1541 513 1586 admirabilis
534 1557 673 1602 usque
703 1541 757 1585 ad
775 1540 954 1585 domum
979 1541 1057 1584 Dei
1076 1542 1105 1583 ⁵.
1134 1541 1177 1585 Si
1200 1540 1315 1583 enim
1333 1549 1395 1584 est
1411 1541 1473 1584 ibi

81 1612 269 1674 spiritale
303 1613 559 1657 sacrificium
575 1647 585 1667 ‚
610 1612 926 1672 sempiternum
952 1611 1209 1655 sacrificium
1232 1610 1395 1667 laudis,
1431 1621 1474 1657 et

81 1686 276 1730 sacerdos
313 1687 595 1741 sempiternus
625 1693 714 1740 est,
752 1693 795 1728 et
827 1683 960 1728 altare
988 1684 1300 1743 sempiternum
1323 1693 1474 1743 pacata

80 1772 201 1800 mens
222 1755 313 1815 ipsa
326 1756 561 1816 justorum.
590 1757 683 1799 Hoc
707 1755 894 1814 apertius
920 1753 1104 1797 dicimus
1126 1789 1136 1809 ,
1164 1752 1316 1797 fratres
1338 1774 1346 1799 ε
1372 1754 1474 1814 qui-

81 1843 270 1888 cumque
293 1831 431 1871 Deum
452 1827 647 1871 Verbum
677 1826 918 1884 intelligere
950 1825 1106 1869 volunt
1122 1861 1132 1880 ,
1159 1841 1247 1869 non
1271 1826 1329 1870 eis
1350 1826 1475 1870 sufli-

80 1899 165 1943 ciat
177 1914 277 1943 caro
294 1933 304 1953 ,
326 1898 446 1958 quod
469 1906 646 1957 propter
669 1912 741 1941 eos
760 1898 955 1941 Verbum
978 1897 1144 1941 factum
1165 1905 1250 1951 est,
1293 1906 1342 1940 ut
1363 1897 1475 1942 lacte

78 1969 375 2025 nutrirentur,
404 1983 484 2012 nec
505 1968 551 2011 in
583 1977 695 2011 terra
725 1967 910 2012 sufficiat
942 1968 1021 2011 iste
1055 1967 1145 2011 dies
1178 1966 1338 2023 festus,
1374 1984 1464 2029 quo

80 2043 231 2099 Agnus
253 2040 416 2084 occisus
438 2048 502 2083 est
527 2059 535 2084 ;
561 2039 635 2083 sed
649 2040 937 2083 constituatur
954 2039 999 2082 in
1017 2038 1470 2099 confrequentationi-

80 2112 162 2154 bus
177 2146 188 2165 ,
209 2125 439 2171 quousque
455 2110 733 2169 perveniatur
750 2145 760 2164 ,
782 2108 975 2153 exaltatis
996 2126 1018 2153 a
1037 2110 1224 2154 Domino
1253 2110 1476 2155 mentibus

79 2181 235 2226 nostris
252 2216 262 2235 ,
298 2195 436 2240 usquc
458 2180 513 2224 ad
536 2181 627 2240 ejus
649 2180 921 2224 divinitatem
944 2180 1193 2224 interiorem
1213 2215 1223 2235 ,
1252 2180 1328 2240 qui
1350 2181 1476 2226 nobis

79 2251 335 2295 exteriorem
362 2250 678 2294 humanitatem
708 2250 820 2295 lacte
844 2250 1084 2295 nutriendis
1102 2251 1297 2310 praebere
1320 2250 1475 2309 ‹ligna-

79 2332 148 2367 tus
169 2330 246 2365 est.

136 2395 306 2438 XXIII.
333 2396 390 2437 Et
412 2392 518 2453 quid
538 2393 599 2437 ibi
615 2392 734 2437 aliud
750 2429 760 2449 ,
787 2393 868 2437 nisi
886 2392 1037 2437 laudes
1056 2394 1147 2454 ejus
1170 2391 1475 2437 cantabimus?

127 2495 136 2512 ¹
164 2498 183 2521 2
208 2491 280 2522 Cor.
300 2501 322 2521 v
337 2514 346 2531 ,
371 2489 409 2522 13
425 2515 434 2530 ‚
457 2488 508 2531 14.
528 2506 570 2512 —-
591 2496 603 2512 ²
626 2488 708 2522 Psal.
729 2500 808 2522 cxvu
824 2515 834 2529 ,
862 2498 914 2532 27.
937 2507 977 2513 --
1005 2489 1017 2513 3
1041 2489 1155 2523 Matth.
1177 2498 1248 2532 xm,
1264 2500 1284 2532 9
1305 2493 1340 2523 et
1357 2487 1413 2531 [22.
1432 2503 1475 2514 -·

81 2543 95 2574 4
119 2556 130 2577 1
151 2545 230 2578 Tim.
252 2557 292 2587 ιι,
311 2544 342 2578 5.
363 2561 402 2568 -
422 2544 436 2568 5
455 2544 535 2578 Psal.
563 2556 626 2585 xm,
643 2544 676 2576 5.
