1848 3261
370 197 458 237 430
811 202 847 233 s.
881 200 1114 234 mensum
1144 206 1330 235 Emscon

363 272 498 333 pellat
513 305 524 326 ‚
550 286 574 315 a
593 285 682 331 quo
703 270 836 330 possit
864 269 1049 329 intelligi
1082 271 1292 330 generalis
1316 270 1492 316 avaritia
1510 303 1522 326 ‚
1551 285 1638 331 qua
1664 270 1764 331 plus

367 343 534 403 appetit
556 343 739 403 quisque
760 357 894 403 quam
919 351 983 386 sat
1005 351 1068 386 cst
1094 361 1103 387 :
1126 352 1217 383 πλέεν
1241 343 1356 386 enim
1378 342 1511 386 latine
1541 340 1640 401 plus
1661 351 1724 387 est
1749 363 1761 401 3

366 421 424 459 ἕξις
446 413 620 457 habitus
653 422 742 467 est,
767 413 820 456 ab
848 427 899 456 eo
923 411 1042 471 quod
1066 421 1129 457 est
1151 412 1328 457 habere.
1355 415 1471 471 Ergo
1498 428 1522 456 a
1555 411 1653 471 plus
1681 412 1763 457 ha-

364 483 511 529 bendo
569 483 784 543 appellata
832 493 896 527 est
927 490 1089 529 πλεενεξίσ.
1107 520 1117 540 ,
1159 499 1290 544 quam
1340 482 1464 527 latini
1505 482 1764 542 interpretes

364 554 412 598 in
434 555 517 599 hoc
539 553 636 598 loco
656 551 857 597 nonnulli
880 553 1152 614 interpretati
1167 563 1269 598 sunt
1294 572 1312 594 «
1337 552 1715 608 Emolumentum‚
1741 572 1759 594 »

365 624 544 684 quidam
558 639 684 667 vero«
694 622 954 680 Utilitatem3
971 624 1068 668 »sed
1083 624 1236 668 melius
1250 623 1348 684 qui«
1357 623 1609 667 Avaritiam.
1621 643 1638 663 »
1651 622 1765 666 Dicit

364 705 511 739 autem
536 693 791 754 Apostolus:
819 713 839 735 «
858 694 999 738 Radix
1021 695 1138 739 enim
1160 696 1357 739 omnium
1385 693 1600 738 malorum
1623 693 1764 737 avari-

367 783 388 806 »
411 765 471 809 tia
493 774 557 808 est
581 767 641 808 ¹.»
660 765 745 809 Sed
769 764 812 808 in
834 779 976 823 graeco
991 800 1003 822 ‚
1027 765 1148 809 unde
1170 765 1215 809 in
1236 773 1429 810 nostram
1445 764 1642 823 linguam
1663 778 1765 807 ver-

364 834 421 880 ba
454 835 535 880 ista
564 835 775 880 translata
811 845 943 890 sunt,
985 851 1076 880 non
1107 835 1267 894 legitur
1304 834 1422 895 apud
1453 833 1765 894 Apostolorum

364 914 555 962 πλεονεξίαι,
595 907 717 968 quod
746 908 790 951 in
822 906 920 952 loco
942 907 1024 952 isto
1060 906 1218 952 Psalmi
1249 908 1411 967 hujus3
1444 905 1521 950 sed
1551 912 1762 961 φιλαργδρὶσι,

365 994 454 1038 quo
476 978 611 1023 verbo
636 979 905 1038 significatur
937 995 1059 1023 amor
1095 979 1310 1039 pecuniae.
1336 981 1501 1021 Verum
1530 976 1765 1037 Apostolus

365 1049 674 1107 intelligendus
697 1060 760 1094 est
793 1050 875 1094 isto
910 1051 1088 1095 nomine
1123 1066 1257 1109 genus
1284 1050 1543 1109 significasse
1566 1064 1642 1109 per
1665 1064 1765 1109 spe-

363 1121 472 1164 ciem
489 1156 500 1176 ,
535 1120 582 1164 id
601 1130 690 1176 est,
728 1136 805 1180 per
824 1137 1016 1166 amorem
1037 1124 1236 1182 pecuniae
1270 1120 1561 1166 universalem
1585 1135 1766 1180 genera-

364 1191 540 1252 lemque
563 1192 785 1236 avaritiam
801 1228 812 1247 ‚
838 1209 937 1253 quae
959 1209 1060 1237 vere
1083 1195 1204 1236 radix
1225 1202 1288 1237 est
1311 1193 1526 1237 malorum
1547 1192 1761 1237 omnium.

363 1264 473 1306 Nam
497 1262 577 1321 ipsi
599 1263 725 1321 primi
747 1263 946 1307 homines
967 1278 1045 1323 per
1078 1272 1322 1323 serpentem
1348 1263 1519 1322 decepti
1537 1272 1580 1307 et
1607 1262 1763 1322 dejecti

363 1346 454 1375 non
478 1330 684 1387 fuissent,
709 1333 789 1376 nisi
813 1332 910 1392 plus
933 1348 1066 1392 quam
1095 1341 1353 1392 acceperant
1376 1333 1537 1376 habere
1552 1367 1563 1388 ‚
1589 1329 1644 1376 set
1665 1331 1764 1391 plus

361 1418 494 1463 quam
517 1402 620 1448 facti
642 1404 819 1448 fuerant
841 1420 929 1448 esse
950 1404 1202 1449 voluissent.
1240 1406 1333 1448 Hoc
1370 1405 1534 1464 quippe
1555 1403 1629 1447 ille
1656 1419 1760 1463 pro-

360 1474 535 1518 miserat
547 1473 717 1519 dicens:
738 1475 903 1519 «Eritis
920 1475 1031 1519 sicut
1054 1474 1114 1518 dii
1132 1478 1163 1518 ².
1187 1493 1207 1516 »
1229 1477 1345 1534 Ergo
1374 1475 1453 1518 ista
1474 1481 1635 1525 πλεονεξίᾳ
1655 1474 1762 1518 sub-

360 1544 471 1587 versi
494 1554 610 1588 sunt.
639 1545 740 1589 Plus
758 1546 874 1589 enim
893 1544 1087 1589 volentes
1104 1545 1267 1589 habere
1282 1561 1414 1606 quam
1430 1553 1701 1604 acceperant,
1718 1553 1761 1589 et

361 1613 483 1672 quod
494 1624 751 1673 acceperant
771 1615 1023 1659 amiserunt.
1038 1617 1174 1675 Cujus
1192 1616 1421 1674 vestigium
1438 1615 1643 1671 veritatis,
1660 1630 1760 1675 quae

362 1685 528 1745 ubique
550 1685 739 1744 dispersa
761 1694 825 1729 est
839 1720 850 1740 ‚
882 1695 925 1729 et
947 1686 993 1729 in
1020 1685 1179 1730 forensi
1191 1687 1290 1746 jure
1323 1687 1642 1747 deprehensum
1664 1695 1728 1731 est
1744 1721 1756 1742 ‚

363 1772 453 1815 quo
474 1757 725 1801 institutum
748 1765 811 1800 est
830 1791 841 1812 ‚
867 1766 918 1800 ut
938 1756 1036 1816 plus
1057 1758 1247 1817 petendo
1266 1774 1392 1802 causa
1416 1758 1541 1801 cadat
1565 1777 1573 1803 ι
1600 1757 1646 1801 id
1665 1766 1755 1813 est,

360 1836 411 1871 ut
433 1827 510 1887 qui
531 1826 628 1886 plus
647 1826 820 1886 petierit
841 1842 974 1886 quam
997 1827 1036 1870 ei
1065 1827 1252 1871 debetur
1267 1863 1277 1883 ,
1305 1837 1348 1872 et
1368 1827 1489 1888 quod
1506 1828 1544 1871 ei
1561 1827 1758 1872 debeba-

362 1905 435 1941 tur
457 1898 641 1941 amittat.
667 1897 819 1940 Omnis
842 1905 989 1940 autem
1013 1912 1037 1940 a
1054 1898 1180 1941 nobis
1198 1898 1524 1942 circumciditur
1546 1898 1721 1942 avaritia
1738 1933 1754 1954 ,

361 1968 396 2012 si
418 1967 546 2026 gratis
559 1968 727 2012 colatur
744 1971 873 2011 Deus.
900 1967 970 2011 Ad
987 1967 1107 2028 quod
1125 1979 1322 2013 sanctum
1336 1972 1359 2013 J
1363 1970 1420 2013 ob
1443 1970 1488 2013 in
1507 1984 1646 2027 agone
1665 1977 1758 2012 ten-

362 2040 536 2084 tationis
556 2040 645 2100 ipse
663 2048 870 2099 provocat
889 2038 1110 2095 inimicus,
1127 2056 1229 2084 cum
1251 2040 1305 2084 de
1322 2040 1397 2085 illo
1419 2040 1548 2085 dicit:
1574 2059 1595 2082 «
1619 2042 1757 2085 Num-

361 2111 470 2171 quid
493 2111 623 2170 gratis
645 2110 748 2155 colit
779 2111 862 2154 Job
894 2113 1033 2154 Deum
1054 2112 1096 2154 3?
1122 2129 1142 2151 »
1170 2110 1356 2155 Putabat
1379 2111 1494 2154 enim
1516 2110 1715 2155 diabolus
1739 2146 1751 2167 ‚

362 2181 483 2242 quod
504 2183 548 2225 in
567 2185 656 2226 Deo
682 2180 866 2226 colendo
883 2182 948 2225 vir
963 2183 1107 2241 justus
1130 2196 1204 2224 cor
1229 2180 1486 2226 inclinatum
1509 2182 1690 2226 haberet
1709 2182 1756 2226 in

362 2252 579 2296 avaritiam
599 2287 610 2307 ‚
646 2261 689 2295 et
710 2267 836 2296 causa
858 2250 1143 2295 emolumenti
1162 2251 1232 2294 vel
1254 2251 1451 2296 utilitatis
1471 2268 1614 2296 rerum
1642 2262 1755 2297 tem-

360 2323 574 2382 poralium
590 2357 601 2377 ‚
626 2322 787 2383 quibus
811 2337 911 2365 eum
934 2321 1145 2366 ditaverat
1166 2321 1375 2366 Dominus
1394 2357 1404 2377 ,
1444 2322 1566 2368 velut
1583 2338 1752 2367 merce-

359 2394 504 2437 narius
520 2393 558 2437 ei
579 2408 658 2452 pro
680 2391 755 2436 tali
778 2392 976 2436 mercede
994 2393 1171 2437 serviret
1187 2409 1198 2437 ι
1214 2392 1288 2436 sed
1308 2408 1440 2453 quam
1463 2394 1593 2453 gratis
1611 2397 1750 2438 Deum

357 2463 519 2509 coleret
537 2499 548 2520 ,
577 2473 768 2509 tentatus
790 2463 1004 2522 apparuit.
1034 2464 1077 2508 Si
1097 2478 1201 2522 ergo
1222 2479 1296 2508 cor
1320 2479 1408 2509 non
1422 2465 1659 2510 habeamus
1680 2466 1749 2510 in-

406 2554 414 2571 ¹
440 2559 453 2580 1
480 2548 560 2582 Tim.
581 2559 624 2591 vi,
647 2559 694 2581 10.
714 2564 755 2571 —-
773 2555 786 2571 2
805 2549 885 2580 Gen.
905 2558 957 2589 ιιι,
979 2546 1011 2579 5.
1032 2564 1074 2571 -
1090 2546 1103 2571 3
1120 2546 1195 2580 Job.
1215 2559 1239 2590 1,
1254 2558 1288 2590 9.
