1848 3261
403 221 487 263 474
836 235 871 265 s.
907 235 1138 266 Aucus-run
1168 238 1353 267 Emscom

403 318 424 342 »
459 309 548 344 tem
566 301 798 346 exercebor
817 302 863 346 in
881 302 1092 347 mandatis
1108 303 1192 348 tuis
1207 306 1238 347 ¹.
1266 322 1286 346 »
1311 306 1423 348 Ecce
1443 304 1565 365 quod
1586 304 1669 361 ait,
1691 319 1783 350 me-

399 369 554 415 ditatio
573 370 679 430 legis
701 372 777 416 Dei
791 371 883 427 ‚vel
903 374 1046 432 potius
1065 373 1287 418 meditatio
1308 373 1376 417 lex
1394 374 1485 419 Dei.

458 445 534 487 Vl.
565 462 585 485 «
610 446 931 488 Convertamur
948 479 959 499 ,
994 445 1161 506 inquit,
1188 445 1243 489 ad
1265 461 1334 489 me
1355 446 1429 505 qui
1460 446 1617 490 timent
1638 455 1708 501 te,
1739 455 1784 490 et

401 532 423 556 »
457 515 533 575 qui
567 525 837 573 cognoscunt
865 516 1110 561 testimonia
1142 526 1218 561 tua
1230 521 1262 561 ⁸².
1291 536 1311 558 »
1335 520 1387 561 In
1408 517 1631 562 nonnullis
1664 518 1784 562 codi-

398 586 522 630 cibus
561 586 806 630 invenimus
843 596 886 630 et
918 588 1065 644 graecis
1100 598 1142 632 et
1176 588 1320 632 latinis
1359 607 1368 632 :
1411 606 1432 630 «
1464 590 1785 633 Convertantur

400 675 421 698 »
457 657 563 700 mihi
589 675 597 700 :
625 674 644 698 »
671 657 791 717 quod
808 657 1080 702 tantumdem
1095 659 1240 703 valere
1258 659 1454 704 existimo
1475 694 1486 714 ,
1512 671 1728 720 quantum
1751 661 1785 704 si

397 726 568 771 dicatur
594 746 604 771 ε
635 745 655 768 «
680 727 748 772 Ad
771 743 855 771 me.
882 746 901 769 »
931 727 1014 773 Sed
1032 729 1128 789 quis
1146 738 1209 773 est
1226 729 1305 773 iste
1326 730 1403 789 qui
1426 731 1509 773 1100
1531 729 1667 774 dicit?
1688 733 1785 775 Non

397 797 511 840 enim
534 798 765 858 quisquam
788 799 1017 842 hominum
1047 800 1130 844 hoc
1163 799 1306 844 dicere
1330 800 1533 855 audebit,
1559 809 1635 844 aut
1661 800 1695 844 si
1716 800 1785 844 di-

395 877 466 912 cat
484 903 494 923 ,
521 868 764 913 audiendus
788 878 866 913 est.
889 870 1103 914 Nimirum
1126 886 1229 929 ergo
1249 870 1323 914 ille
1341 879 1426 926 est,
1457 871 1534 931 qui
1562 871 1690 915 etiam
1713 888 1787 916 su-

394 938 539 997 perius
558 938 817 998 interposuit
834 940 1144 998 proprietatem
1161 941 1278 984 vocis
1296 956 1385 985 suae
1403 975 1413 995 ‚
1435 940 1581 984 dicens
1608 959 1617 985 :
1646 959 1666 983 «
1687 944 1787 985 Par-

398 1026 419 1049 »
453 1008 589 1068 ticeps
610 1023 689 1066 ego
707 1025 804 1053 sum
826 1011 1023 1054 omnium
1046 1011 1294 1055 timentium
1316 1020 1374 1055 te.
1395 1029 1415 1052 »
1438 1011 1550 1064 Quia
1572 1009 1712 1055 factus
1723 1021 1787 1057 est

393 1080 608 1138 particeps
631 1079 904 1124 mortalitatis
925 1089 1083 1125 nostrae
1099 1117 1110 1136 ,
1138 1090 1189 1125 ut
1211 1091 1253 1125 et
1270 1097 1349 1126 nos
1371 1081 1601 1141 participes
1624 1082 1785 1126 divini-

393 1151 490 1194 tatis
508 1150 640 1209 ipsius
663 1152 864 1195 fieremus
891 1171 900 1196 :
927 1168 1004 1197 nos
1032 1153 1162 1197 unius
1184 1153 1414 1213 participes
1445 1153 1501 1197 ad
1530 1153 1665 1197 vitam
1682 1189 1692 1208 ‚
1730 1154 1785 1199 ad

393 1230 580 1266 mortem
613 1238 716 1266 vero
746 1223 962 1283 particeps
990 1223 1062 1268 ille
1084 1224 1340 1269 multorum.
1370 1227 1465 1284 Ipse
1494 1233 1558 1268 est
1591 1224 1706 1268 enim
1730 1224 1786 1270 ad

393 1308 526 1353 quem
544 1302 861 1338 convertuntur
874 1295 1074 1339 timentes
1088 1298 1228 1339 Deum
1240 1331 1250 1350 ‚
1272 1303 1315 1338 et
1328 1295 1404 1355 qui
1422 1304 1691 1353 cognoscunt
1707 1296 1785 1340 Dei

391 1363 638 1407 testimonia
654 1398 664 1418 ‚
688 1362 742 1407 de
755 1362 830 1409 illo
851 1379 928 1424 per
945 1366 1183 1424 Prophetas
1206 1373 1328 1409 tanto
1349 1373 1449 1409 ante
1471 1365 1680 1425 praedicta
1703 1401 1715 1421 ,
1739 1366 1785 1410 111

390 1435 483 1494 ejus
502 1433 729 1493 praesentia
753 1449 829 1494 per
852 1434 1059 1479 miracula
1076 1434 1210 1494 paulo
1231 1444 1332 1479 ante
1349 1445 1602 1480 monstrata.

451 1506 552 1548 VII.
577 1505 733 1559 «Fiat,
757 1505 925 1565 inquit,
950 1520 1024 1549 cor
1046 1521 1193 1549 meum
1224 1505 1555 1550 immaculatum
1571 1506 1616 1550 in
1630 1506 1785 1566 justifi-

393 1592 414 1615 »
449 1574 689 1618 cationibus
712 1575 820 1628 tuis,
852 1584 901 1619 ut
926 1591 1015 1619 non
1037 1575 1328 1620 confundar&
1357 1596 1377 1618 »
1404 1577 1535 1621 Redit
1557 1577 1611 1621 ad
1633 1592 1785 1621 vocem

391 1646 583 1705 corporis
604 1646 686 1700 sui,
705 1646 840 1689 sancti
855 1645 1017 1690 scilicet
1030 1646 1180 1705 populi
1198 1648 1280 1701 sui,
1298 1657 1340 1691 et
1349 1648 1438 1707 jam
1452 1648 1784 1692 immaculatum

391 1716 483 1759 fieri
506 1733 580 1760 cor
603 1732 730 1760 suum
763 1726 986 1775 precatur,
1017 1718 1102 1761 hoc
1134 1726 1222 1771 est,
1252 1733 1327 1762 cor
1354 1719 1651 1762 membrorum
1679 1733 1783 1762 suo-

391 1801 488 1829 rum
507 1807 517 1843 3
537 1787 581 1829 in
600 1786 983 1846 justificationibus
1005 1787 1083 1830 Dei
1098 1821 1108 1839 ,
1135 1803 1223 1830 11011
1244 1787 1291 1830 111
1321 1788 1485 1830 viribus
1507 1803 1672 1831 eorum.
1699 1791 1784 1832 Po-

390 1857 529 1915 poscit
553 1857 669 1900 enim
690 1857 796 1911 hoc,
824 1872 912 1900 non
935 1857 1223 1916 praesumpsit.
1257 1856 1386 1909 Quod
1411 1866 1557 1900 autem
1576 1856 1744 1901 addidit
1768 1874 1777 1899 ε

395 1946 416 1969 «
452 1929 508 1971 Ut
542 1943 631 1971 11011
661 1926 906 1971 confundar
935 1947 943 1972 :
974 1946 994 1968 »
1020 1927 1105 1971 tale
1138 1926 1299 1986 aliquid
1328 1936 1371 1970 et
1407 1928 1453 1970 in
1483 1928 1631 1986 primis
1653 1929 1783 1988 hujus

393 1997 550 2041 Psalmi
570 1998 764 2041 versibus
792 1997 1036 2051 invenstnr,
1061 1997 1138 2041 ubi
1155 1997 1260 2040 dixit
1283 2015 1291 2040 :
1310 1997 1521 2040 «Utinam
1541 1996 1782 2054 dirigantur

394 2085 415 2108 n
450 2068 530 2111 viae
551 2083 658 2111 meae
679 2067 735 2110 ad
757 2067 1061 2112 custodiendas
1076 2067 1407 2127 justificationes
1430 2077 1524 2111 tuas
1542 2087 1550 2111 z
1568 2076 1673 2112 tunc
1691 2084 1781 2113 non

394 2155 416 2178 »
450 2136 710 2192 confundar,
735 2153 834 2182 cum
849 2138 1028 2196 inspicio
1045 2138 1089 2180 in
1111 2137 1255 2180 omnia
1274 2136 1479 2181 mandata
1498 2147 1587 2181 tua.
1608 2156 1628 2179 »
1651 2138 1780 2191 Quod

391 2209 452 2253 ibi
472 2244 482 2264 ‚
509 2210 610 2269 quia
630 2209 736 2252 dixit
752 2245 762 2264 ‚
792 2209 964 2253 Utinam
981 2245 991 2263 ,
1019 2225 1107 2252 uno
1129 2208 1264 2252 verbo
1286 2208 1545 2266 significavit
1566 2210 1777 2268 optanti33

392 2281 475 2324 hoc
487 2281 569 2324 isto
577 2272 682 2324 'loco
700 2280 986 2339 apertioribus
1002 2279 1139 2323 verbis
1151 2280 1354 2339 expressit
1367 2279 1545 2335 orantis,
1562 2280 1749 2325 dicendo
1767 2301 1775 2326 ε

397 2370 418 2392 «
453 2351 549 2395 Fiat
570 2366 645 2395 cor
665 2366 812 2395 meum
834 2351 1161 2395 immaculatum
1188 2369 1196 2394 z
1223 2369 1242 2391 >›
1270 2360 1320 2394 ut
1341 2367 1420 2395 nec
1443 2351 1488 2394 in
1512 2350 1606 2406 illa,
1632 2367 1711 2396 nec
1732 2353 1779 2396 in

392 2421 473 2465 ista
490 2421 702 2465 sententia
714 2457 725 2475 ‚
750 2436 849 2481 quae
864 2430 1049 2480 utraque
1062 2436 1148 2464 una
1164 2430 1227 2464 est
1238 2456 1248 2470 ‚
1271 2421 1517 2465 inveniatur
1530 2421 1709 2466 audacia
1721 2422 1776 2465 de

392 2491 530 2536 libero
553 2492 730 2536 arbitrio
744 2501 895 2536 contra
913 2492 1090 2549 gratiam
1109 2491 1383 2536 confidentis.
1404 2492 1534 2545 Quod
1556 2502 1702 2537 autem
1716 2493 1776 2536 ait

442 2581 450 2597 ¹
472 2575 552 2606 Psal.
577 2586 686 2617 cxvm,
706 2575 759 2618 78.
785 2592 825 2598 --
842 2582 854 2597 ²
880 2575 961 2607 thid.
983 2586 1034 2617 279.
1055 2592 1096 2597 —-
1114 2573 1126 2596 3
1143 2574 1223 2606 Ibid.
1246 2575 1298 2606 So.
