1848 3261
412 218 468 259 94
839 229 874 256 s.
909 227 1140 256 AUGUSTINI
1172 228 1352 256 Emscom

410 304 514 340 sunt
534 302 578 339 et
596 292 802 339 videntur
818 329 829 349 ,
848 292 962 337 illius
979 291 1210 336 invisibilia
1235 290 1462 336 intellectu
1494 291 1744 351 conspicere
1758 293 1790 335 1.

410 365 618 411 Videmus
653 365 770 410 enim
805 365 1014 408 fabricam
1051 362 1205 407 mundi
1243 362 1430 422 amplam
1460 361 1694 423 quamdam
1709 397 1719 417 ‚
1745 377 1797 405 ex

412 436 526 482 coelo
543 446 587 481 et
602 446 716 481 terra
737 445 780 480 et
801 436 997 480 omnium
1019 451 1118 495 quae
1141 434 1184 477 in
1202 434 1261 478 eis
1283 443 1385 477 sunt
1410 453 1419 478 2
1444 444 1488 478 et
1512 450 1563 478 ex
1584 434 1713 493 hujus
1730 432 1797 476 fa-

412 508 543 552 bricae
573 505 874 565 magnitudine
902 521 950 549 ac
981 505 1308 564 pulchritudine
1326 539 1336 559 ‚
1368 503 1639 548 fabricatoris
1665 504 1797 562 ipsius

411 576 755 623 inaestimabilem
788 575 1132 633 magnitudinem
1163 584 1205 619 et
1236 574 1611 634 pulchritudinem
1631 609 1642 629 ‚
1685 582 1730 617 et
1760 573 1799 617 si

413 648 612 694 nondum
633 646 829 692 videmus
844 682 855 701 ,
875 647 965 705 jam
987 655 1133 690 tamen
1153 661 1362 689 amamus.
1392 648 1490 689 'Non
1512 645 1629 689 enim
1655 659 1797 688 cessa-

412 719 500 774 vit,
530 719 607 779 qui
639 716 836 762 nondum
860 725 1002 776 potest
1030 716 1167 760 nostri
1193 714 1334 760 cordis
1357 716 1545 775 puritate
1577 714 1792 774 conspici,

415 798 514 833 ante
548 787 696 832 oculos
719 796 886 831 nostros
908 802 1071 846 ponere
1104 801 1233 845 opera
1264 802 1366 841 sua,
1401 795 1452 830 ut
1472 786 1669 830 videntes
1703 801 1802 845 quae

414 875 665 920 possumus,
690 874 882 903 amemus
895 873 1027 918 quem
1047 856 1194 902 videre
1216 874 1305 902 non
1324 873 1550 918 possumus
1569 893 1580 912 ,
1601 866 1651 901 ut
1668 857 1800 916 ipsius

415 931 569 974 amoris
591 929 746 973 merito
768 927 1004 988 aliquando
1030 928 1177 971 videre
1207 928 1432 987 possimus.
1462 931 1624 972 Tamen
1643 928 1689 971 in
1707 943 1802 972 om-

415 1001 545 1044 nibus
566 1015 666 1060 quae
688 999 803 1043 dicta
818 1007 934 1051 sunt,
951 997 1211 1057 quaerendus
1235 1008 1299 1042 est
1313 999 1444 1043 etiam
1458 997 1704 1042 intellectus
1719 997 1804 1057 spi-

416 1071 551 1115 ritalis
565 1106 576 1125 ,
595 1071 650 1114 ad
668 1085 800 1129 quem
820 1069 1182 1128 perscrutandum
1201 1069 1556 1130 adjtwabant·nos
1575 1070 1622 1112 in
1644 1069 1804 1114 Christi
1842 1122 1845 1124 q

417 1142 594 1186 nomine
608 1140 818 1184 desideria
839 1148 978 1183 vestra
997 1158 1005 1183 2
1023 1140 1182 1199 quibus
1202 1141 1323 1199 quasi
1350 1141 1548 1183 manibus
1565 1139 1797 1183 invisibili-

417 1213 500 1256 bus
528 1211 583 1256 ad
603 1209 863 1255 invisibilem
885 1210 1063 1269 januam
1079 1209 1256 1268 pulsatis
1272 1245 1282 1263 ‚
1313 1210 1650 1253 utinvisibiliter
1674 1210 1797 1254 vobis

419 1282 650 1342 aperiatur,
667 1289 710 1323 et
724 1279 996 1323 invisibiliter
1015 1280 1199 1333 intretis,
1221 1289 1265 1323 et
1285 1280 1558 1324 invisibiliter
1575 1281 1803 1324 sanemini.

479 1354 537 1395 ΙΙ.
560 1354 676 1409 Ergo
699 1350 891 1392 dicamus
908 1364 1057 1393 omnes
1084 1368 1093 1393 ;
1122 1368 1142 1391 «
1169 1349 1374 1405 Remedio,
1404 1351 1547 1394 anima
1569 1367 1664 1395 mea
1680 1387 1690 1407 ‚
1716 1355 1806 1396 Do-

426 1444 443 1464 »
477 1423 644 1466 minum
657 1424 689 1464 ².
718 1439 738 1461 »
757 1419 1044 1479 Alloquamur
1071 1435 1221 1464 omnes
1243 1422 1432 1464 animam
1454 1432 1645 1466 nostram
1673 1441 1682 1466 2
1704 1423 1808 1483 quia

421 1494 615 1539 omnium
638 1501 835 1536 nostrum
855 1490 997 1534 anima
1012 1525 1022 1545 ‚
1047 1506 1125 1550 per
1146 1507 1280 1535 unam
1303 1490 1433 1535 fidem
1451 1508 1537 1536 una
1558 1493 1700 1537 anima
1717 1503 1805 1545 est3

421 1574 465 1608 et
486 1579 634 1608 omnes
656 1578 733 1606 nos
756 1561 1022 1621 quicumque
1046 1562 1092 1604 in
1114 1562 1336 1606 Christum
1367 1562 1604 1618 credimus,
1631 1574 1809 1624 propter

421 1635 633 1679 unitatem
651 1631 841 1691 corporis
858 1633 947 1691 ejus
966 1647 1053 1675 uno
1066 1632 1198 1676 homo
1221 1648 1383 1677 sumus.
1408 1634 1644 1679 Benedicat
1662 1635 1805 1679 anima

421 1714 568 1750 nostra
585 1703 817 1748 Dominum
835 1737 846 1757 ,
867 1717 945 1762 pro
968 1702 1098 1746 tantis
1111 1702 1329 1747 beneficiis
1352 1705 1442 1763 ejus
1458 1740 1468 1759 ,
1484 1721 1563 1764 pro
1585 1714 1673 1749 tam
1691 1705 1809 1750 mul-

422 1777 476 1820 tis
492 1784 535 1819 et
556 1774 720 1832 magnis
737 1773 993 1817 muneribus
1014 1774 1250 1832 gratiarum
1267 1776 1359 1835 ejus
1380 1794 1388 1819 :
1415 1791 1515 1835 quae
1533 1792 1715 1821 munera
1736 1777 1808 1820 in-

422 1847 620 1891 venimus
648 1845 695 1888 in
721 1845 805 1889 hoc
827 1843 999 1889 Psalmo
1027 1844 1207 1900 intenti,
1246 1854 1290 1889 et
1316 1861 1492 1891 excussa
1529 1847 1692 1891 nebula
1715 1863 1811 1892 car-

424 1917 531 1961 nalis
563 1915 857 1975 cogitationis,
894 1924 1109 1975 quantum
1138 1931 1368 1974 possumus
1392 1926 1533 1961 erecta
1560 1927 1736 1973 mente,
1768 1928 1812 1963 et

424 1996 639 2048 quantum
668 2001 894 2045 possumus
926 1985 1088 2030 directa
1121 1987 1233 2042 acie,
1270 1996 1313 2030 et
1336 1998 1552 2047 quantum
1582 2004 1812 2047 possumus
1837 2012 1840 2014 ·

424 2074 536 2119 puro
554 2056 681 2102 oculo
710 2055 850 2101 cordis
873 2057 1008 2100 nostri
1026 2094 1036 2112 ,
1068 2066 1283 2117 quantum
1306 2073 1396 2102 non
1419 2058 1603 2117 impedit
1621 2075 1810 2119 praesens

423 2130 512 2175 vita
530 2164 541 2183 ‚
557 2137 769 2189 quantum
790 2142 879 2170 non
894 2137 1109 2186 occupant
1122 2143 1265 2171 rerum
1285 2129 1565 2187 praesentium
1582 2129 1809 2186 desideria,

424 2208 638 2260 quantum
653 2213 742 2242 non
757 2207 941 2242 excaecat
953 2197 1164 2257 cupiditas
1177 2198 1337 2242 saeculi.
1352 2200 1605 2257 Erectikergo
1621 2201 1812 2245 audituri

426 2284 573 2315 sumus
586 2285 758 2328 magna,
769 2268 869 2312 laeta
881 2277 923 2312 et
934 2267 1439 2327 pulchra‚desiderabilia
1453 2279 1495 2313 et
1508 2269 1636 2330 plena
1649 2271 1812 2316 laetitiae

427 2340 773 2401 gaudiorumque
795 2354 974 2383 munera
998 2341 1110 2399 ejus,
1131 2355 1229 2400 quae
1253 2341 1342 2400 jam
1363 2339 1435 2384 ille
1453 2341 1531 2401 qui
1551 2352 1812 2402 conceperat

426 2413 556 2457 istum
578 2410 819 2465 Psalmum‚
844 2410 1022 2454 videbat
1040 2412 1210 2466 animo,
1232 2419 1274 2454 et
1296 2411 1428 2470 ipsius
1447 2412 1622 2456 visionis
1646 2413 1814 2458 exulta-

426 2484 544 2528 tione
566 2481 781 2536 ructabat,
797 2480 959 2536 dicens,
980 2480 1210 2537 «Benedic‚
1231 2481 1375 2526 anima
1387 2497 1481 2526 mea
1495 2517 1506 2538 ‚
1528 2483 1808 2528 Dominum.»

481 2575 490 2592 ¹
510 2570 600 2600 Rom.
619 2579 644 2610 l,
663 2576 718 2600 20.
738 2583 780 2589 —
797 2572 810 2589 ²
830 2565 913 2598 Psal.
933 2576 995 2607 cin,
1021 2577 1050 2597 1.
