1848 3261
393 236 476 278 348
830 246 865 277 s.
900 246 1129 278 AUGUSTINI
1159 250 1340 279 EPISCOPI

390 343 411 366 >›
447 324 672 368 veritatem
693 324 769 368 Dei
781 324 827 368 in
840 325 1131 380 mendacium,
1160 334 1204 369 et
1219 325 1449 370 coluerunt
1465 333 1508 369 et
1529 321 1770 368 servierunt

390 412 412 436 »
447 403 654 438 creaturae
669 429 680 448 ,
705 395 848 455 potius
870 411 1001 455 quam
1023 396 1239 450 Creatori,
1264 396 1338 455 qui
1366 405 1430 439 est
1450 393 1706 438 benedictus
1723 391 1770 435 in

389 482 410 506 »
446 464 603 508 saeeula
619 467 648 507 1.
667 482 687 505 »
707 467 814 510 Nam
832 465 971 523 priore
995 475 1114 525 parte
1128 467 1256 525 hujus
1278 466 1518 520 sententiae,
1543 463 1770 508 simulacra

388 536 608 578 damnavit
630 554 638 579 :
658 535 893 593 posteriore
915 545 1058 579 autem
1076 572 1086 591 ,
1120 536 1497 595 interpretationes
1525 533 1771 578 simulacro-

386 621 499 649 rum.
531 604 705 661 Effigies
736 604 851 647 enim
876 620 899 648 a
933 604 1055 649 fabro
1079 605 1210 650 factas
1234 605 1493 665 appellando
1521 604 1771 648 nominibus

387 690 535 719 earum
555 689 715 729 rerum,
734 689 840 734 quas
855 675 1082 720 fabricavit
1097 679 1226 730 Deus,
1243 684 1536 719 transmutant
1546 675 1772 719 veritatem

386 745 458 788 Dei
480 745 525 787 in
550 744 826 788 mendacium
852 765 860 789 :
883 760 948 788 res
980 754 1127 789 autem
1153 746 1262 804 ipsas
1284 761 1364 804 pro
1392 745 1473 789 diis
1498 745 1702 788 habendo
1729 752 1773 788 et

385 814 653 870 venerando,
674 816 869 859 serviunt
890 825 1115 870 creaturae,
1137 816 1282 874 potius
1303 831 1437 876 quam
1455 814 1672 869 Creatori,
1697 813 1774 873 qui

385 893 448 928 est
470 885 724 929 benedictus
741 885 786 928 in
799 885 970 929 szecula.

443 958 496 999 V.
521 956 623 1008 Quis
645 966 791 1000 autem
808 956 959 1000 adorat
979 955 1050 1000 vel
1071 966 1163 1001 orat
1180 957 1353 1001 intuens
1372 955 1671 1009 simulacrum,
1696 954 1774 1014 qui

384 1042 474 1071 non
486 1027 545 1071 sic
561 1028 762 1082 afficitur,
779 1037 828 1071 ut
851 1028 904 1071 ab
919 1043 969 1071 eo
980 1043 1024 1071 se
1035 1027 1226 1071 exaudiri
1239 1036 1380 1087 putet,
1398 1027 1452 1069 ab
1471 1042 1522 1070 eo
1543 1026 1625 1069 sibi
1647 1040 1775 1084 praes-

385 1099 466 1142 tari
487 1099 607 1158 quod
630 1098 846 1143 desiderat
865 1101 1035 1158 speret?
1053 1102 1206 1159 Itaque
1230 1099 1428 1143 homines
1446 1097 1606 1141 talibus
1624 1111 1776 1155 super-

386 1168 628 1212 stitionibus
656 1168 863 1226 obligati,
889 1168 1149 1228 plerumque
1177 1168 1233 1212 ad
1255 1169 1398 1228 ipsum
1433 1167 1567 1212 solem
1597 1166 1775 1211 dorsum

384 1248 556 1299 ponunt
575 1274 586 1294 ‚
610 1255 758 1298 preces
780 1239 975 1284 fundunt
1003 1248 1158 1284 statuae
1174 1274 1184 1289 ‚
1209 1255 1341 1299 quam
1362 1238 1497 1284 solem
1518 1247 1677 1283 vocant
1697 1252 1706 1279 :
1732 1246 1776 1281 et

385 1324 487 1353 cum
518 1310 664 1353 sonitu
691 1309 818 1352 maris
843 1325 866 1353 a
896 1308 1018 1368 tergo
1055 1308 1290 1363 feriantur,
1328 1307 1522 1367 Neptuni
1558 1316 1772 1362 statuam,

341 1421 346 1426 ,
385 1394 517 1439 quam
540 1394 619 1438 pro
641 1379 735 1438 ipso
757 1379 865 1422 mari
900 1377 1052 1423 colunt
1072 1413 1082 1433 ,
1108 1378 1233 1438 quasi
1263 1378 1520 1421 sentientem
1543 1377 1776 1435 gemitibus

382 1448 560 1493 feriunt.
587 1451 680 1493 Hoc
717 1450 832 1492 enim
854 1448 956 1492 facit
976 1458 1020 1492 et
1055 1447 1256 1508 quodam
1285 1447 1420 1491 modo
1442 1455 1670 1506 extorquet
1701 1445 1776 1490 illa

386 1519 526 1577 figura
542 1519 837 1562 membrorum
853 1553 863 1572 ,
881 1527 930 1561 ut
942 1518 1109 1562 animus
1125 1518 1275 1562 vivens
1286 1517 1334 1561 in
1350 1516 1548 1561 sensibus
1565 1515 1772 1574 corporis,

387 1589 521 1648 magis
540 1589 773 1632 arbitretur
798 1588 954 1632 sentire
983 1603 1139 1646 corpus
1157 1588 1278 1647 quod
1296 1602 1374 1631 suo
1403 1586 1575 1645 corpori
1607 1584 1776 1628 similli-

387 1674 509 1702 mum
527 1659 670 1714 videt,
692 1674 825 1719 quarn
845 1658 1084 1702 rotundum
1103 1657 1236 1701 solem
1260 1657 1486 1717 undasque
1509 1656 1709 1709 diffusas,
1733 1664 1778 1699 et

386 1730 603 1789 quidquid
636 1745 726 1773 non
762 1728 923 1772 eisdem
955 1728 1230 1772 lineamentis
1269 1727 1507 1772 formatum
1541 1727 1772 1786 conspicit,

388 1800 547 1861 quibus
578 1799 652 1843 illa
674 1799 857 1843 formata
881 1808 982 1843 sunt
1003 1815 1101 1859 quae
1129 1799 1319 1842 viventia
1354 1798 1502 1842 videre
1533 1797 1772 1842 consuevit.

389 1873 550 1915 Contra
568 1871 686 1914 hunc
709 1870 913 1914 affectum
927 1904 937 1924 ,
959 1885 1048 1929 quo
1066 1870 1258 1912 humana
1276 1877 1319 1912 et
1348 1867 1530 1912 carnalis
1552 1868 1776 1911 infirmitas

389 1940 514 1985 facile
535 1942 630 2000 capi
651 1949 815 2000 potest,
841 1950 986 1985 cantat
1006 1940 1225 1998 Scriptura
1244 1939 1321 1988 Dei
1339 1974 1349 1993 ,
1375 1955 1440 1983 res
1453 1938 1580 1983 valde
1601 1938 1776 1982 notissi-

389 2027 500 2064 maS,
541 2011 701 2071 quibus
738 2020 1074 2066 commemoret,
1114 2018 1156 2053 et
1186 2018 1396 2069 tanquam
1424 2010 1580 2053 excitet
1613 2017 1778 2052 mentes

389 2082 618 2127 hominum
639 2083 685 2125 in
697 2081 1013 2126 consuetudine
1036 2071 1269 2140 corporum
1285 2079 1563 2124 dormientes.
1591 2098 1611 2121 «
1633 2079 1779 2123 Simu-

393 2172 414 2195 »
449 2153 577 2208 lacra,
597 2153 740 2213 inquit
754 2188 764 2208 ,
790 2153 996 2197 Gentium
1019 2160 1246 2210 argentum
1260 2160 1303 2195 et
1326 2167 1496 2195 aurum.
1517 2170 1535 2191 1)
1559 2149 1644 2194 Sed
1662 2153 1776 2193 Deus

390 2223 494 2267 fecit
516 2232 741 2281 argentum
769 2232 812 2266 et
834 2238 1002 2266 aurum.
1033 2241 1054 2264 «
1077 2223 1241 2280 Opera,
1278 2221 1444 2280 inquit,
1480 2234 1662 2263 manum
1692 2220 1776 2263 ho-

392 2312 413 2336 »
448 2295 630 2338 minum.
663 2314 680 2336 »
720 2297 813 2338 Hoc
845 2295 959 2338 enim
991 2302 1254 2338 venerantur
1275 2327 1285 2347 ,
1321 2292 1442 2351 quod
1473 2291 1553 2350 ipsi
1584 2305 1635 2334 ex
1670 2305 1775 2334 auro

389 2374 655 2425 argentoque
673 2365 884 2409 fecerunt.

446 2438 522 2478 VI.
551 2436 635 2479 Sed
652 2435 765 2478 enim
790 2444 832 2479 et
863 2451 941 2479 nos
967 2435 1174 2494 pleraque
1202 2434 1491 2477 instrumenta
1526 2440 1569 2475 et
1589 2446 1688 2474 vasa
1721 2446 1774 2474 ex

383 2504 634 2564 hujusmodi
661 2506 839 2550 materia
871 2505 941 2551 vel
969 2504 1145 2549 metallo
1174 2504 1384 2548 habemus
1421 2504 1466 2547 in
1506 2517 1632 2545 usum
1655 2500 1774 2545 ccle-

435 2597 444 2614 ¹
463 2592 551 2622 Rom.
572 2602 594 2633 1,
611 2591 670 2623 25.
