1848 3261
422 252 662 283 ENAnnAcrio
694 255 739 282 m
772 251 973 282 PSALMUM
1005 256 1077 281 (311-
1360 245 1414 281 77

35 321 143 382 quid
165 330 262 380 agat
289 321 402 366 lator
431 322 556 380 Legis
577 357 587 376 ‚
620 337 670 365 cx
707 336 792 381 qua
828 320 963 364 saevis.
1002 323 1099 364 Jam
1126 322 1337 364 Dominus
1364 337 1415 366 eo

36 401 230 451 tempore
252 408 340 452 quo
362 391 425 435 illi
448 391 592 436 oblata
616 400 707 447 est,
743 390 951 435 inclinato
976 391 1115 450 capite
1137 390 1354 435 scrihebat
1371 392 1417 435 in

35 472 162 508 terra.
199 466 320 507 Tunc
353 463 521 523 scripsit
551 463 597 506 in
634 472 770 516 terra,
819 461 997 521 quando
1031 477 1075 505 se
1109 461 1334 506 inclinavit
1372 463 1418 506 in

36 542 192 577 terram
220 553 228 578 :
254 543 488 594 antequam
507 549 551 577 se
584 532 815 577 inclinaret
838 533 884 575 iu
906 542 1085 588 terram,
1123 533 1278 576 nonin
1306 542 1419 577 terra

33 604 199 663 scripsit
219 639 229 659 ⁷
250 604 323 648 sed
342 604 386 647 in
409 604 567 663 lapide.
593 606 617 647 J
622 619 689 647 am
712 602 985 647 fructuosum
1004 602 1170 664 aliquid
1194 612 1286 647 erat
1307 612 1420 648 terra

35 675 90 719 de
123 674 296 719 Domini
314 675 484 718 Litteris
516 674 722 733 paritura.
749 676 799 717 In
820 673 963 733 lapide
981 677 1139 733 Legem
1168 674 1418 734 scripserat,

35 746 279 804 significans
299 744 503 788 duritiam
526 747 550 788 J
555 744 810 789 udaeorum¹
840 764 847 789 :
870 744 915 788 in
937 753 1050 788 terra
1074 745 1261 804 scripsit,
1287 745 1422 802 signi-

36 816 169 860 ficans
197 815 388 859 fructum
415 815 775 860 Christianorum.
813 818 1039 859 Venerunt
1062 831 1164 873 ergo
1200 814 1257 858 illi
1282 815 1423 859 addu-

35 895 179 931 centes
197 886 439 929 adulteram
457 920 467 940 ‚
492 895 701 944 tanquam
727 885 949 929 saevientes
968 885 1128 929 fluctus
1161 885 1206 928 in
1224 895 1390 945 petram
1410 905 1417 931 :

33 957 108 1000 sed
137 956 227 1015 ejus
246 954 524 1013 responsione
547 952 757 998 confracti
776 964 891 999 sunt.
917 955 991 998 Ait
1013 955 1129 999 enim
1152 954 1235 999 illis
1261 975 1269 1000 ;
1296 975 1315 997 «
1337 957 1422 1009 Qui

37 1044 58 1068 »
92 1026 139 1069 in
159 1025 283 1071 vobis
295 1025 385 1069 sine
400 1033 579 1084 peccato
591 1034 675 1079 est,
692 1025 809 1085 prior
821 1026 866 1068 in
883 1024 1002 1069 illam
1015 1024 1206 1084 lapidem
1219 1027 1418 1085 jactet2.»

33 1099 90 1141 Et
112 1111 282 1139 rursum
304 1094 514 1139 inclinato
537 1096 678 1154 capite
698 1130 708 1150 ‚
740 1095 959 1150 scribebat
982 1097 1028 1138 in
1051 1105 1178 1139 terra.
1205 1099 1261 1139 Et
1283 1112 1422 1140 unus-

33 1169 218 1229 quisque
236 1169 326 1228 jam
343 1168 613 1225 interrogans
635 1167 943 1211 conscientiam
963 1182 1085 1210 suam
1100 1201 1111 1221 ‚
1132 1182 1221 1210 non
1243 1182 1422 1227 compa-

34 1248 231 1285 ruerunt.
273 1238 454 1298 Repulit
481 1253 552 1282 eos
569 1273 580 1293 ,
618 1253 708 1282 non
730 1238 902 1282 infirma
924 1236 1082 1281 mulier
1103 1236 1322 1293 adultera,
1348 1240 1424 1283 scd

34 1311 276 1357 adulterata
298 1309 578 1355 conscientia.
605 1308 838 1353 Vindicare
856 1308 1065 1354 volebant
1083 1344 1093 1363 ,
1113 1308 1310 1369 judicare
1342 1326 1422 1354 cu-

33 1384 213 1443 piebant
231 1390 472 1427 :venerunt
497 1379 552 1424 ad
566 1389 756 1440 petram,
785 1380 976 1439 absorpti
992 1389 1094 1424 sunt
1113 1380 1237 1440 juxta
1256 1390 1423 1440 petram

28 1454 197 1515 judices
218 1454 414 1497 eorum3.

91 1527 194 1568 XII,
221 1542 241 1565 «
266 1523 445 1567 Faciens
473 1520 785 1566 misericordias
807 1521 1019 1566 Dominus
1046 1540 1054 1566 :
1083 1539 1103 1562 >›
1139 1520 1215 1565 sed
1237 1522 1424 1583 quibus?

37 1613 59 1637 «
92 1594 214 1638 Beati
230 1592 525 1637 misericordes
542 1627 552 1647 ‚
581 1591 790 1653 quoniam
813 1592 893 1651 ipsi
912 1592 1253 1637 misericordiam
1270 1610 1425 1638 consc-

37 1685 56 1707 »
92 1674 284 1725 quentur
297 1666 328 1708 4.
360 1684 377 1706 »
403 1667 454 1708 In
476 1678 626 1708 omnes
659 1663 728 1707 fac
750 1662 1103 1708 misericordiam.
1132 1667 1273 1718 Quam
1293 1666 1424 1710 mise-

33 1736 280 1781 ricordiam.
322 1735 516 1780 facturus
557 1750 600 1779 es
631 1735 778 1794 justo?
811 1737 863 1779 In
893 1735 1221 1779 necessitatibus
1251 1745 1424 1780 tantum

34 1806 334 1866 corporalibus
373 1825 383 1851 ;
422 1805 583 1865 quibus
615 1805 649 1848 si
686 1803 907 1848 defuerint
953 1805 1254 1864 supplementa
1291 1823 1313 1850 a
1346 1816 1388 1850 te
1411 1843 1422 1862 ‚

32 1893 125 1922 non
146 1877 333 1921 deerunt
355 1891 377 1919 a
405 1878 510 1919 Deo.
543 1874 672 1928 Quod
695 1890 799 1934 ergo
832 1874 935 1919 facis
952 1911 964 1930 ,
1001 1875 1080 1918 tibi
1106 1876 1202 1935 plus
1229 1877 1421 1936 prodest.

33 1951 117 1992 Das
144 1946 346 1990 mendico
375 1946 619 1990 transeunti
643 1955 685 1990 et
703 1946 868 2005 petenti
887 1966 895 1990 :
915 1946 1072 2003 quaeris
1095 1956 1138 1989 et
1161 1948 1329 2005 justum
1355 1949 1425 1991 cui

35 2017 137 2071 des,
173 2031 250 2075 per
287 2030 418 2075 quem
451 2013 668 2073 recipiaris
690 2014 736 2056 in
768 2013 1048 2058 tabernacula
1079 2024 1264 2074 aeterna;
1299 2018 1424 2077 quia,

39 2106 59 2129 «
95 2086 180 2140 Qui
202 2085 355 2144 recipit
370 2085 537 2144 justum
554 2083 790 2127 innomine
807 2084 940 2144 justi,
961 2085 1206 2129 mercedem
1223 2087 1329 2146 justi
1354 2105 1426 2132 ac-

37 2175 59 2199 »
95 2155 266 2215 cipiet5.
292 2173 312 2196 n
329 2154 556 2200 Mendicus
572 2163 611 2198 te
630 2153 787 2213 quaerit
801 2174 812 2212 3
827 2154 993 2214 justum
1016 2165 1066 2200 tu
1080 2173 1241 2217 quaere.
1261 2161 1323 2202 Dc
1341 2158 1425 2203 alio

37 2227 154 2271 enim
165 2228 331 2271 dictum
345 2235 429 2281 est,
449 2244 469 2268 «
487 2225 615 2269 Omni
629 2225 796 2284 petenti
807 2234 849 2269 te
866 2225 945 2270 da6
969 2245 977 2271 :
998 2244 1018 2268 »
1036 2236 1078 2272 et
1090 2226 1144 2271 dc
1157 2227 1240 2273 alio
1258 2229 1424 2274 dictum

38 2306 122 2352 est,
156 2316 176 2338 «
201 2295 392 2340 Desudet
414 2295 689 2353 eleemosyna
709 2296 752 2339 in
779 2311 913 2340 manu
941 2306 1037 2353 tua,
1068 2298 1208 2343 donec
1235 2299 1427 2345 invenias

41 2387 62 2410 >›
93 2370 282 2429 justum⁷
305 2368 374 2412 cui
392 2383 487 2411 eam
510 2367 666 2412 tradas.
692 2386 711 2408 »
730 2370 787 2413 Et
809 2368 844 2411 si
865 2368 942 2413 diu
962 2385 1052 2414 non
1074 2369 1295 2415 invenitur
1314 2407 1324 2427 ,
1351 2371 1427 2416 diu

39 2454 212 2500 quaere,
239 2438 445 2483 invenies.
482 2438 566 2482 Sed
598 2438 706 2498 quid
738 2439 990 2498 praestabis?
1031 2443 1184 2486 Nonne
1216 2442 1313 2501 plus
1347 2443 1427 2487 tibi

88 2543 97 2559 ¹
126 2536 226 2567 Exod.
247 2546 333 2575 xxiv,
357 2543 407 2566 12.
426 2551 467 2557 —-
484 2541 495 2556 ²
509 2537 600 2566 Joan.
621 2545 687 2574 vizi,
704 2535 776 2577 3-9.
795 2552 835 2557 -
856 2533 965 2569 3Psal.
987 2547 1055 2579 cn,
1075 2537 1107 2569 6,
1126 2554 1167 2560 —
1187 2537 1328 2571 mmuh.
1346 2550 1375 2581 v,
1393 2551 1424 2582 7.

42 2609 82 2615 —-
103 2590 116 2614 ⁵
134 2591 246 2625 Matth.
267 2602 299 2633 x,
323 2590 376 2633 41.
398 2608 439 2614 —-»
460 2588 474 2612 ⁶
493 2592 570 2623 Luc.
587 2601 631 2631 vx,
652 2590 703 2622 30.
