1848 3261
218 217 459 246 ENARnAno
491 222 532 247 ω
567 221 770 248 rsALMUM
800 220 957 256 cxvui,
992 218 1128 247 smnio
1162 221 1277 247 xxiv.
1350 207 1431 247 497

59 283 193 341 gloria
216 292 279 327 est
291 284 411 328 brevi
426 293 620 344 tempore
641 284 898 344 patientium
915 318 926 338 ‚
957 292 1000 327 et
1027 284 1117 327 sine
1138 285 1224 328 fine
1246 300 1434 344 regnan—

57 353 184 397 tium.
203 353 328 397 Unde
338 355 548 415 sequitur,
559 375 578 399 «
595 355 809 410 Quoniam
827 353 1032 398 exultatio
1044 355 1184 398 cordis
1192 356 1277 399 mei
1292 365 1435 400 sunt.»

58 423 150 467 Etsi
171 423 347 468 afflictio
363 426 574 484 corporis,
598 425 804 469 exultatio
819 433 964 468 tamen
986 423 1142 469 cordis.

117 495 240 536 VIII.
259 494 424 538 Deinde
448 495 631 554 subjecit
654 513 663 539 :
683 513 702 537 «
719 493 930 538 Inclinavi
947 510 1021 538 cor
1036 509 1184 538 meum
1202 494 1256 537 ad
1278 493 1440 538 sacien-

61 582 81 603 »
117 563 191 607 das
214 565 541 623 justificationes
570 574 665 609 tuas
697 565 741 608 in
775 573 1012 619 aeternum,
1043 573 1220 624 propter
1248 564 1439 607 retribu-

59 651 80 674 »
116 635 276 677 tionem
299 637 328 677 ¹.
363 653 383 675 »
424 635 509 687 Qui
540 633 645 679 dicit
673 654 681 679 :
715 653 734 676 «
761 634 971 679 Inclinavi
1004 650 1078 678 cor
1099 649 1245 677 meum
1265 669 1275 688 ‚
1303 653 1322 675 »
1349 634 1439 693 ipse

28 726 31 728 ·
51 704 142 763 jam
165 704 333 749 dixerat
358 723 367 748 :
397 723 416 745 «
438 705 603 758 Inclina
623 721 697 750 cor
718 720 866 749 meum
886 705 931 748 in
954 702 1197 749 testimonia
1216 714 1286 748 tua
1314 723 1322 748 :
1351 722 1371 745 »
1391 713 1442 747 ut

59 773 348 831 intelligamus
371 774 500 819 simul
523 776 605 820 hoc
627 791 716 819 esse
749 784 792 819 et
813 775 947 819 divini
969 775 1159 819 muneris
1181 785 1224 818 et
1256 775 1442 834 propriae

59 844 309 888 voluntatis.
337 845 421 890 Sed
443 847 660 906 numquid
678 846 722 889 in
739 855 953 890 aeternum
975 845 1131 890 facturi
1152 862 1298 890 sumus
1311 846 1441 906 justi-

59 914 281 959 ficationes
310 916 419 959 Dei?
450 917 591 975 Opera
619 915 692 960 illa
735 915 913 976 quidem
941 932 1039 975 quae
1072 931 1302 975 operamur
1331 915 1444 959 circa

60 986 355 1045 proximorum
379 987 649 1031 necessitates
666 1022 676 1041 ‚
703 996 863 1031 aeterna
881 1003 969 1031 esse
992 1003 1080 1031 non
1108 996 1310 1044 possunt,
1336 987 1446 1030 Sicut

61 1072 142 1101 nec
163 1057 265 1117 ipsae
287 1058 560 1103 necessitates
582 1077 591 1103 ε
612 1059 688 1102 sed
711 1058 745 1102 si
768 1074 857 1102 non
873 1058 1095 1117 diligendo
1116 1059 1196 1102 ista
1221 1058 1443 1111 faciamus,

63 1128 183 1172 nulla
203 1138 266 1173 est
278 1130 529 1189 justificatio
554 1148 563 1174 ι
590 1130 623 1173 si
647 1138 792 1173 autem
814 1129 1036 1187 diligendo
1051 1164 1061 1182 ‚
1083 1137 1244 1172 aeterna
1272 1138 1335 1172 est
1354 1129 1446 1187 ipsa

62 1197 253 1253 dilectio,
271 1199 397 1258 eique
412 1209 572 1242 aeterna
589 1209 739 1258 parata
752 1208 816 1242 est
837 1198 1066 1242 retributio
1088 1220 1098 1254 3
1120 1208 1296 1258 propter
1315 1214 1447 1258 quam

62 1269 394 1313 retributionem
425 1269 531 1313 dicit
553 1284 597 1312 se
628 1269 855 1313 inclinasse
889 1284 964 1313 cor
996 1284 1123 1312 suum
1146 1268 1200 1313 ad
1231 1268 1448 1313 faciendas

58 1339 387 1399 justificationes
416 1339 514 1393 Dei,
541 1348 590 1383 ut
617 1339 661 1383 in
695 1348 906 1383 aeternum
929 1337 1132 1396 diligens,
1169 1339 1215 1382 in
1236 1347 1448 1383 aeternum

63 1418 280 1453 mereatur
299 1409 460 1453 habere
477 1409 599 1469 quod
620 1407 773 1467 diligit.

542 1672 762 1715 SERMO
799 1674 972 1712 XXIV.

129 1832 163 1873 I.
187 1832 348 1874 Psimu
366 1828 499 1886 hujus
519 1825 640 1870 locus
654 1860 664 1880 ‚
689 1825 744 1869 de
766 1840 855 1885 quo
877 1825 923 1868 in
944 1825 1170 1869 voluntate
1197 1827 1275 1870 Dei
1300 1827 1452 1887 dispu-

70 1898 202 1944 taturi
224 1913 393 1951 sumus,
414 1897 473 1940 sic
491 1896 644 1955 incipit
670 1915 678 1939 :
706 1915 724 1936 «
747 1896 926 1955 Iniquos
948 1894 1048 1939 odio
1065 1895 1222 1951 habui,
1248 1906 1291 1940 et
1311 1896 1454 1956 legem

72 1988 92 2010 »
128 1979 248 2013 tuam
273 1967 447 2011 dilexi2.
472 1986 491 2008 »
518 1969 615 2010 Non
638 1966 723 2021 ait,
753 1965 931 2025 Iniquos
953 1965 1053 2010 odio
1071 1965 1234 2021 habui,
1256 1977 1298 2011 ct
1314 1969 1452 2027 justos

71 2039 223 2095 dilexi·7
243 2047 339 2094 aut3
354 2037 626 2095 iniquitatem
644 2035 745 2079 odio
762 2028 924 2090 habui,
950 2036 1141 2094 etlegem
1161 2046 1279 2081 tuam
1293 2037 1448 2083 dilexi:

71 2111 147 2156 sed
171 2127 271 2155 cum
294 2109 491 2153 dixisset:
509 2127 529 2150 «
554 2109 732 2168 Iniquos
747 2107 846 2151 odio
859 2108 1015 2162 habui,
1043 2127 1062 2149 »
1084 2109 1279 2168 exposuit
1301 2125 1434 2169 quare

73 2181 275 2227 addendo
300 2201 308 2226 :
339 2200 359 2222 «
383 2183 440 2224 Et
460 2179 602 2239 legem
632 2189 752 2223 tuam
781 2178 915 2223 dilexi
947 2198 955 2223 :
983 2197 1003 2219 »
1041 2188 1090 2223 ut
1111 2179 1452 2237 demonstraret,

74 2269 163 2297 non
180 2268 223 2296 se
246 2253 291 2295 in
306 2250 556 2296 hominibus
576 2249 734 2310 iniquis
756 2248 895 2293 odisse
913 2257 1111 2293 naturam
1123 2285 1133 2303 ‚
1154 2267 1240 2310 qua
1260 2251 1458 2296 homines

76 2333 204 2380 sunt3
229 2321 304 2366 sed
344 2321 642 2380 iniquitatem,
687 2335 773 2379 qua
806 2318 894 2378 legi
930 2335 1063 2379 quam
1095 2319 1262 2379 diligit,
1294 2322 1458 2366 inimici

77 2402 192 2439 Sunt.

130 2467 188 2507 ΙΙ.
203 2462 369 2508 Deinde
381 2463 602 2522 sequitur,
624 2481 640 2502 «
660 2460 842 2520 Adjutor
857 2476 977 2505 meus
992 2470 1033 2505 et
1048 2470 1268 2520 susceptor
1280 2478 1399 2508 meus
1415 2480 1458 2508 es

131 2567 136 2581 ¹
163 2559 240 2591 psal.
261 2570 368 2592 cxviii,
393 2567 463 2589 112.
485 2576 524 2580 —
548 2564 557 2579 2
576 2557 654 2589 lbid.
680 2558 750 2588 ιιῖἰ.

273 2624 425 2652 xxxviii.
1253 2614 1303 2651 :32
