1848 3261
412 219 496 259 436
841 228 876 259 s.
913 230 1143 259 mausum
1178 229 1361 259 EPISCOPI

406 295 570 354 quippe
586 293 709 338 timet
730 293 925 340 adultera
942 296 1085 340 virum
1102 310 1228 339 suum
1240 329 1251 351 ‚
1272 295 1395 340 aliter
1417 305 1532 341 casta
1550 313 1559 341 ε
1576 295 1790 352 adultera,

405 378 461 407 ne
482 364 655 422 veniat3
680 374 810 420 casta,
835 380 891 409 ne
913 365 1095 409 deserat.

467 435 543 478 IV.
582 453 603 476 «
637 438 851 494 Amputa‚
875 434 1039 494 inquit,
1065 434 1350 494 opprobrium
1365 450 1536 491 meum,
1561 435 1682 497 quod
1699 451 1794 480 sus-

407 521 429 547 »
463 503 629 563 picatus
662 520 780 560 sum3
805 503 906 563 quia
921 503 1084 563 judicia
1114 514 1189 548 tua
1223 505 1411 550 suavia1.
1440 523 1461 546 »
1493 507 1594 558 Quis
1625 515 1688 550 est
1716 505 1794 565 qui

402 590 530 620 suum
561 574 843 634 opprobrium
872 574 1139 633 suspicatur,
1175 584 1218 619 et
1246 590 1336 619 non
1357 575 1492 633 magis
1513 576 1635 620 novit
1664 590 1793 619 suum

401 644 585 705 quisque
607 643 891 702 opprobrium
907 678 918 699 ,
943 659 1075 704 quam
1091 644 1319 704 cujuslibet
1336 644 1556 689 alienum?
1581 645 1794 704 Suspicari

400 715 512 758 enim
536 713 680 773 potius
704 713 895 757 alienum
927 722 1069 772 potest
1089 714 1222 758 homo
1238 747 1250 769 ,
1286 729 1375 758 non
1394 730 1548 772 suum3
1586 714 1793 774 quoniam

399 783 520 844 quod
553 784 815 843 suspicatur,
847 783 1017 841 ignorat
1044 802 1052 827 :
1081 783 1128 826 in
1150 799 1226 828 suo
1249 793 1395 828 autem
1430 785 1665 845 opprobrio
1701 797 1792 828 non

398 863 462 898 est
488 855 698 915 cujusque
730 854 941 913 suspicio,
977 851 1053 897 sed
1087 852 1290 909 scientia,
1331 854 1409 898 ubi
1439 854 1635 914 loquitur
1663 869 1792 899 cons-

397 925 571 969 cientia.
608 923 720 977 Quid
744 933 807 968 est
830 939 932 982 ergo
955 922 1076 983 quod
1097 924 1156 967 ait
1184 943 1193 968 :
1231 943 1252 966 «
1286 926 1582 984 Opprobrium
1611 939 1786 991 meum,

398 1014 421 1037 »
457 995 577 1057 quod
597 996 877 1056 suscipicatus
905 996 1030 1038 sum?
1048 995 1299 1039 »Nimirum
1322 994 1376 1039 de
1410 995 1630 1055 superiore
1661 1010 1790 1039 sensu

395 1066 524 1110 etiam
559 1067 637 1110 iste
666 1066 893 1110 ducendus
929 1073 1023 1109 est:
1051 1065 1257 1124 quoniam
1286 1066 1483 1125 quandiu
1511 1081 1601 1110 non
1634 1064 1790 1110 avertit

393 1138 526 1182 homo
550 1137 698 1181 oculos
721 1151 819 1181 suos
841 1151 896 1180 110
913 1135 1089 1179 videant
1115 1136 1350 1179 vanitatem
1371 1171 1382 1191 ,
1407 1136 1528 1196 quod
1551 1137 1595 1180 in
1619 1151 1663 1180 se
1693 1135 1788 1195 ipso

393 1208 558 1266 agitur,
585 1209 668 1252 1100
689 1206 742 1250 de
765 1206 855 1250 aliis
873 1206 1114 1265 suspicatur
1133 1227 1143 1261 3
1165 1215 1214 1249 ut
1232 1215 1410 1266 propter
1430 1205 1548 1266 quod
1572 1207 1663 1265 ipse
1682 1206 1787 1250 colit

392 1280 532 1322 Deum
552 1313 563 1333 ‚
596 1277 666 1322 vel
692 1286 869 1336 propter
891 1274 1012 1335 quod
1035 1276 1150 1318 bona
1184 1290 1314 1334 opera
1337 1275 1464 1331 facit,
1498 1285 1676 1335 propter
1702 1276 1787 1320 hoc

390 1347 541 1392 credat
562 1357 605 1392 et
633 1347 817 1390 alterum
840 1345 995 1389 facere.
1023 1347 1208 1388 Possunt
1229 1345 1392 1404 quippe
1412 1346 1609 1389 homines
1638 1345 1786 1390 videre

389 1418 513 1479 quod
550 1418 745 1476 agimus;
780 1417 902 1475 cujus
935 1423 1080 1458 autem
1109 1414 1170 1457 rei
1200 1414 1571 1474 contemplatione
1609 1430 1785 1473 agamus

391 1488 615 1534 occultum
638 1495 729 1532 est:
757 1495 800 1529 et
822 1485 920 1529 ideo
950 1484 1079 1527 datur
1109 1484 1425 1543 suspicionibus
1451 1485 1597 1540 locus,
1633 1494 1685 1529 ut
1706 1501 1785 1530 au-

390 1560 491 1604 deat
510 1560 642 1603 homo
661 1557 857 1617 judicare
880 1555 933 1599 de
956 1554 1136 1599 occultis
1150 1555 1394 1611 hominum,
1411 1565 1454 1600 et
1468 1555 1574 1600 falsa
1589 1556 1783 1616 plerum-

389 1645 491 1691 que,
513 1639 571 1683 et,
598 1628 633 1673 si
653 1642 754 1671 vera
767 1660 782 1682 ,
807 1635 952 1669 tamen
978 1625 1197 1682 incognita
1215 1634 1375 1669 temere
1393 1626 1614 1685 suspicari.
1642 1630 1781 1686 Prop-

388 1710 506 1747 terea
530 1698 737 1743 Dominus
759 1710 859 1740 011111
879 1693 933 1738 de
948 1695 1039 1753 ipso
1057 1694 1143 1736 fine
1165 1693 1434 1754 loqueretur,
1455 1705 1632 1755 propter
1647 1712 1780 1757 quem

381 1769 596 1833 justitiam
615 1768 756 1812 facere
777 1764 1009 1818 debemus,
1029 1772 1079 1806 ut
1101 1763 1248 1807 oculos
1271 1774 1438 1809 nostros
1461 1782 1484 1809 a
1508 1766 1780 1825 contempla-

386 1844 505 1888 tione
527 1847 738 1886 averteret
759 1834 958 1881 vanitatis
975 1869 985 1889 ,
1005 1835 1177 1878 monuit
1193 1849 1248 1878 ne
1275 1845 1452 1895 propter
1471 1836 1621 1881 laudes
1639 1838 1779 1882 horni-

387 1929 495 1959 num
518 1913 633 1956 bona
653 1924 783 1969 opera
804 1904 1027 1959 faciamus,
1048 1903 1194 1948 dicens
1213 1923 1221 1949 :
1251 1924 1271 1947 «
1295 1905 1519 1949 Attendite
1537 1922 1592 1951 ne
1614 1906 1778 1951 faciatis

387 2005 410 2030 »
441 1981 655 2046 justitiam
677 1987 863 2022 vestram
891 1988 1036 2020 eoram
1067 1972 1341 2029 hominibus,
1380 1984 1430 2019 ut
1467 1975 1701 2019 videamini
1722 1977 1777 2021 ab

386 2075 408 2099 »
444 2054 546 2100 eis‘2.
577 2071 595 2093 »
621 2048 813 2103 Monuit,
839 2062 894 2090 ne
915 2053 1092 2106 propter
1111 2044 1340 2103 pecuniam
1356 2079 1366 2099 ‚
1392 2045 1539 2089 dicens
1555 2079 1566 2100 ,
1596 2046 1776 2091 «Nolite

387 2146 409 2169 »
443 2126 568 2172 vobis
597 2119 884 2168 thesaurizare
906 2117 953 2160 in
981 2125 1093 2160 terra
1120 2133 1129 2158 :
1159 2134 1177 2156 »
1213 2123 1276 2169 et,
1305 2133 1326 2156 «
1356 2117 1453 2159 Non
1476 2117 1651 2174 potestis
1685 2120 1774 2162 Deo

389 2217 409 2239 »
443 2196 600 2241 servire
617 2203 661 2238 et
680 2188 982 2235 mammonae3.
1007 2204 1026 2226 »
1048 2185 1234 2239 Monuit,
1267 2199 1322 2227 ne
1348 2187 1677 2245 propteripsum
1695 2202 1773 2231 ne-

383 2268 614 2313 cessarium
637 2264 803 2309 victum
826 2267 957 2317 atque
987 2255 1219 2308 vestitum,
1259 2252 1433 2298 dicens:
1462 2274 1481 2297 «
1512 2258 1574 2300 Ne
1601 2257 1771 2301 solliciti

387 2358 408 2381 »
444 2339 532 2383 sitis
572 2335 726 2380 animae
752 2339 906 2376 vestrae
943 2325 1051 2386 quid
1084 2323 1354 2367 manducetis
1372 2359 1382 2379 ‚
1420 2341 1563 2386 neque
1599 2327 1770 2385 corpori

387 2427 409 2451 n
442 2416 585 2452 vestro
607 2403 715 2466 quid
736 2397 1029 2445 induamini.»
1051 2398 1107 2439 Et
1121 2409 1220 2438 cum
1237 2392 1330 2438 haec
1346 2395 1488 2438 omnia
1511 2397 1764 2450 monuisset,

384 2480 483 2538 quia
507 2488 733 2539 possumus
750 2468 954 2530 suspicari
976 2481 1047 2511 eos
1066 2480 1174 2525 quos
1187 2465 1296 2524 juste
1319 2465 1461 2508 vivere
1481 2465 1676 2511 videmus
1692 2500 1703 2522 ‚
1724 2475 1767 2511 et

431 2570 439 2585 ι
462 2564 545 2595 Psal.
567 2572 676 2601 cmm,
700 2559 752 2591 39,
773 2573 814 2580 --
832 2562 842 2577 ²
858 2552 971 2586 Manli.
997 2561 1039 2592 171,
1061 2559 1089 2582 1.
1108 2547 1179 2572 —3
1202 2548 1282 2580 lbid.
1310 2560 1376 2590 xix,
1401 2554 1434 2582 et
1451 2548 1506 2594 247
1527 2549 1579 2582 25.
