<?xml version="1.0" encoding="UTF-8"?>
<!DOCTYPE html PUBLIC "-//W3C//DTD XHTML 1.0 Transitional//EN"
    "http://www.w3.org/TR/xhtml1/DTD/xhtml1-transitional.dtd">
<html xmlns="http://www.w3.org/1999/xhtml" xml:lang="en" lang="en">
 <head>
  <title>
</title>
<meta http-equiv="Content-Type" content="text/html;charset=utf-8" />
  <meta name='ocr-system' content='tesseract 3.04.00' />
  <meta name='ocr-capabilities' content='ocr_page ocr_carea ocr_par ocr_line ocrx_word'/>
</head>
<body>
  <div class='ocr_page' id='page_1' title='image "./operaomniaaccura11auguuoft_0078.png"; bbox 0 0 1848 3261; ppageno 0'>
   <div class='ocr_carea' id='block_1_1' title="bbox 365 236 1308 273">
    <p class='ocr_par' dir='ltr' id='par_1_1' title="bbox 365 236 1308 273">
     <span class='ocr_line' id='line_1_1' title="bbox 365 236 1308 273; baseline -0.005 0"><span class='ocrx_word' id='word_1_1' title='bbox 365 236 417 273; x_wconf 85' lang='grc'>68</span> <span class='ocrx_word' id='word_1_2' title='bbox 795 241 828 270; x_wconf 88' lang='lat' dir='ltr'>S.</span> <span class='ocrx_word' id='word_1_3' title='bbox 865 241 1096 271; x_wconf 78' lang='lat' dir='ltr'><strong>AUGUSTINI</strong></span> <span class='ocrx_word' id='word_1_4' title='bbox 1128 242 1308 269; x_wconf 81' lang='lat' dir='ltr'>EPISCOPI</span> 
     </span>
    </p>
   </div>
   <div class='ocr_carea' id='block_1_2' title="bbox 356 303 1759 2616">
    <p class='ocr_par' dir='ltr' id='par_1_2' title="bbox 356 303 1759 2616">
     <span class='ocr_line' id='line_1_2' title="bbox 360 303 1745 366; baseline -0.004 -14"><span class='ocrx_word' id='word_1_5' title='bbox 360 309 523 363; x_wconf 89' lang='lat' dir='ltr'>latum,</span> <span class='ocrx_word' id='word_1_6' title='bbox 549 307 853 366; x_wconf 68' lang='lat' dir='ltr'>praefecturam</span> <span class='ocrx_word' id='word_1_7' title='bbox 876 308 910 351; x_wconf 92' lang='lat' dir='ltr'>si</span> <span class='ocrx_word' id='word_1_8' title='bbox 927 307 1277 365; x_wconf 73' lang='lat' dir='ltr'>concupisceres,</span> <span class='ocrx_word' id='word_1_9' title='bbox 1299 303 1517 364; x_wconf 82' lang='lat' dir='ltr'>numquid</span> <span class='ocrx_word' id='word_1_10' title='bbox 1535 304 1745 348; x_wconf 85' lang='lat' dir='ltr'>continuo</span> 
     </span>
     <span class='ocr_line' id='line_1_3' title="bbox 359 376 1747 438; baseline -0.004 -16"><span class='ocrx_word' id='word_1_11' title='bbox 359 393 502 438; x_wconf 86' lang='lat' dir='ltr'>posses</span> <span class='ocrx_word' id='word_1_12' title='bbox 515 386 565 421; x_wconf 88' lang='lat' dir='ltr'>ut</span> <span class='ocrx_word' id='word_1_13' title='bbox 576 376 732 422; x_wconf 78' lang='lat' dir='ltr'>velles?</span> <span class='ocrx_word' id='word_1_14' title='bbox 744 377 962 437; x_wconf 88' lang='lat' dir='ltr'>numquid</span> <span class='ocrx_word' id='word_1_15' title='bbox 974 376 1244 421; x_wconf 82' lang='lat' dir='ltr'>voluntatem</span> <span class='ocrx_word' id='word_1_16' title='bbox 1256 384 1375 419; x_wconf 87' lang='lat' dir='ltr'>tuam</span> <span class='ocrx_word' id='word_1_17' title='bbox 1394 383 1581 434; x_wconf 86' lang='lat' dir='ltr'>potestas</span> <span class='ocrx_word' id='word_1_18' title='bbox 1598 388 1747 433; x_wconf 84' lang='lat' dir='ltr'>seque-</span> 
     </span>
     <span class='ocr_line' id='line_1_4' title="bbox 359 443 1747 507; baseline -0.004 -15"><span class='ocrx_word' id='word_1_19' title='bbox 359 449 507 492; x_wconf 76' lang='lat' dir='ltr'>retur?</span> <span class='ocrx_word' id='word_1_20' title='bbox 525 448 654 492; x_wconf 83' lang='lat' dir='ltr'>Multi</span> <span class='ocrx_word' id='word_1_21' title='bbox 673 447 728 491; x_wconf 85' lang='lat' dir='ltr'>ad</span> <span class='ocrx_word' id='word_1_22' title='bbox 743 448 819 492; x_wconf 86' lang='lat' dir='ltr'>ista</span> <span class='ocrx_word' id='word_1_23' title='bbox 840 446 994 491; x_wconf 83' lang='lat' dir='ltr'>volunt</span> <span class='ocrx_word' id='word_1_24' title='bbox 1012 446 1235 507; x_wconf 87' lang='lat' dir='ltr'>pervenire</span> <span class='ocrx_word' id='word_1_25' title='bbox 1255 480 1266 501; x_wconf 90' lang='lat'>,</span> <span class='ocrx_word' id='word_1_26' title='bbox 1287 455 1330 489; x_wconf 89' lang='lat' dir='ltr'>et</span> <span class='ocrx_word' id='word_1_27' title='bbox 1346 460 1436 489; x_wconf 90' lang='lat' dir='ltr'>non</span> <span class='ocrx_word' id='word_1_28' title='bbox 1453 453 1632 504; x_wconf 76' lang='lat' dir='ltr'>possunt</span> <span class='ocrx_word' id='word_1_29' title='bbox 1649 443 1747 489; x_wconf 84' lang='lat' dir='ltr'>:sed</span> 
     </span>
     <span class='ocr_line' id='line_1_5' title="bbox 359 515 1748 578; baseline -0.004 -15"><span class='ocrx_word' id='word_1_30' title='bbox 359 519 393 563; x_wconf 89' lang='lat' dir='ltr'>si</span> <span class='ocrx_word' id='word_1_31' title='bbox 408 517 682 578; x_wconf 86' lang='lat' dir='ltr'>pervenirent</span> <span class='ocrx_word' id='word_1_32' title='bbox 692 552 702 572; x_wconf 89' lang='lat'>,</span> <span class='ocrx_word' id='word_1_33' title='bbox 727 517 834 577; x_wconf 85' lang='lat' dir='ltr'>quid</span> <span class='ocrx_word' id='word_1_34' title='bbox 850 516 1026 576; x_wconf 88' lang='lat' dir='ltr'>prodest</span> <span class='ocrx_word' id='word_1_35' title='bbox 1038 517 1178 561; x_wconf 88' lang='lat' dir='ltr'>honor</span> <span class='ocrx_word' id='word_1_36' title='bbox 1192 516 1392 575; x_wconf 69' lang='lat' dir='ltr'>aegrotis?</span> <span class='ocrx_word' id='word_1_37' title='bbox 1407 516 1512 567; x_wconf 86' lang='lat' dir='ltr'>Quis</span> <span class='ocrx_word' id='word_1_38' title='bbox 1529 515 1644 558; x_wconf 90' lang='lat' dir='ltr'>enim</span> <span class='ocrx_word' id='word_1_39' title='bbox 1658 528 1748 558; x_wconf 91' lang='lat' dir='ltr'>non</span> 
     </span>
     <span class='ocr_line' id='line_1_6' title="bbox 358 583 1749 647; baseline -0.004 -16"><span class='ocrx_word' id='word_1_40' title='bbox 358 583 1749 647; x_wconf 55' lang='lat' dir='ltr'>{egrotatinhacvita?quisnonlanguoremlongumtrahitPNasci</span> 
     </span>
     <span class='ocr_line' id='line_1_7' title="bbox 359 652 1749 716; baseline -0.004 -14"><span class='ocrx_word' id='word_1_41' title='bbox 359 659 429 703; x_wconf 88' lang='lat' dir='ltr'>hic</span> <span class='ocrx_word' id='word_1_42' title='bbox 444 658 490 701; x_wconf 92' lang='lat' dir='ltr'>in</span> <span class='ocrx_word' id='word_1_43' title='bbox 506 672 686 716; x_wconf 90' lang='lat' dir='ltr'>corpore</span> <span class='ocrx_word' id='word_1_44' title='bbox 708 655 907 712; x_wconf 87' lang='lat' dir='ltr'>mortali,</span> <span class='ocrx_word' id='word_1_45' title='bbox 933 657 1124 716; x_wconf 85' lang='lat' dir='ltr'>incipere</span> <span class='ocrx_word' id='word_1_46' title='bbox 1146 665 1356 714; x_wconf 83' lang='lat' dir='ltr'>aegrotare</span> <span class='ocrx_word' id='word_1_47' title='bbox 1376 665 1453 700; x_wconf 84' lang='lat' dir='ltr'>est.</span> <span class='ocrx_word' id='word_1_48' title='bbox 1480 652 1749 708; x_wconf 80' lang='lat' dir='ltr'>Quotidianis</span> 
     </span>
     <span class='ocr_line' id='line_1_8' title="bbox 360 724 1749 785; baseline -0.004 -12"><span class='ocrx_word' id='word_1_49' title='bbox 360 728 688 773; x_wconf 80' lang='lat' dir='ltr'>medicamentis</span> <span class='ocrx_word' id='word_1_50' title='bbox 722 725 968 771; x_wconf 88' lang='lat' dir='ltr'>fulciuntur</span> <span class='ocrx_word' id='word_1_51' title='bbox 996 727 1248 785; x_wconf 73' lang='lat' dir='ltr'>indigentiae</span> <span class='ocrx_word' id='word_1_52' title='bbox 1277 735 1457 781; x_wconf 82' lang='lat' dir='ltr'>nostrae,</span> <span class='ocrx_word' id='word_1_53' title='bbox 1494 724 1749 785; x_wconf 86' lang='lat' dir='ltr'>quotidiana</span> 
     </span>
     <span class='ocr_line' id='line_1_9' title="bbox 359 796 1751 854; baseline -0.003 -12"><span class='ocrx_word' id='word_1_54' title='bbox 359 799 676 843; x_wconf 86' lang='lat' dir='ltr'>medicamenta</span> <span class='ocrx_word' id='word_1_55' title='bbox 693 806 793 841; x_wconf 88' lang='lat' dir='ltr'>sunt</span> <span class='ocrx_word' id='word_1_56' title='bbox 807 797 1062 841; x_wconf 80' lang='lat' dir='ltr'>refectiones</span> <span class='ocrx_word' id='word_1_57' title='bbox 1078 797 1275 841; x_wconf 86' lang='lat' dir='ltr'>omnium</span> <span class='ocrx_word' id='word_1_58' title='bbox 1293 796 1646 854; x_wconf 82' lang='lat' dir='ltr'>indigentiarum.</span> <span class='ocrx_word' id='word_1_59' title='bbox 1665 797 1751 838; x_wconf 88' lang='lat' dir='ltr'>Fa-</span> 
     </span>
     <span class='ocr_line' id='line_1_10' title="bbox 359 866 1749 925; baseline -0.004 -13"><span class='ocrx_word' id='word_1_60' title='bbox 359 884 449 913; x_wconf 85' lang='lat' dir='ltr'>mes</span> <span class='ocrx_word' id='word_1_61' title='bbox 466 883 613 912; x_wconf 85' lang='lat' dir='ltr'>nonne</span> <span class='ocrx_word' id='word_1_62' title='bbox 632 876 673 911; x_wconf 89' lang='lat' dir='ltr'>te</span> <span class='ocrx_word' id='word_1_63' title='bbox 695 867 932 922; x_wconf 87' lang='lat' dir='ltr'>occideret,</span> <span class='ocrx_word' id='word_1_64' title='bbox 958 867 1039 911; x_wconf 93' lang='lat' dir='ltr'>nisi</span> <span class='ocrx_word' id='word_1_65' title='bbox 1060 867 1430 910; x_wconf 81' lang='lat' dir='ltr'>medicamentum</span> <span class='ocrx_word' id='word_1_66' title='bbox 1448 866 1537 925; x_wconf 86' lang='lat' dir='ltr'>ejus</span> <span class='ocrx_word' id='word_1_67' title='bbox 1559 879 1749 924; x_wconf 87' lang='lat' dir='ltr'>appone-</span> 
     </span>
     <span class='ocr_line' id='line_1_11' title="bbox 359 934 1751 996; baseline -0.004 -12"><span class='ocrx_word' id='word_1_68' title='bbox 359 940 451 984; x_wconf 74' lang='lat' dir='ltr'>res?</span> <span class='ocrx_word' id='word_1_69' title='bbox 476 939 573 983; x_wconf 84' lang='lat' dir='ltr'>Sitis</span> <span class='ocrx_word' id='word_1_70' title='bbox 594 953 741 982; x_wconf 91' lang='lat' dir='ltr'>nonne</span> <span class='ocrx_word' id='word_1_71' title='bbox 768 947 811 981; x_wconf 82' lang='lat' dir='ltr'>te</span> <span class='ocrx_word' id='word_1_72' title='bbox 832 938 1086 996; x_wconf 78' lang='lat' dir='ltr'>perimeret,</span> <span class='ocrx_word' id='word_1_73' title='bbox 1112 936 1193 980; x_wconf 82' lang='lat' dir='ltr'>nisi</span> <span class='ocrx_word' id='word_1_74' title='bbox 1216 951 1310 979; x_wconf 88' lang='lat' dir='ltr'>eam</span> <span class='ocrx_word' id='word_1_75' title='bbox 1343 944 1393 979; x_wconf 85' lang='lat' dir='ltr'>tu</span> <span class='ocrx_word' id='word_1_76' title='bbox 1420 934 1634 990; x_wconf 87' lang='lat' dir='ltr'>bibendo,</span> <span class='ocrx_word' id='word_1_77' title='bbox 1660 949 1751 978; x_wconf 88' lang='lat' dir='ltr'>non</span> 
     </span>
     <span class='ocr_line' id='line_1_12' title="bbox 358 1005 1751 1070; baseline -0.003 -17"><span class='ocrx_word' id='word_1_78' title='bbox 358 1010 532 1070; x_wconf 85' lang='lat' dir='ltr'>penitus</span> <span class='ocrx_word' id='word_1_79' title='bbox 555 1009 848 1067; x_wconf 75' lang='lat' dir='ltr'>extingueres,</span> <span class='ocrx_word' id='word_1_80' title='bbox 864 1007 940 1052; x_wconf 85' lang='lat' dir='ltr'>sed</span> <span class='ocrx_word' id='word_1_81' title='bbox 961 1007 1186 1051; x_wconf 77' lang='lat' dir='ltr'>differres?</span> <span class='ocrx_word' id='word_1_82' title='bbox 1208 1005 1419 1050; x_wconf 82' lang='lat' dir='ltr'>Reditura</span> <span class='ocrx_word' id='word_1_83' title='bbox 1440 1014 1504 1049; x_wconf 84' lang='lat' dir='ltr'>est</span> <span class='ocrx_word' id='word_1_84' title='bbox 1523 1005 1639 1049; x_wconf 88' lang='lat' dir='ltr'>enim</span> <span class='ocrx_word' id='word_1_85' title='bbox 1660 1005 1751 1049; x_wconf 88' lang='lat' dir='ltr'>sitis</span> 
     </span>
     <span class='ocr_line' id='line_1_13' title="bbox 360 1074 1750 1140; baseline -0.003 -18"><span class='ocrx_word' id='word_1_86' title='bbox 360 1078 590 1140; x_wconf 82' lang='lat' dir='ltr'>paululum</span> <span class='ocrx_word' id='word_1_87' title='bbox 626 1089 880 1138; x_wconf 82' lang='lat' dir='ltr'>temperata.</span> <span class='ocrx_word' id='word_1_88' title='bbox 927 1081 1235 1137; x_wconf 86' lang='lat' dir='ltr'>Temperamus</span> <span class='ocrx_word' id='word_1_89' title='bbox 1277 1091 1379 1134; x_wconf 82' lang='lat' dir='ltr'>ergo</span> <span class='ocrx_word' id='word_1_90' title='bbox 1422 1076 1510 1120; x_wconf 86' lang='lat' dir='ltr'>istis</span> <span class='ocrx_word' id='word_1_91' title='bbox 1545 1074 1750 1119; x_wconf 83' lang='lat' dir='ltr'>fomentis</span> 
     </span>
     <span class='ocr_line' id='line_1_14' title="bbox 360 1143 1750 1207; baseline -0.003 -14"><span class='ocrx_word' id='word_1_92' title='bbox 360 1165 601 1193; x_wconf 65' lang='lat' dir='ltr'>[erumnam</span> <span class='ocrx_word' id='word_1_93' title='bbox 610 1149 878 1207; x_wconf 82' lang='lat' dir='ltr'>aegritudinis</span> <span class='ocrx_word' id='word_1_94' title='bbox 888 1156 1061 1192; x_wconf 78' lang='lat' dir='ltr'>nostrae.</span> <span class='ocrx_word' id='word_1_95' title='bbox 1077 1145 1428 1191; x_wconf 80' lang='lat' dir='ltr'>Standolassatus</span> <span class='ocrx_word' id='word_1_96' title='bbox 1438 1161 1545 1200; x_wconf 84' lang='lat' dir='ltr'>eras,</span> <span class='ocrx_word' id='word_1_97' title='bbox 1557 1143 1750 1189; x_wconf 89' lang='lat' dir='ltr'>sedendo</span> 
     </span>
     <span class='ocr_line' id='line_1_15' title="bbox 360 1216 1748 1279; baseline -0.002 -15"><span class='ocrx_word' id='word_1_98' title='bbox 360 1221 573 1277; x_wconf 68' lang='lat' dir='ltr'>reliceris,</span> <span class='ocrx_word' id='word_1_99' title='bbox 597 1220 741 1279; x_wconf 85' lang='lat' dir='ltr'>ipsum</span> <span class='ocrx_word' id='word_1_100' title='bbox 764 1219 912 1263; x_wconf 80' lang='lat' dir='ltr'>sedere</span> <span class='ocrx_word' id='word_1_101' title='bbox 942 1218 1155 1261; x_wconf 84' lang='lat' dir='ltr'>medicina</span> <span class='ocrx_word' id='word_1_102' title='bbox 1178 1226 1242 1261; x_wconf 88' lang='lat' dir='ltr'>est</span> <span class='ocrx_word' id='word_1_103' title='bbox 1263 1216 1527 1261; x_wconf 79' lang='lat' dir='ltr'>lassitudinis</span> <span class='ocrx_word' id='word_1_104' title='bbox 1548 1233 1558 1259; x_wconf 90' lang='grc'>.·</span> <span class='ocrx_word' id='word_1_105' title='bbox 1589 1217 1633 1260; x_wconf 87' lang='lat' dir='ltr'>in</span> <span class='ocrx_word' id='word_1_106' title='bbox 1654 1217 1748 1275; x_wconf 84' lang='lat' dir='ltr'>ipsa</span> 
     </span>
     <span class='ocr_line' id='line_1_16' title="bbox 359 1288 1752 1347; baseline -0.003 -12"><span class='ocrx_word' id='word_1_107' title='bbox 359 1291 577 1338; x_wconf 83' lang='lat' dir='ltr'>medicina</span> <span class='ocrx_word' id='word_1_108' title='bbox 590 1306 735 1334; x_wconf 84' lang='lat' dir='ltr'>rursus</span> <span class='ocrx_word' id='word_1_109' title='bbox 758 1291 950 1346; x_wconf 68' lang='lat' dir='ltr'>lassaris,</span> <span class='ocrx_word' id='word_1_110' title='bbox 972 1288 1048 1332; x_wconf 82' lang='lat' dir='ltr'>diu</span> <span class='ocrx_word' id='word_1_111' title='bbox 1060 1288 1209 1332; x_wconf 85' lang='lat' dir='ltr'>sedere</span> <span class='ocrx_word' id='word_1_112' title='bbox 1226 1304 1315 1332; x_wconf 88' lang='lat' dir='ltr'>non</span> <span class='ocrx_word' id='word_1_113' title='bbox 1331 1288 1507 1347; x_wconf 84' lang='lat' dir='ltr'>poteris.</span> <span class='ocrx_word' id='word_1_114' title='bbox 1527 1288 1752 1347; x_wconf 87' lang='lat' dir='ltr'>Quidquid</span> 
     </span>
     <span class='ocr_line' id='line_1_17' title="bbox 361 1358 1748 1420; baseline -0.003 -14"><span class='ocrx_word' id='word_1_115' title='bbox 361 1372 425 1406; x_wconf 82' lang='lat' dir='ltr'>est</span> <span class='ocrx_word' id='word_1_116' title='bbox 448 1362 525 1405; x_wconf 85' lang='lat' dir='ltr'>ubi</span> <span class='ocrx_word' id='word_1_117' title='bbox 558 1360 802 1420; x_wconf 79' lang='lat' dir='ltr'>fatigationi</span> <span class='ocrx_word' id='word_1_118' title='bbox 839 1361 1133 1414; x_wconf 80' lang='lat' dir='ltr'>succurritur,</span> <span class='ocrx_word' id='word_1_119' title='bbox 1167 1359 1250 1403; x_wconf 84' lang='lat' dir='ltr'>alia</span> <span class='ocrx_word' id='word_1_120' title='bbox 1281 1358 1475 1416; x_wconf 77' lang='lat' dir='ltr'>fatigatio</span> <span class='ocrx_word' id='word_1_121' title='bbox 1501 1358 1748 1402; x_wconf 83' lang='lat' dir='ltr'>inchoatur.</span> 
     </span>
     <span class='ocr_line' id='line_1_18' title="bbox 363 1428 1752 1491; baseline -0.002 -15"><span class='ocrx_word' id='word_1_122' title='bbox 363 1432 476 1486; x_wconf 74' lang='lat' dir='ltr'>Quid</span> <span class='ocrx_word' id='word_1_123' title='bbox 498 1448 600 1491; x_wconf 82' lang='lat' dir='ltr'>ergo</span> <span class='ocrx_word' id='word_1_124' title='bbox 624 1433 703 1475; x_wconf 84' lang='lat' dir='ltr'>ista</span> <span class='ocrx_word' id='word_1_125' title='bbox 734 1431 948 1475; x_wconf 78' lang='lat' dir='ltr'>desideras</span> <span class='ocrx_word' id='word_1_126' title='bbox 969 1429 1239 1489; x_wconf 77' lang='lat' dir='ltr'>languidus?</span> <span class='ocrx_word' id='word_1_127' title='bbox 1262 1430 1385 1473; x_wconf 87' lang='lat' dir='ltr'>Prius</span> <span class='ocrx_word' id='word_1_128' title='bbox 1425 1428 1479 1472; x_wconf 85' lang='lat' dir='ltr'>de</span> <span class='ocrx_word' id='word_1_129' title='bbox 1516 1428 1655 1473; x_wconf 87' lang='lat' dir='ltr'>salute</span> <span class='ocrx_word' id='word_1_130' title='bbox 1677 1438 1752 1473; x_wconf 87' lang='lat' dir='ltr'>tua</span> 
     </span>
     <span class='ocr_line' id='line_1_19' title="bbox 361 1500 1753 1562; baseline -0.001 -14"><span class='ocrx_word' id='word_1_131' title='bbox 361 1504 515 1562; x_wconf 82' lang='lat' dir='ltr'>cogita.</span> <span class='ocrx_word' id='word_1_132' title='bbox 553 1502 803 1562; x_wconf 72' lang='lat' dir='ltr'>Aliquando</span> <span class='ocrx_word' id='word_1_133' title='bbox 834 1511 1014 1560; x_wconf 80' lang='lat' dir='ltr'>aegrotat</span> <span class='ocrx_word' id='word_1_134' title='bbox 1046 1503 1178 1546; x_wconf 88' lang='lat' dir='ltr'>homo</span> <span class='ocrx_word' id='word_1_135' title='bbox 1204 1502 1250 1544; x_wconf 89' lang='lat' dir='ltr'>in</span> <span class='ocrx_word' id='word_1_136' title='bbox 1271 1500 1401 1545; x_wconf 89' lang='lat' dir='ltr'>domo</span> <span class='ocrx_word' id='word_1_137' title='bbox 1424 1516 1528 1558; x_wconf 75' lang='lat' dir='ltr'>sua,</span> <span class='ocrx_word' id='word_1_138' title='bbox 1562 1500 1607 1544; x_wconf 89' lang='lat' dir='ltr'>in</span> <span class='ocrx_word' id='word_1_139' title='bbox 1640 1500 1753 1546; x_wconf 90' lang='lat' dir='ltr'>lecto</span> 
     </span>
     <span class='ocr_line' id='line_1_20' title="bbox 356 1570 1755 1632; baseline -0.001 -14"><span class='ocrx_word' id='word_1_140' title='bbox 356 1590 438 1619; x_wconf 73' lang='lat' dir='ltr'>suo</span> <span class='ocrx_word' id='word_1_141' title='bbox 452 1609 462 1629; x_wconf 91' lang='lat'>,</span> <span class='ocrx_word' id='word_1_142' title='bbox 483 1572 742 1632; x_wconf 68' lang='lat' dir='ltr'>{egritudine</span> <span class='ocrx_word' id='word_1_143' title='bbox 758 1572 1052 1616; x_wconf 73' lang='lat' dir='ltr'>manifestiore</span> <span class='ocrx_word' id='word_1_144' title='bbox 1072 1587 1079 1613; x_wconf 77' lang='grc' dir='ltr'><strong><em>τ</em></strong></span> <span class='ocrx_word' id='word_1_145' title='bbox 1099 1586 1350 1631; x_wconf 78' lang='lat' dir='ltr'>quanquam</span> <span class='ocrx_word' id='word_1_146' title='bbox 1365 1580 1408 1614; x_wconf 90' lang='lat' dir='ltr'>et</span> <span class='ocrx_word' id='word_1_147' title='bbox 1428 1571 1507 1614; x_wconf 83' lang='lat' dir='ltr'>ista</span> <span class='ocrx_word' id='word_1_148' title='bbox 1527 1570 1755 1616; x_wconf 82' lang='lat' dir='ltr'>manifesta</span> 
     </span>
     <span class='ocr_line' id='line_1_21' title="bbox 361 1640 1751 1703; baseline -0.001 -16"><span class='ocrx_word' id='word_1_149' title='bbox 361 1645 419 1689; x_wconf 87' lang='lat' dir='ltr'>sit</span> <span class='ocrx_word' id='word_1_150' title='bbox 439 1679 449 1699; x_wconf 96' lang='lat'>,</span> <span class='ocrx_word' id='word_1_151' title='bbox 474 1658 607 1703; x_wconf 81' lang='lat' dir='ltr'>quam</span> <span class='ocrx_word' id='word_1_152' title='bbox 630 1642 788 1686; x_wconf 86' lang='lat' dir='ltr'>nolunt</span> <span class='ocrx_word' id='word_1_153' title='bbox 808 1643 1005 1686; x_wconf 84' lang='lat' dir='ltr'>homines</span> <span class='ocrx_word' id='word_1_154' title='bbox 1028 1641 1188 1685; x_wconf 88' lang='lat' dir='ltr'>intueri</span> <span class='ocrx_word' id='word_1_155' title='bbox 1213 1661 1220 1686; x_wconf 92' lang='lat'><strong>:</strong></span> <span class='ocrx_word' id='word_1_156' title='bbox 1243 1651 1390 1685; x_wconf 85' lang='lat' dir='ltr'>tamen</span> <span class='ocrx_word' id='word_1_157' title='bbox 1407 1657 1456 1685; x_wconf 89' lang='lat' dir='ltr'>ea</span> <span class='ocrx_word' id='word_1_158' title='bbox 1479 1640 1751 1698; x_wconf 80' lang='lat' dir='ltr'>aegritudine,</span> 
     </span>
     <span class='ocr_line' id='line_1_22' title="bbox 361 1711 1756 1773; baseline -0.002 -15"><span class='ocrx_word' id='word_1_159' title='bbox 361 1714 416 1759; x_wconf 87' lang='lat' dir='ltr'>ad</span> <span class='ocrx_word' id='word_1_160' title='bbox 434 1729 567 1773; x_wconf 84' lang='lat' dir='ltr'>quam</span> <span class='ocrx_word' id='word_1_161' title='bbox 585 1721 846 1773; x_wconf 82' lang='lat' dir='ltr'>quaeruntur</span> <span class='ocrx_word' id='word_1_162' title='bbox 868 1711 1025 1756; x_wconf 89' lang='lat' dir='ltr'>medici</span> <span class='ocrx_word' id='word_1_163' title='bbox 1048 1712 1269 1766; x_wconf 88' lang='lat' dir='ltr'>homines,</span> <span class='ocrx_word' id='word_1_164' title='bbox 1294 1720 1477 1770; x_wconf 80' lang='lat' dir='ltr'>aegrotat</span> <span class='ocrx_word' id='word_1_165' title='bbox 1506 1712 1690 1771; x_wconf 86' lang='lat' dir='ltr'>quisque</span> <span class='ocrx_word' id='word_1_166' title='bbox 1709 1712 1756 1755; x_wconf 92' lang='lat' dir='ltr'>in</span> 
     </span>
     <span class='ocr_line' id='line_1_23' title="bbox 364 1781 1758 1841; baseline -0.003 -12"><span class='ocrx_word' id='word_1_167' title='bbox 364 1785 495 1829; x_wconf 87' lang='lat' dir='ltr'>domo</span> <span class='ocrx_word' id='word_1_168' title='bbox 519 1799 616 1839; x_wconf 88' lang='lat' dir='ltr'>sua,</span> <span class='ocrx_word' id='word_1_169' title='bbox 644 1782 819 1826; x_wconf 86' lang='lat' dir='ltr'>anhelat</span> <span class='ocrx_word' id='word_1_170' title='bbox 840 1782 1039 1826; x_wconf 80' lang='lat' dir='ltr'>febribus</span> <span class='ocrx_word' id='word_1_171' title='bbox 1060 1782 1106 1825; x_wconf 90' lang='lat' dir='ltr'>in</span> <span class='ocrx_word' id='word_1_172' title='bbox 1122 1781 1236 1826; x_wconf 88' lang='lat' dir='ltr'>lecto</span> <span class='ocrx_word' id='word_1_173' title='bbox 1261 1798 1338 1826; x_wconf 91' lang='lat' dir='ltr'>suo</span> <span class='ocrx_word' id='word_1_174' title='bbox 1353 1803 1362 1840; x_wconf 81' lang='lat'>3</span> <span class='ocrx_word' id='word_1_175' title='bbox 1379 1782 1484 1827; x_wconf 76' lang='lat' dir='ltr'>velit</span> <span class='ocrx_word' id='word_1_176' title='bbox 1502 1782 1612 1826; x_wconf 87' lang='lat' dir='ltr'>sorte</span> <span class='ocrx_word' id='word_1_177' title='bbox 1636 1783 1758 1841; x_wconf 86' lang='lat' dir='ltr'>cogi-</span> 
     </span>
     <span class='ocr_line' id='line_1_24' title="bbox 364 1853 1756 1913; baseline -0.001 -14"><span class='ocrx_word' id='word_1_178' title='bbox 364 1866 455 1899; x_wconf 87' lang='lat' dir='ltr'>tare</span> <span class='ocrx_word' id='word_1_179' title='bbox 484 1854 538 1899; x_wconf 89' lang='lat' dir='ltr'>de</span> <span class='ocrx_word' id='word_1_180' title='bbox 562 1870 607 1898; x_wconf 91' lang='lat' dir='ltr'>re</span> <span class='ocrx_word' id='word_1_181' title='bbox 640 1853 861 1908; x_wconf 77' lang='lat' dir='ltr'>familiari,</span> <span class='ocrx_word' id='word_1_182' title='bbox 893 1853 1059 1913; x_wconf 85' lang='lat' dir='ltr'>aliquid</span> <span class='ocrx_word' id='word_1_183' title='bbox 1076 1855 1232 1913; x_wconf 87' lang='lat' dir='ltr'>jubere</span> <span class='ocrx_word' id='word_1_184' title='bbox 1253 1853 1324 1898; x_wconf 85' lang='lat' dir='ltr'>vel</span> <span class='ocrx_word' id='word_1_185' title='bbox 1352 1854 1399 1897; x_wconf 88' lang='lat' dir='ltr'>in</span> <span class='ocrx_word' id='word_1_186' title='bbox 1421 1854 1552 1898; x_wconf 89' lang='lat' dir='ltr'>domo</span> <span class='ocrx_word' id='word_1_187' title='bbox 1569 1889 1579 1909; x_wconf 94' lang='lat'>,</span> <span class='ocrx_word' id='word_1_188' title='bbox 1620 1853 1689 1897; x_wconf 86' lang='lat' dir='ltr'>vel</span> <span class='ocrx_word' id='word_1_189' title='bbox 1710 1854 1756 1897; x_wconf 90' lang='lat' dir='ltr'>in</span> 
     </span>
     <span class='ocr_line' id='line_1_25' title="bbox 364 1925 1756 1984; baseline -0.002 -14"><span class='ocrx_word' id='word_1_190' title='bbox 364 1925 522 1980; x_wconf 77' lang='lat' dir='ltr'>fundo,</span> <span class='ocrx_word' id='word_1_191' title='bbox 543 1934 618 1968; x_wconf 88' lang='lat' dir='ltr'>aut</span> <span class='ocrx_word' id='word_1_192' title='bbox 635 1925 887 1984; x_wconf 69' lang='lat' dir='ltr'>disponere,</span> <span class='ocrx_word' id='word_1_193' title='bbox 904 1926 1048 1968; x_wconf 84' lang='lat' dir='ltr'>statim</span> <span class='ocrx_word' id='word_1_194' title='bbox 1064 1940 1167 1969; x_wconf 85' lang='lat' dir='ltr'>cura</span> <span class='ocrx_word' id='word_1_195' title='bbox 1181 1940 1359 1969; x_wconf 86' lang='lat' dir='ltr'>suorum</span> <span class='ocrx_word' id='word_1_196' title='bbox 1372 1925 1756 1983; x_wconf 83' lang='lat' dir='ltr'>circumstrepente</span> 
     </span>
     <span class='ocr_line' id='line_1_26' title="bbox 365 1993 1754 2049; baseline -0.001 -10"><span class='ocrx_word' id='word_1_197' title='bbox 365 2005 409 2040; x_wconf 91' lang='lat' dir='ltr'>ct</span> <span class='ocrx_word' id='word_1_198' title='bbox 432 2003 756 2047; x_wconf 84' lang='lat' dir='ltr'>murmurante,</span> <span class='ocrx_word' id='word_1_199' title='bbox 778 2002 1007 2037; x_wconf 82' lang='lat' dir='ltr'>revocatur</span> <span class='ocrx_word' id='word_1_200' title='bbox 1029 2009 1052 2036; x_wconf 88' lang='lat' dir='ltr'>a</span> <span class='ocrx_word' id='word_1_201' title='bbox 1074 1993 1233 2036; x_wconf 82' lang='lat' dir='ltr'>talibus</span> <span class='ocrx_word' id='word_1_202' title='bbox 1257 1995 1390 2043; x_wconf 76' lang='lat' dir='ltr'>curis,</span> <span class='ocrx_word' id='word_1_203' title='bbox 1419 2003 1463 2037; x_wconf 83' lang='lat' dir='ltr'>et</span> <span class='ocrx_word' id='word_1_204' title='bbox 1484 1993 1644 2038; x_wconf 86' lang='lat' dir='ltr'>dicitur</span> <span class='ocrx_word' id='word_1_205' title='bbox 1665 1993 1728 2037; x_wconf 91' lang='lat' dir='ltr'>illi</span> <span class='ocrx_word' id='word_1_206' title='bbox 1743 2029 1754 2049; x_wconf 84' lang='lat'>‚</span> 
     </span>
     <span class='ocr_line' id='line_1_27' title="bbox 366 2062 1758 2123; baseline -0.001 -14"><span class='ocrx_word' id='word_1_207' title='bbox 366 2066 544 2111; x_wconf 72' lang='lat' dir='ltr'>Dimitte</span> <span class='ocrx_word' id='word_1_208' title='bbox 565 2066 666 2119; x_wconf 86' lang='lat' dir='ltr'>ista,</span> <span class='ocrx_word' id='word_1_209' title='bbox 692 2064 809 2123; x_wconf 86' lang='lat' dir='ltr'>prius</span> <span class='ocrx_word' id='word_1_210' title='bbox 834 2062 888 2106; x_wconf 89' lang='lat' dir='ltr'>de</span> <span class='ocrx_word' id='word_1_211' title='bbox 910 2062 1048 2106; x_wconf 80' lang='lat' dir='ltr'>salute</span> <span class='ocrx_word' id='word_1_212' title='bbox 1067 2072 1140 2107; x_wconf 85' lang='lat' dir='ltr'>tua</span> <span class='ocrx_word' id='word_1_213' title='bbox 1164 2064 1320 2122; x_wconf 89' lang='lat' dir='ltr'>cogita.</span> <span class='ocrx_word' id='word_1_214' title='bbox 1345 2066 1460 2121; x_wconf 87' lang='lat' dir='ltr'>Ergo</span> <span class='ocrx_word' id='word_1_215' title='bbox 1482 2065 1567 2108; x_wconf 87' lang='lat' dir='ltr'>hoc</span> <span class='ocrx_word' id='word_1_216' title='bbox 1590 2064 1670 2108; x_wconf 88' lang='lat' dir='ltr'>tibi</span> <span class='ocrx_word' id='word_1_217' title='bbox 1689 2064 1758 2108; x_wconf 86' lang='lat' dir='ltr'>di-</span> 
     </span>
     <span class='ocr_line' id='line_1_28' title="bbox 365 2134 1758 2194; baseline -0.001 -13"><span class='ocrx_word' id='word_1_218' title='bbox 365 2138 502 2191; x_wconf 87' lang='lat' dir='ltr'>citur,</span> <span class='ocrx_word' id='word_1_219' title='bbox 543 2135 694 2179; x_wconf 85' lang='lat' dir='ltr'>Omnis</span> <span class='ocrx_word' id='word_1_220' title='bbox 723 2135 854 2178; x_wconf 87' lang='lat' dir='ltr'>homo</span> <span class='ocrx_word' id='word_1_221' title='bbox 874 2169 884 2189; x_wconf 91' lang='lat'>,</span> <span class='ocrx_word' id='word_1_222' title='bbox 923 2134 957 2177; x_wconf 84' lang='lat' dir='ltr'>si</span> <span class='ocrx_word' id='word_1_223' title='bbox 992 2150 1081 2178; x_wconf 90' lang='lat' dir='ltr'>non</span> <span class='ocrx_word' id='word_1_224' title='bbox 1103 2143 1304 2192; x_wconf 78' lang='lat' dir='ltr'>aegrotas,</span> <span class='ocrx_word' id='word_1_225' title='bbox 1344 2134 1425 2178; x_wconf 88' lang='lat' dir='ltr'>alia</span> <span class='ocrx_word' id='word_1_226' title='bbox 1447 2135 1589 2194; x_wconf 85' lang='lat' dir='ltr'>cogita</span> <span class='ocrx_word' id='word_1_227' title='bbox 1620 2154 1628 2180; x_wconf 91' lang='lat'><strong>:</strong></span> <span class='ocrx_word' id='word_1_228' title='bbox 1660 2136 1694 2179; x_wconf 89' lang='lat' dir='ltr'>si</span> <span class='ocrx_word' id='word_1_229' title='bbox 1715 2144 1758 2180; x_wconf 88' lang='lat' dir='ltr'>te</span> 
     </span>
     <span class='ocr_line' id='line_1_29' title="bbox 366 2204 1759 2266; baseline -0.002 -14"><span class='ocrx_word' id='word_1_230' title='bbox 366 2215 651 2266; x_wconf 85' lang='lat' dir='ltr'>aegrotantem</span> <span class='ocrx_word' id='word_1_231' title='bbox 673 2204 861 2263; x_wconf 87' lang='lat' dir='ltr'>languor</span> <span class='ocrx_word' id='word_1_232' title='bbox 895 2204 984 2263; x_wconf 85' lang='lat' dir='ltr'>ipse</span> <span class='ocrx_word' id='word_1_233' title='bbox 1018 2205 1260 2259; x_wconf 81' lang='lat' dir='ltr'>convincit,</span> <span class='ocrx_word' id='word_1_234' title='bbox 1291 2204 1411 2263; x_wconf 87' lang='lat' dir='ltr'>prius</span> <span class='ocrx_word' id='word_1_235' title='bbox 1444 2204 1499 2248; x_wconf 89' lang='lat' dir='ltr'>de</span> <span class='ocrx_word' id='word_1_236' title='bbox 1524 2204 1663 2249; x_wconf 86' lang='lat' dir='ltr'>salute</span> <span class='ocrx_word' id='word_1_237' title='bbox 1682 2214 1759 2250; x_wconf 86' lang='lat' dir='ltr'>tua</span> 
     </span>
     <span class='ocr_line' id='line_1_30' title="bbox 369 2275 1759 2336; baseline -0.002 -14"><span class='ocrx_word' id='word_1_238' title='bbox 369 2278 526 2336; x_wconf 84' lang='lat' dir='ltr'>cogita.</span> <span class='ocrx_word' id='word_1_239' title='bbox 551 2275 671 2320; x_wconf 89' lang='lat' dir='ltr'>Salus</span> <span class='ocrx_word' id='word_1_240' title='bbox 694 2284 768 2318; x_wconf 82' lang='lat' dir='ltr'>tua</span> <span class='ocrx_word' id='word_1_241' title='bbox 796 2275 992 2319; x_wconf 89' lang='lat' dir='ltr'>Christus</span> <span class='ocrx_word' id='word_1_242' title='bbox 1014 2284 1077 2319; x_wconf 88' lang='lat' dir='ltr'>est</span> <span class='ocrx_word' id='word_1_243' title='bbox 1104 2295 1112 2319; x_wconf 90' lang='lat'>:</span> <span class='ocrx_word' id='word_1_244' title='bbox 1139 2275 1358 2320; x_wconf 89' lang='lat' dir='ltr'>Christum</span> <span class='ocrx_word' id='word_1_245' title='bbox 1378 2290 1480 2334; x_wconf 91' lang='lat' dir='ltr'>ergo</span> <span class='ocrx_word' id='word_1_246' title='bbox 1497 2275 1652 2332; x_wconf 83' lang='lat' dir='ltr'>cogita.</span> <span class='ocrx_word' id='word_1_247' title='bbox 1679 2278 1759 2319; x_wconf 85' lang='lat' dir='ltr'>Ac-</span> 
     </span>
     <span class='ocr_line' id='line_1_31' title="bbox 369 2345 1757 2407; baseline -0.001 -16"><span class='ocrx_word' id='word_1_248' title='bbox 369 2348 463 2407; x_wconf 86' lang='lat' dir='ltr'>cipe</span> <span class='ocrx_word' id='word_1_249' title='bbox 486 2345 662 2391; x_wconf 88' lang='lat' dir='ltr'>calicem</span> <span class='ocrx_word' id='word_1_250' title='bbox 681 2345 874 2388; x_wconf 86' lang='lat' dir='ltr'>salutaris</span> <span class='ocrx_word' id='word_1_251' title='bbox 901 2347 991 2405; x_wconf 84' lang='lat' dir='ltr'>ejus</span> <span class='ocrx_word' id='word_1_252' title='bbox 1008 2381 1018 2401; x_wconf 89' lang='lat'>,</span> <span class='ocrx_word' id='word_1_253' title='bbox 1050 2365 1070 2388; x_wconf 86' lang='lat'>«</span> <span class='ocrx_word' id='word_1_254' title='bbox 1095 2346 1180 2399; x_wconf 90' lang='lat' dir='ltr'>Qui</span> <span class='ocrx_word' id='word_1_255' title='bbox 1200 2354 1322 2389; x_wconf 84' lang='lat' dir='ltr'>sanat</span> <span class='ocrx_word' id='word_1_256' title='bbox 1350 2361 1500 2390; x_wconf 88' lang='lat' dir='ltr'>omnes</span> <span class='ocrx_word' id='word_1_257' title='bbox 1525 2346 1757 2405; x_wconf 85' lang='lat' dir='ltr'>languores</span> 
     </span>
     <span class='ocr_line' id='line_1_32' title="bbox 374 2414 1757 2470; baseline 0 -10"><span class='ocrx_word' id='word_1_258' title='bbox 374 2436 395 2460; x_wconf 82' lang='grc'><em>»</em></span> <span class='ocrx_word' id='word_1_259' title='bbox 432 2427 527 2461; x_wconf 86' lang='lat' dir='ltr'>tuos</span> <span class='ocrx_word' id='word_1_260' title='bbox 555 2436 563 2460; x_wconf 91' lang='lat'>:</span> <span class='ocrx_word' id='word_1_261' title='bbox 593 2436 611 2456; x_wconf 76' lang='lat' dir='ltr'>n</span> <span class='ocrx_word' id='word_1_262' title='bbox 638 2417 749 2460; x_wconf 85' lang='lat' dir='ltr'>hanc</span> <span class='ocrx_word' id='word_1_263' title='bbox 772 2414 956 2459; x_wconf 77' lang='lat' dir='ltr'>salutem</span> <span class='ocrx_word' id='word_1_264' title='bbox 984 2417 1016 2459; x_wconf 81' lang='lat' dir='ltr'>si</span> <span class='ocrx_word' id='word_1_265' title='bbox 1046 2416 1259 2470; x_wconf 84' lang='lat' dir='ltr'>volueris,</span> <span class='ocrx_word' id='word_1_266' title='bbox 1291 2416 1521 2460; x_wconf 68' lang='lat' dir='ltr'>obtinebis⁸</span> <span class='ocrx_word' id='word_1_267' title='bbox 1560 2419 1757 2461; x_wconf 88' lang='lat' dir='ltr'>Honores</span> 
     </span>
     <span class='ocr_line' id='line_1_33' title="bbox 373 2487 1755 2545; baseline 0.001 -14"><span class='ocrx_word' id='word_1_268' title='bbox 373 2498 416 2532; x_wconf 88' lang='lat' dir='ltr'>et</span> <span class='ocrx_word' id='word_1_269' title='bbox 439 2487 605 2531; x_wconf 74' lang='lat' dir='ltr'>divitias</span> <span class='ocrx_word' id='word_1_270' title='bbox 627 2502 728 2531; x_wconf 87' lang='lat' dir='ltr'>cum</span> <span class='ocrx_word' id='word_1_271' title='bbox 751 2487 991 2545; x_wconf 69' lang='lat' dir='ltr'>requisieris</span> <span class='ocrx_word' id='word_1_272' title='bbox 1008 2522 1018 2540; x_wconf 95' lang='lat'>,</span> <span class='ocrx_word' id='word_1_273' title='bbox 1041 2503 1130 2531; x_wconf 88' lang='grc'>11011</span> <span class='ocrx_word' id='word_1_274' title='bbox 1147 2487 1356 2531; x_wconf 87' lang='lat' dir='ltr'>continuo</span> <span class='ocrx_word' id='word_1_275' title='bbox 1380 2487 1413 2530; x_wconf 87' lang='lat' dir='ltr'>si</span> <span class='ocrx_word' id='word_1_276' title='bbox 1441 2487 1627 2532; x_wconf 85' lang='lat' dir='ltr'>volueris</span> <span class='ocrx_word' id='word_1_277' title='bbox 1643 2523 1653 2542; x_wconf 91' lang='lat'>,</span> <span class='ocrx_word' id='word_1_278' title='bbox 1675 2488 1755 2532; x_wconf 86' lang='lat' dir='ltr'>ha-</span> 
     </span>
     <span class='ocr_line' id='line_1_34' title="bbox 374 2556 1751 2616; baseline 0 -14"><span class='ocrx_word' id='word_1_279' title='bbox 374 2558 495 2602; x_wconf 76' lang='lat' dir='ltr'>bebis</span> <span class='ocrx_word' id='word_1_280' title='bbox 530 2577 537 2601; x_wconf 78' lang='lat'>2</span> <span class='ocrx_word' id='word_1_281' title='bbox 572 2557 653 2600; x_wconf 84' lang='lat' dir='ltr'>hoc</span> <span class='ocrx_word' id='word_1_282' title='bbox 686 2565 728 2600; x_wconf 82' lang='lat' dir='ltr'>ct</span> <span class='ocrx_word' id='word_1_283' title='bbox 775 2556 1001 2614; x_wconf 71' lang='lat' dir='ltr'>pretiosius</span> <span class='ocrx_word' id='word_1_284' title='bbox 1033 2566 1095 2601; x_wconf 83' lang='lat' dir='ltr'>cst</span> <span class='ocrx_word' id='word_1_285' title='bbox 1110 2592 1120 2612; x_wconf 85' lang='lat'>,</span> <span class='ocrx_word' id='word_1_286' title='bbox 1162 2566 1204 2601; x_wconf 89' lang='lat' dir='ltr'>et</span> <span class='ocrx_word' id='word_1_287' title='bbox 1236 2557 1431 2616; x_wconf 83' lang='lat' dir='ltr'>sequitur</span> <span class='ocrx_word' id='word_1_288' title='bbox 1467 2556 1751 2603; x_wconf 82' lang='lat' dir='ltr'>voluntatem.</span> 
     </span>
    </p>
   </div>
  </div>
 </body>
</html>
