1848 3261
261 225 501 259 EMRRATIO
533 232 548 258 1
578 230 624 260 m
656 225 858 260 PsALMtJM
887 231 1020 270 cxm,
1054 227 1192 262 smnuo
1223 235 1254 262 1.
1348 222 1432 262 333

63 412 485 433 mmmmm*
490 417 973 435 ΜΜΝΊΜΜΜἋΜἋἏΊ
976 417 1185 435 mm}
1188 418 1432 437 WWMWUW

503 557 895 606 ENARRATIO
933 561 954 606 I

421 724 481 764 IN
523 724 823 766 PSALMUM
875 724 1054 766 CXIII.

633 890 809 930 SERMO
834 891 869 930 1.

442 1039 505 1080 De
535 1036 677 1097 prima
707 1046 829 1097 parte
861 1038 1035 1083 Psalmi.

105 1195 140 1236 Ι.
177 1196 372 1241 LEemus
404 1192 604 1253 quidem,
630 1192 991 1255 notissimumque
1013 1194 1274 1250 retinemus,
1300 1194 1430 1240 dilec-

47 1263 199 1308 tissimi
220 1264 395 1319 fratres,
427 1264 548 1324 quod
575 1273 776 1309 narratur
803 1265 849 1308 in
883 1264 997 1310 libro
1018 1265 1182 1321 Exodi,
1213 1265 1429 1326 populum

46 1333 178 1379 Israel
197 1333 430 1379 liberatum
455 1334 510 1378 ab
538 1335 686 1395 iniqua
707 1334 1005 1380 dominatione
1026 1337 1335 1396 AEgyptiorum
1357 1337 1429 1381 in-

44 1414 110 1449 ter
132 1404 288 1450 divisos
302 1406 461 1450 fluetus
482 1406 610 1450 maris
630 1406 828 1451 transisse
851 1421 927 1466 per
948 1407 1110 1452 siccum
1126 1409 1164 1451 12
1190 1407 1428 1452 Jordanem

45 1492 223 1536 quoque
264 1477 491 1532 fluvium²‚
530 1492 630 1521 cum
652 1492 730 1537 per
753 1492 854 1521 eum
888 1478 934 1522 in
954 1487 1113 1522 terram
1135 1477 1427 1537 promissionis

43 1547 277 1603 intrarent,
329 1557 494 1592 tactum
530 1547 715 1607 pedibus
754 1547 1026 1592 sacerdotum
1070 1563 1213 1592 arcam
1256 1548 1429 1593 Domini

43 1618 312 1677 portantium
334 1653 345 1674 ‚
380 1618 543 1663 stetisse
580 1617 766 1677 desuper
796 1618 1015 1663 infrenato
1047 1618 1197 1679 lapsu3
1227 1619 1282 1663 ab
1310 1619 1427 1664 infe-

44 1689 155 1732 riore
177 1697 322 1733 autem
344 1697 466 1748 parte
487 1687 730 1744 defluxisse,
756 1687 875 1749 quod
893 1689 1096 1733 currebat
1116 1690 1162 1733 in
1184 1705 1317 1744 mare,
1343 1690 1427 1734 do-

44 1774 124 1803 nec
146 1758 192 1802 in
209 1759 321 1803 sicco
336 1759 551 1803 stantibus
573 1759 869 1803 sacerdotibus
892 1760 1092 1803 transiret
1114 1760 1302 1819 populus
1325 1760 1427 1804 uni-

42 1845 190 1874 versus
210 1849 218 1874 :
244 1830 442 1874 novimus
458 1830 552 1873 haec
564 1865 579 1885 ,
604 1845 684 1874 nec
700 1839 846 1874 tamen
868 1830 1066 1874 arbitrari
1083 1846 1160 1875 nos
1183 1840 1355 1890 oportet
1380 1831 1426 1876 in

44 1901 127 1945 hoc
150 1901 322 1945 Psalmo
339 1935 349 1955 ‚
375 1900 445 1946 cui
467 1916 584 1945 nunc
626 1900 873 1945 «Alleluia»
900 1902 1184 1961 pronuntiato
1225 1911 1425 1947 cantato—

43 1987 130 2032 que
152 1971 472 2031 respondimus,
498 1970 544 2014 id
562 1986 688 2029 agere
712 1971 919 2031 Spiritum
949 1981 1173 2028 sanctum,
1199 1982 1249 2018 ut
1272 1982 1428 2032 praete-

43 2042 124 2086 rita
144 2041 217 2086 illa
239 2051 355 2099 gesta
372 2040 609 2086 recolentes
627 2077 638 2097 ‚
663 2057 943 2103 nequaquam
963 2042 1114 2088 futura
1136 2044 1235 2088 talia
1257 2045 1425 2104 cogite-

42 2128 153 2157 mus.
183 2131 204 2154 «
220 2111 299 2156 Illa
317 2114 432 2157 enim
447 2147 459 2168 ,
483 2111 594 2156 sicut
615 2111 718 2157 dicit
739 2113 972 2172 Apostolus
991 2149 1002 2170 ‚
1026 2115 1072 2158 in
1092 2115 1231 2173 figura
1252 2115 1426 2160 contin-

46 2201 67 2226 »
103 2182 265 2243 gebant
313 2182 396 2227 illis
413 2217 424 2238 ,
480 2183 637 2242 scripta
673 2192 774 2228 sunt
811 2193 957 2228 autem
998 2184 1054 2229 ad
1107 2187 1424 2246 correptionem

46 2272 67 2296 »
101 2262 316 2309 nostram,
350 2253 397 2296 in
430 2268 540 2314 quos
572 2252 670 2297 finis
703 2253 962 2299 saeculorum
996 2255 1223 2300 obvenitss.
1254 2276 1272 2298 »
1311 2258 1426 2302 Cum

43 2325 175 2384 igitur
202 2324 402 2369 audimus
431 2324 478 2369 in
494 2323 692 2370 Psalmo:
723 2328 808 2370 «In
836 2325 953 2370 exitu
974 2326 1104 2372 Israel
1129 2327 1185 2371 de
1206 2330 1422 2388 AEgypto,

46 2413 67 2438 »
101 2395 257 2441 domus
289 2395 428 2441 Jacob
468 2394 523 2440 de
553 2395 719 2456 populo
758 2396 972 2452 barbaro,
1006 2398 1120 2443 facta
1165 2407 1230 2443 est
1270 2397 1424 2444 Judaea

47 2485 67 2508 >›
98 2467 379 2512 sanctificatio
416 2466 532 2527 ejus,
564 2466 695 2513 Israel
727 2476 914 2528 potestas
935 2469 1062 2529 ejus3
1096 2483 1215 2515 mare
1245 2467 1355 2516 vidit
1381 2477 1427 2516 et

92 2576 220 2611 ¹Exod.
241 2588 306 2620 xiv,
337 2586 387 2611 12.
407 2588 449 2603 ‘—
473 2583 486 2601 ²
504 2578 599 2612 Josu&
618 2587 668 2621 111,
692 2576 804 2621 15-17.
832 2593 873 2605 -—
894 2573 911 2603 3
935 2589 947 2619 ,ι
967 2580 1039 2615 Cor.
1061 2587 1095 2623 x,
1119 2590 1169 2614 ιι,
