1848 3261
382 224 467 265 364
811 234 846 264 3.
882 235 1112 266 AUGUSTINI
1144 237 1326 267 Emscom

378 302 545 345 dictum
566 308 644 357 est,
665 302 844 346 «Omnis
861 303 992 348 homo
1013 301 1199 347 mendax
1214 322 1222 348 :
1237 321 1258 345 »
1275 303 1496 365 quomodo
1511 302 1761 348 consoletur

374 370 560 416 humiles
580 407 591 428 ‚
627 381 670 416 et
689 372 869 432 impleat
889 374 1043 432 spiritu
1063 373 1236 418 fidueiae
1259 374 1524 435 trepidantes
1541 410 1552 430 ,
1577 383 1627 418 ut
1647 388 1761 433 pene

373 451 546 487 mortuo
568 444 698 487 corde
719 444 1002 501 reviviscant,
1023 461 1102 490 nec
1122 447 1169 490 in
1190 446 1426 505 semetipsis
1445 446 1628 489 fidentes
1651 444 1757 499 sint,

371 513 446 558 sed
466 513 509 557 in
532 529 582 557 eo
605 514 680 573 qui
702 514 880 558 suscitat
900 526 1095 562 mortuos
1113 520 1124 543 ¹
1145 553 1155 572 ,
1181 527 1226 561 et
1245 516 1413 574 linguas
1432 514 1666 560 infantium
1696 513 1762 558 fa-

371 584 431 628 cit
453 583 683 640 disertas23
712 584 787 643 qui
811 585 870 628 ait
896 602 905 627 ε
936 605 955 628 «
978 589 1091 632 Cum
1125 596 1271 631 autem
1291 586 1465 631 tradent
1496 602 1572 630 vos
1588 620 1599 640 ‚
1627 585 1762 630 nolite

372 655 616 711 »cogitare
653 653 875 713 quomodo
909 666 985 700 aut
1014 657 1122 716 quid
1153 657 1420 717 loquamini3
1447 656 1624 700 dabitur
1646 655 1762 698 enim

373 742 394 766 »
428 723 550 768 vobis
579 723 625 766 in
645 722 719 766 illa
741 724 847 768 hora
870 726 979 784 quid
1005 725 1278 786 loquamini·⁷
1303 742 1391 770 non
1417 726 1533 769 enim
1564 740 1639 769 vos
1661 724 1761 768 estis

374 812 394 835 »
430 793 506 853 qui
523 793 770 853 loquimini,
795 794 871 838 sed
895 796 1076 855 Spiritus
1099 797 1235 840 Patris
1257 797 1387 840 vestri
1410 796 1487 856 qui
1503 795 1700 855 loquitur
1715 795 1762 837 in

375 882 395 905 »
430 864 553 908 vobis
572 865 603 907 3.
620 882 639 904 »
668 867 772 908 Haec
794 880 894 923 ergo
917 867 1062 910 omnia
1084 866 1361 911 considerans
1383 865 1456 909 ille
1473 866 1549 926 qui
1566 865 1730 908 dixerat
1748 883 1757 909 :

379 954 398 977 «
432 937 526 993 Ego
558 933 645 978 dixi
667 934 713 978 in
736 950 894 994 pavore
916 952 1012 980 meo
1049 956 1057 981 :
1087 937 1237 980 Omnis
1267 937 1400 980 homo
1430 935 1646 992 mendax3
1672 953 1692 975 ³>
1719 944 1762 978 et

373 1004 524 1049 videns
548 1006 683 1064 gratia
714 1006 887 1050 Domini
917 1023 960 1050 sc
995 1007 1159 1052 factum
1193 1022 1418 1051 veracem:
1449 1024 1469 1047 «
1499 1004 1612 1059 Quid
1635 1005 1760 1048 retri-

377 1093 397 1116 >›
434 1075 592 1130 buam,
632 1076 803 1135 inquit,
836 1078 1022 1120 Domino
1042 1112 1052 1131 ⁷
1085 1092 1164 1135 pro
1198 1076 1401 1120 omnibus
1429 1091 1527 1135 quae
1559 1075 1763 1119 retribuit

378 1163 398 1185 »
434 1146 568 1189 mihi?
593 1165 612 1186 »
638 1149 735 1191 Non
764 1147 844 1201 ait,
870 1162 949 1206 pro
973 1147 1173 1191 omnibus
1197 1162 1294 1206 quse
1318 1146 1471 1189 tribuit
1492 1145 1625 1202 milii3
1651 1144 1726 1188 sed
1747 1179 1759 1200 ‚

379 1234 399 1258 ‹<
433 1220 517 1260 Pro
545 1217 755 1275 ⁴omnibus
777 1234 876 1277 quae
898 1219 1099 1261 retribuit
1121 1218 1227 1261 mihi
1244 1218 1276 1260 4.
1308 1236 1327 1258 »
1354 1220 1462 1269 Quae
1494 1217 1626 1273 igitur
1647 1232 1762 1275 prae-

374 1295 588 1330 cesserant
605 1288 815 1342 hominis,
838 1297 888 1331 ut
910 1288 1107 1332 omnium
1132 1287 1349 1332 donorum
1372 1287 1448 1330 Dei
1465 1302 1553 1330 non
1576 1286 1763 1330 attribu-

374 1357 450 1411 tio,
467 1356 541 1400 sed
562 1357 789 1401 retributio
804 1358 944 1401 vocari
961 1358 1094 1416 possit
1108 1360 1126 1401 Ρ
1139 1374 1237 1418 quae
1251 1366 1560 1417 praecesserant
1574 1356 1762 1400 hominis

373 1428 454 1471 nisi
476 1437 649 1487 peccata
666 1430 683 1469 ⁵?
700 1429 919 1472 Retribuit
941 1444 1042 1486 ergo
1066 1432 1178 1472 Deus
1202 1429 1317 1472 bona
1334 1443 1412 1487 pro
1434 1427 1573 1482 malis,
1590 1427 1661 1471 cui
1681 1428 1762 1472 ho-

374 1498 509 1541 mines
527 1498 774 1542 retribuunt
795 1497 909 1542 mala
932 1514 1010 1557 pro
1028 1498 1288 1542 b011is.Haec
1307 1498 1422 1541 enim
1446 1497 1758 1553 retribuerunt,

375 1569 450 1629 qui
468 1568 670 1613 dixerunt
693 1589 699 1613 2
730 1589 749 1611 «
767 1572 846 1613 Hic
868 1579 932 1613 est
948 1570 1110 1627 haere53
1131 1570 1290 1624 venite,
1318 1569 1564 1614 occidamus
1582 1584 1682 1612 eum
1696 1571 1757 1612 ⁵.»

433 1643 487 1684 V.
526 1640 608 1685 Sed
632 1641 788 1701 quaerit
808 1641 888 1684 iste
919 1641 1028 1701 quid
1056 1641 1268 1685 retribuat
1289 1642 1476 1685 Domino
1493 1676 1503 1696 ,
1530 1649 1572 1684 et
1589 1656 1678 1684 non
1694 1640 1762 1684 in-

374 1711 494 1755 venit
514 1746 523 1764 ,
545 1711 627 1754 nisi
649 1727 701 1754 ex
722 1712 780 1754 eis
801 1726 899 1770 quae
922 1711 1012 1769 ipse
1035 1711 1244 1755 Dominus
1267 1711 1482 1755 retribuit.
1513 1709 1758 1766 «Calicem,

377 1799 397 1822 >›
433 1781 576 1840 inquit
601 1817 612 1836 7
653 1780 849 1825 salutaris
903 1781 1107 1840 accipiam
1128 1816 1138 1835 ‚
1186 1789 1228 1824 et
1277 1796 1438 1824 nomen
1473 1780 1646 1824 Domini
1689 1781 1760 1823 in-

378 1869 398 1891 »
432 1851 642 1895 vocaboss.
673 1870 692 1891 n
716 1852 752 1894 Ο
775 1851 931 1905 homo,
966 1860 1144 1910 peccato
1172 1860 1249 1894 tuo
1279 1849 1464 1893 mendax
1487 1885 1497 1904 ‚
1527 1848 1644 1893 dono
1681 1850 1760 1893 Dei

374 1936 518 1972 verax,
536 1930 578 1964 et
593 1920 692 1971 ideo
708 1922 901 1980 jamnon
918 1921 1072 1977 homo3
1098 1921 1193 1980 quis
1212 1920 1289 1963 tibi
1309 1919 1430 1963 dedit
1443 1918 1620 1963 calicem
1641 1919 1759 1963 salu-

375 1992 476 2035 taris
496 2026 506 2045 ‚
532 2006 662 2051 quem
686 1991 918 2049 accipiens,
946 2000 987 2034 et
1005 1992 1208 2035 invocans
1231 2006 1391 2035 nomeu
1414 1990 1615 2044 Domini,
1642 1992 1762 2035 retri-

376 2062 483 2105 bues
514 2062 551 2104 ei
574 2077 652 2121 pro
675 2061 876 2105 omnibus
899 2077 998 2120 quae
1020 2062 1220 2105 retribuit
1241 2061 1350 2104 tibi?
1372 2061 1468 2120 quis
1485 2060 1565 2104 nisi
1587 2060 1661 2104 ille
1683 2061 1760 2120 qui

376 2131 433 2174 ait
451 2151 460 2175 :
481 2131 692 2174 «Potestis
708 2130 857 2174 bibere
870 2129 1063 2186 calicem,
1082 2146 1210 2190 quem
1229 2145 1308 2188 ego
1324 2130 1542 2173 bibiturus
1565 2145 1661 2173 sum
1675 2132 1689 2154 ⁷
1702 2132 1720 2174 Ρ
1735 2149 1755 2171 n

377 2202 478 2254 Quis
501 2201 580 2245 tibi
603 2200 723 2244 dedit
739 2200 896 2244 imitari
915 2201 1134 2260 {iussiones
1155 2216 1250 2244 suas
1268 2236 1278 2255 ,
1304 2200 1383 2244 nisi
1403 2200 1479 2260 qui
1495 2215 1574 2259 pro
1594 2209 1637 2243 te
1659 2215 1759 2259 pas-

375 2287 444 2315 sus
466 2281 529 2315 est
555 2270 704 2331 prior?
728 2270 919 2330 Ideoque
937 2273 980 2325 S,
1001 2290 1021 2313 κ
1048 2271 1238 2314 Pretiosa
1258 2270 1304 2313 in
1327 2278 1562 2329 conspectu
1583 2269 1759 2314 Domini

424 2397 433 2413 ¹
459 2399 478 2422 2
496 2393 567 2423 Cor.
587 2401 610 2430 1,
635 2401 714 2432 9.-
735 2397 747 2412 ²
766 2391 838 2432 Sap.
856 2401 889 2429 x,
915 2399 968 2421 21.
985 2407 1026 2411 —
1050 2387 1063 2412 3
1082 2389 1197 2421 Matth.
1212 2400 1246 2423 x.
1278 2401 1330 2431 19,
1345 2398 1398 2420 20.
1419 2406 1460 2411 -
1481 2387 1591 2420 4Psal.
1613 2399 1688 2427 cxv,
1705 2397 1755 2420 12.

378 2445 448 2469 —5
468 2447 579 2478 Mauh.
613 2457 679 2486 xxi,
709 2446 762 2477 38.
794 2463 835 2468 —-
862 2444 876 2467 6
901 2446 979 2477 psal.
1005 2457 1078 2486 cxv,
1102 2446 1151 2477 13.
1181 2463 1222 2467 —
1244 2453 1256 2478 7
1281 2446 1395 2477 Martii.
1416 2454 1545 2486 xx‚22.
1575 2462 1617 2466 —
1637 2443 1651 2466 8
1672 2447 1759 2476 1⁷1·ae-

378 2504 453 2535 terit
486 2503 675 2536 versiculum
710 2502 758 2544 [ΖΙ.
791 2504 880 2535 Vota
911 2514 983 2534 mec«
1015 2503 1161 2535 Domino
1194 2501 1334 2535 reddam
1368 2513 1484 2535 coram
1514 2501 1604 2534 omni
1628 2501 1757 2543 povulo

379 2560 463 2601 ejus,
