1848 3261
288 203 530 236 ENARRATm
561 208 608 236 ΙΝ
638 204 843 237 PsALMUM
872 206 1033 246 cxvm,
1068 204 1208 236 semro
1239 208 1282 236 v.
1383 197 1469 237 399

80 272 314 328 mundum,
339 282 383 317 et
399 289 478 333 per
498 283 724 333 peccatum
744 287 875 328 mors,
901 273 1018 316 etita
1038 271 1084 316 in
1102 288 1251 318 omnes
1267 273 1467 320 homines

80 345 343 404 pertransiit,
363 345 409 388 in
421 359 509 404 quo
533 359 682 390 omnes
699 352 989 405 peccaverunt
1005 345 1016 368 ¹
1034 344 1050 384 ⁶?
1067 343 1152 388 Sed
1175 344 1370 389 indebita
1391 345 1471 390 Dei

80 414 371 460 misericordia
393 425 569 461 sanatur
590 416 736 460 debita
762 423 908 459 nostra
930 413 1114 459 miseria.
1149 416 1258 459 Nam
1282 414 1360 458 iste
1393 415 1471 474 qui

79 484 296 545 loquitur,
318 494 361 530 et
382 486 488 531 dicit
509 505 518 531 ;
547 505 568 529 «
592 490 642 530 In
662 495 754 531 toto
782 484 912 530 corde
933 501 1032 530 meo
1048 485 1258 545 exquisivi
1280 493 1321 529 te
1341 503 1349 529 :
1379 503 1399 526 »
1427 495 1472 530 et

80 555 164 600 hoc
181 556 299 600 unde
320 567 478 616 posset,
495 557 574 600 nisi
597 572 698 600 eum
714 571 912 600 aversum
936 555 991 600 ad
1013 572 1056 600 se
1073 557 1162 616 ipse
1179 564 1468 610 converteret,

80 627 151 670 cui
173 627 333 671 dicitur
357 647 365 672 :
394 647 414 670 «
444 631 558 672 Deus
580 636 630 672 tu
659 637 915 673 convertens
944 627 1182 673 vivificabis
1215 630 1355 672 nos²2
1383 635 1472 671 »et

79 695 152 740 ille
180 697 401 756 perditum
433 707 672 758 quaereret,
709 707 752 742 et
786 707 1001 742 errantem
1024 697 1096 742 ille
1123 706 1368 753 revocaret,
1393 696 1471 758 qui

79 765 185 812 dicit
211 786 219 812 :
240 786 260 809 «
281 768 407 821 Quod
428 769 615 828 perierat
637 769 878 829 requiram,
905 778 949 813 et
969 768 1090 829 quod
1112 778 1326 814 erraverat
1343 784 1471 814 revo-

82 853 103 877 »
139 837 272 881 cabo3
291 838 308 878 ⁴?
330 855 351 878 »

138 909 213 951 IV.
235 905 344 950 Inde
362 915 425 951 est
443 906 563 967 quod
582 915 625 952 et
641 908 818 966 corrigit
837 908 953 952 viam
974 923 1096 952 suam
1117 908 1163 952 in
1184 908 1471 954 custodiendo

77 978 211 1022 verba
232 978 336 1033 Dei,
364 977 439 1022 illo
461 987 663 1037 regente,
687 977 764 1023 illo
785 977 971 1023 faciente
989 1001 1000 1037 3
1024 995 1169 1040 neque
1191 980 1305 1023 enim
1329 996 1405 1038 per
1427 995 1472 1024 se

78 1047 168 1107 ipse
190 1056 359 1106 posset,
399 1063 502 1091 cum
535 1049 742 1092 Jeremias
776 1049 989 1108 propheta
1013 1048 1226 1104 fateatur,
1253 1058 1296 1093 et
1317 1048 1434 1093 dicat
1458 1070 1469 1092 :

83 1138 102 1161 «
140 1119 262 1174 Scio,
288 1119 472 1163 Domine
487 1154 498 1174 ,
524 1120 734 1179 quoniam
756 1136 846 1164 non
868 1129 932 1164 est
953 1121 1141 1165 hominis
1163 1120 1232 1165 via
1260 1121 1366 1180 ejus,
1390 1136 1472 1164 ne-

82 1209 101 1232 »
137 1206 222 1250 que
243 1191 309 1235 vir
323 1191 403 1234 ibit
424 1200 467 1235 et
480 1191 667 1249 corriget
686 1191 801 1236 viam
823 1207 944 1236 suam
964 1193 1025 1236 4.»
1045 1196 1083 1237 A
1098 1192 1284 1237 Domino
1307 1192 1471 1252 quippe

76 1261 160 1305 hoc
181 1261 312 1305 etiarn
339 1261 418 1304 iste
445 1261 641 1320 superius
679 1262 843 1320 optavit
864 1297 875 1318 ,
898 1262 975 1305 ubi
998 1263 1056 1307 ait
1078 1282 1086 1307 ε
1117 1282 1136 1305 «
1159 1262 1335 1306 Utinam
1362 1262 1470 1306 diri-

83 1352 100 1374 »
136 1340 292 1389 gantur
312 1331 394 1376 viae
415 1347 524 1375 meae
550 1351 559 1376 :
583 1350 602 1373 »
625 1341 668 1375 et
683 1332 755 1376 hic
774 1333 849 1376 ubi
873 1332 1044 1376 addidit
1069 1352 1078 1377 ε
1104 1352 1124 1375 «
1151 1336 1203 1377 In
1224 1333 1355 1378 corde
1372 1349 1471 1379 meo

81 1419 101 1442 »
137 1401 346 1446 abscondi
370 1400 543 1461 eloquia
562 1411 659 1456 tua,
684 1411 736 1445 ut
757 1417 847 1446 non
867 1418 1043 1461 peccem
1062 1402 1144 1447 tibi
1159 1404 1173 1429 ⁵
1193 1422 1237 1461 ς»
1260 1402 1472 1448 continuo

79 1472 276 1517 divinum
298 1472 498 1533 quaesivit
521 1472 751 1528 auxilium,
776 1489 832 1516 ne
853 1473 899 1517 in
929 1474 1060 1518 corde
1088 1475 1179 1534 ejus
1202 1474 1279 1518 Dei
1300 1474 1474 1534 eloquia

79 1543 170 1587 sine
193 1543 340 1587 fructu
358 1542 758 1598 absconderentur,
779 1543 858 1586 nisi
883 1559 1013 1602 opera
1031 1545 1211 1604 justitiae
1233 1560 1472 1604 sequeren-

79 1623 166 1658 tur.
188 1617 303 1660 Cum
314 1614 431 1658 enim
445 1614 528 1658 hoc
549 1613 738 1669 dixisset,
756 1614 976 1674 adjunxit:
995 1615 1292 1659 «Benedictus
1305 1631 1365 1671 es,
1381 1619 1472 1660 Do—

82 1703 102 1726 »
138 1685 254 1728 mine
272 1705 283 1741 3
305 1684 412 1728 doce
431 1698 501 1727 me
518 1684 848 1744 justificationes
871 1687 1009 1728 tuasss.
1030 1688 1180 1729 Doce»
1198 1685 1331 1741 dixit,
1357 1701 1473 1745 quo-

80 1754 211 1799 modo
240 1770 309 1798 eas
337 1753 536 1809 discunt,
571 1754 647 1813 qui
680 1753 873 1809 faciunt,
903 1770 993 1798 non
1015 1753 1238 1814 quomodo
1262 1755 1306 1798 hi
1328 1755 1403 1815 qui
1423 1765 1474 1800 ut

79 1826 272 1870 habeant
294 1824 414 1885 quod
430 1824 685 1883 loquantur,
704 1824 1012 1868 tantummodo
1034 1826 1343 1869 meminerunt.
1360 1828 1472 1870 Nam

80 1896 232 1956 utique
249 1897 339 1955 jam
361 1894 550 1938 dixerat:
571 1913 590 1936 «
609 1897 661 1938 In
682 1894 813 1939 corde
836 1910 932 1939 meo
955 1895 1163 1940 abscondi
1185 1895 1356 1956 eloquia
1378 1906 1469 1952 tua,

83 1984 103 2008 n
139 1975 189 2010 ut
209 1981 300 2010 non
321 1980 498 2025 peccem
521 1964 616 2009 tibi.
636 1983 656 2006 )›
678 1964 792 2018 Quid
820 1980 921 2023 ergo
950 1965 1095 2010 adhuc
1129 1981 1178 2010 ea
1205 1967 1361 2026 quaerit
1383 1966 1472 2011 dis-

79 2053 191 2092 cere,
210 2053 309 2098 quae
332 2035 584 2081 abscondita
601 2037 691 2096 jam
715 2036 904 2080 custodit
921 2036 967 2080 in
990 2036 1150 2081 corde?
1174 2038 1300 2090 Quod
1318 2038 1472 2098 utique

79 2123 169 2152 non
190 2107 389 2162 fecisset,
415 2106 498 2150 nisi
519 2122 568 2150 ea
600 2105 833 2151 didicisset.
868 2106 1036 2167 thuid
1062 2122 1163 2165 ergo
1188 2107 1307 2152 addit
1330 2117 1373 2152 et
1405 2108 1473 2152 di-

79 2178 163 2222 cit:
195 2196 216 2220 «·
247 2181 363 2222 Doce
391 2192 462 2220 me
493 2176 821 2236 justificationes
846 2186 965 2233 tuas,
990 2196 1010 2218 »
1036 2177 1118 2221 nisi
1150 2178 1250 2238 quia
1275 2193 1344 2222 eas
1374 2178 1472 2223 vult

79 2248 279 2293 faciendo
301 2248 466 2292 discere
485 2283 496 2304 ,
529 2263 618 2292 non
639 2246 862 2308 loquendo
884 2247 955 2293 vel
977 2248 1185 2293 memoria
1208 2248 1472 2293 retinendo?

82 2320 299 2373 Quoniam
323 2335 450 2378 ergo,
475 2319 586 2364 sicut
607 2319 654 2363 in
686 2319 769 2363 alio
792 2319 962 2364 Psalmo
985 2319 1146 2379 legitur
1173 2340 1181 2366 :
1211 2340 1230 2363 «
1255 2319 1471 2364 Benedic-

83 2407 104 2431 »
140 2390 305 2434 tionem
337 2388 459 2433 dabit
491 2383 568 2448 q'ui
585 2388 729 2448 legem
751 2387 872 2433 dedit
888 2390 904 2415 ⁷
928 2408 938 2435 :
966 2407 986 2432 »
1012 2389 1132 2446 ideo,
1161 2408 1182 2432 «
1209 2388 1469 2434 Benedictus

131 2491 140 2508 ¹
161 2488 252 2518 Rom.
274 2495 307 2525 v,
329 2492 380 2516 12.
403 2501 443 2506 —
465 2491 478 2507 ²
497 2484 579 2517 Psal.
599 2495 739 2527 Lxxnv,
756 2495 786 2526 7.
808 2501 850 2508 —
873 2482 887 2508 3
901 2485 1018 2518 Ezeeh.
1038 2497 1148 2527 xxxw,
1175 2485 1227 2518 16.
1248 2502 1291 2509 —
1306 2483 1324 2516 4
1345 2486 1467 2519 Jerem.

83 2551 117 2583 x,
132 2541 186 2574 23.
203 2557 244 2565 —
263 2538 279 2564 5
297 2539 377 2573 Psal.
395 2551 505 2583 cxvm,
528 2551 578 2575 11.
601 2557 643 2565 -
657 2539 672 2564 6
689 2540 772 2574 Ibid.
795 2550 846 2575 12.
869 2558 911 2565 —
929 2549 944 2576 7
963 2542 1010 2575 Id.
1030 2552 1162 2583 Lxxxm,
1177 2541 1208 2576 8.
