1848 3261
431 241 672 271 ENARRATIO
703 244 748 270 ΙΝ
780 241 982 270 PSALMUM
1022 245 1087 270 cv.
1358 233 1437 270 211

60 309 235 355 videtur
253 323 366 363 esse,
386 308 442 352 ad
458 309 589 352 finem
611 309 839 368 superioris
859 308 1091 368 pertinere.
1115 308 1199 352 Sed
1219 323 1313 363 nos,
1335 324 1440 369 quo·
1475 341 1479 342 ν

59 396 199 440 usque
227 379 352 424 nobis
387 378 605 439 aliquibus
632 380 756 424 certis
788 379 1061 423 documentis
1091 377 1138 422 id
1169 393 1321 423 verum
1350 394 1441 424 esse

60 449 349 510 persuadeant
363 485 374 505 ,
411 449 652 494 multorum
688 449 1047 494 consuetudinem
1082 449 1304 509 sequimur
1320 484 1331 504 ‚
1367 450 1444 509 qui

60 521 329 581 ubicumque
359 520 513 579 legunt
545 519 729 564 Alleluia
747 555 757 574 ‚
795 519 934 563 eidem
958 519 1129 563 Psalmo
1163 519 1439 576 attribuunt,

57 591 106 635 in
136 591 258 651 cujus
283 592 367 635 hoc
402 591 542 649 capite
567 589 810 633 inveniunt.
846 589 1095 633 Paucissimi
1126 589 1242 633 enim
1271 590 1441 634 codices

62 670 164 706 sunt
178 696 189 716 ‚
212 659 353 720 (quod
374 659 551 721 quidem
572 659 617 703 in
633 659 757 704 nullo
777 675 1017 719 graecorum
1034 661 1200 720 reperi,
1227 675 1336 721 quos
1356 661 1445 704 ins-

61 732 205 792 picere
225 731 348 791 potui
364 733 407 788 ‚)
434 732 509 790 qui
534 731 724 774 habeant
751 730 937 774 Alleluia
961 731 1008 774 in
1033 731 1120 775 fine
1143 732 1365 775 centesimi
1402 740 1445 775 et

61 801 407 862 quinquagesimi
429 800 581 844 Psalmi
611 820 620 844 :
640 809 737 859 post
754 816 884 861 quem
904 802 995 861 jam
1017 800 1164 845 nullus
1179 811 1240 845 est
1257 837 1268 856 7
1296 802 1372 862 qui
1391 801 1446 845 ad

62 872 266 917 eumdem
283 887 493 916 canonem
515 872 717 930 pertinet.
736 871 821 916 Sed
838 887 980 932 neque
994 872 1078 916 hoc
1093 882 1235 932 posset
1257 873 1449 931 praescri-

62 942 167 987 bere
196 941 522 994 consuetudini,
555 942 719 985 etiamsi
753 956 902 985 omnes
940 941 1107 986 codices
1135 942 1180 986 id
1217 943 1443 987 haberent.

63 1013 177 1057 Fieri
193 1012 308 1056 enim
331 1012 474 1074 potuit
488 1046 498 1064 ‚
524 1020 572 1054 ut
594 1011 739 1071 aliqua
762 1012 928 1056 ratione
948 1011 1207 1056 laudationis
1231 1013 1307 1057 Dei
1329 1023 1447 1057 totus

65 1082 333 1127 Psalmorum
354 1081 466 1125 liber
481 1116 493 1134 ,
513 1081 589 1140 qui
610 1081 731 1124 libris
753 1081 948 1140 quinque
965 1091 1161 1126 constare
1177 1083 1446 1142 perhibetur,

62 1155 196 1211 (nam
218 1153 294 1196 ubi
322 1153 527 1211 scriptum
548 1160 637 1204 est,
664 1170 680 1187 «
710 1151 827 1205 Fiat,
854 1152 952 1206 fiat,
984 1172 1001 1193 ι)
1027 1152 1084 1195 ibi
1106 1153 1214 1196 fines
1237 1153 1450 1199 librorum

64 1238 153 1266 esse
174 1222 326 1266 dicunt
344 1226 384 1277 ‚)
407 1230 503 1280 post
528 1220 671 1264 omnia
695 1237 794 1280 quae
816 1231 986 1265 cantata
1008 1231 1133 1278 sunt,
1159 1223 1314 1269 ultimo
1332 1224 1451 1269 Alle—

64 1292 153 1336 luia
172 1291 478 1337 clauderetur:
512 1307 592 1335 nec
624 1301 803 1350 propter
835 1293 967 1335 finem
1001 1294 1224 1338 centesimi
1260 1305 1303 1339 et
1322 1297 1452 1356 quin-

64 1363 303 1423 quagesimi
324 1361 483 1406 Psalmi
502 1377 673 1405 necesse
695 1377 783 1405 esse
804 1362 929 1406 video
945 1397 956 1417 ‚
984 1372 1034 1406 ut
1056 1379 1205 1408 omnes
1240 1365 1453 1411 Alleluia-

65 1432 141 1477 tici
177 1432 336 1477 Psalmi
365 1433 412 1476 in
432 1432 520 1475 fine
543 1431 733 1476 habeant
750 1432 952 1476 Alleluia.
973 1434 1086 1477 Cum
1113 1450 1216 1478 vero
1246 1435 1293 1479 in
1312 1438 1452 1496 capite

66 1503 226 1548 Psalmi
258 1503 502 1561 geminatur
529 1501 714 1546 Alleluia
733 1537 744 1556 ‚
785 1518 862 1546 cur
895 1503 1103 1548 Dominus
1125 1505 1361 1565 aliquando
1383 1524 1451 1552 se-

65 1574 184 1629 mel,
215 1572 451 1633 aliquando
484 1572 549 1615 bis
570 1571 673 1616 dicit
696 1575 836 1615 Amen
856 1607 867 1627 ‚
899 1582 948 1616 etv
969 1589 1020 1617 eo
1048 1574 1180 1619 modo
1208 1592 1298 1621 non
1321 1580 1453 1637 possit

67 1643 304 1705 aliquando
333 1641 489 1697 semel,
525 1641 760 1701 aliquando
792 1643 857 1686 bis
894 1642 1079 1687 Alleluia
1116 1645 1201 1690 dici
1217 1682 1228 1701 ,
1264 1649 1408 1692 nescio
1439 1668 1448 1693 :

67 1715 305 1775 praesertim
327 1713 431 1774 quia
459 1721 556 1772 post
579 1713 747 1756 numeri
770 1722 916 1757 notam
935 1749 946 1768 ‚
970 1730 1058 1774 quo
1081 1716 1276 1761 Psalmus
1298 1719 1452 1764 inscri-

67 1785 187 1829 bitur
213 1793 374 1845 quotus
403 1783 482 1838 sit,
509 1783 645 1827 veluti
665 1784 745 1827 iste
773 1785 1227 1846 centesimus-quintus
1243 1824 1254 1844 ‚
1279 1799 1453 1835 utrum-

69 1871 156 1915 que
175 1855 361 1900 Alleluia
390 1854 582 1914 positum
603 1864 682 1898 est.
709 1855 869 1899 Debuit
891 1864 1037 1899 autem
1060 1873 1198 1902 unum
1226 1861 1330 1919 poni
1352 1873 1453 1907 ante

68 1926 210 1986 ipsum
233 1940 465 1970 numerum
481 1959 492 1980 ,
513 1924 549 1968 si
570 1923 624 1967 ad
648 1925 780 1968 finem
805 1926 993 1984 pertinet
1013 1929 1245 1987 superioris
1265 1950 1274 1975 ε
1293 1941 1336 1976 et
1356 1943 1453 1992 post

69 2012 304 2041 numerum
324 1995 482 2040 Psalmi
509 1995 638 2039 scribi
659 1995 843 2039 alterum
871 1996 1057 2042 Alleluia
1074 2034 1084 2054 ‚
1110 2001 1231 2060 quod
1253 2003 1309 2047 ad
1331 2006 1452 2050 Psal-

70 2084 192 2112 mum
211 2069 343 2128 ipsius
364 2067 533 2111 numeri
554 2067 754 2126 pertinet.
783 2066 866 2111 Sed
887 2067 1067 2114 fortasse
1087 2079 1131 2115 et
1150 2072 1196 2115 in
1213 2073 1296 2119 hoc
1316 2075 1456 2136 impe—

71 2139 152 2183 rita
171 2137 398 2198 praevaluit
419 2137 689 2182 consuetudo
709 2173 720 2192 ,
745 2147 788 2181 et
806 2137 970 2198 aliquid
991 2141 1136 2185 afferri
1157 2152 1312 2202 potest,
1331 2149 1452 2206 quod

72 2210 216 2255 adhuc
245 2210 495 2269 ignoramus
512 2245 522 2264 ,
550 2208 668 2252 unde
695 2225 773 2253 nos
797 2210 931 2268 magis
953 2210 1109 2257 docere
1143 2213 1302 2261 debeat
1333 2219 1454 2278 judi-

71 2282 189 2326 cium
209 2279 426 2334 veritatis,
460 2295 591 2339 quam
621 2279 925 2339 praejudicium
960 2286 1301 2331 consuetudinis.
1327 2291 1454 2336 Nunc

72 2360 219 2397 tamen
248 2359 482 2410 antequam
513 2351 594 2394 boc
611 2350 903 2409 perdiscamus
923 2386 933 2405 ‚
960 2352 1228 2415 ubicumque
1256 2368 1353 2416 post
1369 2376 1455 2405 nu-

71 2437 241 2466 merum
264 2421 448 2476 Psalmi,
482 2422 569 2464 sive
587 2420 743 2474 semel,
770 2420 856 2464 sive
884 2421 948 2465 his
969 2425 1261 2485 conscriptum
1284 2429 1454 2475 inveni-

71 2508 169 2537 mus
190 2492 375 2537 Alleluia
391 2527 402 2545 ,
428 2490 670 2535 secundum
692 2491 1014 2537 celeberrimam
1038 2495 1240 2541 Ecclesiae
1270 2514 1454 2547 consue-

74 2563 272 2607 tudinem
288 2597 300 2617 ,
329 2562 369 2606 ei
401 2560 570 2605 Psalmo
592 2561 822 2605 tribuimus
837 2596 848 2617 ,
872 2564 947 2622 qui
965 2564 1119 2609 eodem
1140 2582 1322 2616 numero
1339 2587 1453 2631 prae-

1207 2639 1270 2679 14.
