1848 3261
376 188 457 225 258
800 201 832 226 s.
873 197 1101 227 Auouszrmi
1136 199 1274 226 musco
1282 199 1320 225 ΡΙ

358 271 422 306 est
443 261 565 321 quod
593 264 952 319 commemoravi,
977 283 997 306 «
1019 264 1146 307 Fiant
1166 263 1256 306 dies
1284 263 1374 322 ejus
1396 262 1524 321 pauci
1543 296 1554 316 ,
1575 270 1620 305 et
1636 261 1751 319 epis—

361 350 381 373 »
416 342 623 391 copatum
657 334 748 393 ejus
775 334 958 393 accipiat
993 333 1117 378 alter.
1149 351 1169 373 »
1207 331 1338 385 Quod
1372 331 1599 391 apparebit
1628 330 1753 390 adju-

356 411 484 446 vante
503 403 710 459 Domino,
733 419 834 448 cum
856 402 912 448 ad
935 419 1006 448 eos
1037 418 1184 448 versus
1206 402 1417 447 tractandi
1441 401 1594 447 ordine
1616 416 1751 445 vene-

370 472 520 517 rimus.

413 547 469 588 11.
496 544 653 603 Incipit
674 559 776 602 ergo
798 544 858 586 ita
888 542 1081 588 Psalmus
1103 563 1111 588 ε
1143 563 1161 585 α
1191 546 1303 587 Deus
1325 541 1501 586 laudem
1527 557 1670 585 meam
1689 556 1743 585 ne

356 632 376 655 »
412 615 593 659 tacueris
612 635 623 670 3
641 614 742 673 quia
764 629 810 657 os
834 614 1070 673 peccatoris
1093 623 1136 657 et
1157 630 1203 658 os
1225 612 1365 658 dolosi
1383 627 1514 671 super
1538 627 1608 655 me
1632 626 1754 670 aper-

355 703 376 726 »
411 693 506 728 tum
534 687 641 728 est¹.
672 703 690 724 »
719 683 842 727 Unde
870 693 1051 743 apparet
1082 693 1126 728 et
1159 683 1315 728 falsam
1344 698 1435 727 esse
1466 682 1756 741 vituperatio-

352 770 453 798 nem
473 790 483 808 ,
510 770 643 815 quam
666 770 754 799 non
779 764 891 798 tacet
916 763 1116 813 peccator
1139 763 1182 798 et
1205 753 1408 811 dolosus3
1433 764 1476 798 et
1494 768 1641 798 veram
1665 768 1754 797 esse

352 824 551 879 laudem,
578 839 711 885 quam
735 840 825 868 non
844 833 958 869 tacet
977 831 1099 868 Deus.
1126 843 1146 866 «
1170 828 1285 868 Deus
1313 825 1431 868 enim
1448 839 1593 878 verax,
1613 823 1752 867 omnis

364 914 385 938 »
421 905 568 940 autem
594 896 727 941 homo
760 895 977 940 mendax‘2
1007 915 1016 940 :
1051 914 1071 936 »
1097 896 1199 956 quia
1227 912 1316 940 non
1353 906 1416 940 est
1449 897 1581 939 homo
1602 910 1751 950 verax,

358 967 439 1011 nisi
458 968 501 1010 in
525 982 613 1027 quo
636 966 836 1027 loquitur
856 970 985 1011 Deus.
1013 970 1125 1010 Laus
1150 977 1294 1011 autem
1314 967 1497 1010 maxima
1519 975 1582 1010 est
1603 967 1756 1024 unige-

356 1038 437 1082 niti
471 1037 566 1081 Filii
600 1038 702 1093 Dei,
740 1054 825 1097 qua
849 1039 931 1082 hoc
953 1038 1096 1097 ipsum
1118 1037 1245 1098 quod
1277 1047 1370 1092 est,
1396 1038 1646 1096 unigenitus
1678 1036 1755 1080 Dei

355 1107 490 1151 Filius
512 1107 789 1166 praedicatur.
818 1111 910 1152 Hoc
946 1116 1093 1151 autem
1115 1124 1203 1152 non
1227 1107 1488 1167 apparebat,
1515 1105 1590 1150 sed
1610 1122 1746 1166 appa-

354 1187 476 1221 rente
499 1177 748 1221 infirmitate
770 1179 859 1237 ejus
880 1177 1064 1232 latebat,
1093 1192 1194 1222 cum
1216 1193 1261 1222 os
1283 1177 1520 1237 peccatoris
1538 1186 1581 1220 et
1598 1192 1644 1221 os
1662 1175 1744 1221 do-

353 1248 432 1293 losi
456 1264 584 1308 super
613 1264 714 1292 eum
745 1259 943 1308 apertum
969 1258 1032 1293 est
1058 1269 1066 1293 :
1105 1258 1147 1292 et
1169 1248 1267 1293 ideo
1294 1248 1403 1292 illud
1426 1258 1626 1308 apertum
1649 1257 1714 1292 est
1731 1283 1742 1303 ,

355 1319 457 1379 quia
479 1327 628 1378 operta
650 1319 786 1362 virtus
813 1319 942 1378 hujus
972 1317 1067 1362 suit.
1104 1317 1207 1362 Ideo
1231 1328 1377 1362 autem
1399 1318 1505 1375 dicit
1527 1337 1536 1362 ε
1566 1337 1586 1360 «
1607 1321 1745 1377 Aper-

360 1408 380 1431 »
417 1398 510 1433 tum
532 1397 595 1432 est
616 1403 662 1432 os
685 1387 843 1441 dolosi,
873 1406 892 1428 »
919 1388 1020 1448 quia
1043 1386 1194 1432 odium
1226 1387 1346 1448 quod
1365 1387 1468 1432 dolo
1488 1388 1720 1446 tegebatur
1737 1423 1749 1443 ‚

358 1460 500 1518 erupit
523 1459 567 1502 in
587 1472 753 1502 vocem.
796 1460 887 1502 Hoc
926 1458 1056 1502 etiam
1089 1458 1134 1502 in
1167 1458 1536 1518 consequentibus
1557 1459 1752 1504 versibus

368 1530 540 1590 planius
558 1528 733 1572 dicitur.

418 1604 499 1644 ΙΙΙ.
530 1619 550 1642 «
576 1599 731 1644 Locuti
753 1608 854 1643 sunt
874 1600 1103 1643 adversum
1125 1615 1194 1643 me
1211 1599 1362 1659 lingua
1379 1599 1529 1644 dolosa
1547 1601 1561 1626 ³
1583 1618 1626 1644 z»
1644 1609 1751 1645 tunc

361 1672 514 1731 utique
537 1669 713 1731 quando
740 1685 840 1714 eum
860 1680 1069 1730 tanquam
1092 1671 1346 1729 magistrum
1368 1671 1536 1715 bonum
1558 1671 1751 1730 captiosa

360 1741 610 1786 adulatione
638 1739 891 1785 laudabant.
926 1739 1051 1784 Unde
1085 1739 1187 1784 alibi
1211 1739 1370 1785 dicitur
1396 1761 1404 1786 ε
1432 1761 1452 1784 «
1478 1745 1534 1785 Et
1562 1742 1638 1802 qui
1655 1741 1751 1786 lau-

366 1830 386 1853 »
421 1811 586 1855 dabant
608 1825 698 1865 me,
725 1809 926 1854 adversus
948 1825 1016 1853 me
1034 1810 1243 1870 jurabant
1258 1812 1288 1854 4.
1304 1830 1323 1852 »
1339 1810 1502 1855 Deinde
1524 1812 1628 1871 quia
1650 1828 1754 1856 eru-

360 1891 520 1941 perunt
543 1881 778 1925 clamantes
795 1916 805 1935 ‚
836 1901 854 1922 «
877 1881 1093 1939 Crucifige
1112 1916 1122 1935 ‚
1149 1881 1353 1938 crucifige
1368 1883 1382 1907 ⁵
1403 1900 1411 1925 :
1436 1900 1456 1922 »
1479 1892 1650 1926 secutus
1670 1882 1750 1927 ad-

354 1953 526 2012 junxit:
559 1971 578 1993 «
607 1955 659 1995 Et
693 1952 963 1995 sermonibus
997 1951 1085 1995 odii
1119 1951 1504 1997 circumdederunt
1533 1968 1617 1996 me.
1641 1971 1661 1994 »
1685 1952 1756 1997 Illi

361 2023 438 2082 qui
466 2023 615 2082 lingua
644 2021 792 2066 dolosa
812 2056 823 2075 ,
847 2022 970 2081 quasi
993 2037 1080 2065 non
1100 2020 1209 2075 odii,
1243 2021 1319 2065 sed
1351 2020 1596 2066 dilectionis
1622 2023 1755 2067 verba

361 2091 499 2136 locuti
518 2101 620 2135 sunt
645 2111 654 2135 ε
680 2090 779 2135 ideo
805 2109 825 2133 «
851 2090 1066 2135 Adversus
1089 2106 1157 2134 me
1174 2125 1185 2145 ,
1212 2109 1231 2131 »
1257 2091 1359 2151 quia
1390 2092 1474 2135 hoc
1510 2091 1752 2137 insidiando

360 2162 581 2206 faciebant
607 2181 615 2206 :
642 2172 790 2221 postea
812 2181 832 2204 ‹<
859 2162 1140 2206 sermonibus
1157 2196 1167 2216 ‚
1197 2180 1216 2203 »
1244 2164 1341 2207 Non
1363 2161 1484 2206 falsae
1512 2171 1556 2206 et
1589 2161 1754 2207 dolosae

362 2233 630 2289 dilectionis,
656 2234 731 2278 sed
753 2234 888 2293 aperti
915 2253 935 2276 «
966 2233 1065 2277 Odii
1087 2232 1469 2278 circumdederunt
1500 2249 1589 2288 me,
1615 2243 1659 2278 et
1676 2249 1751 2278 ex-

366 2322 386 2346 »
422 2313 727 2363 pugnaverunt
748 2320 817 2347 me
841 2305 983 2363 gratis.
1012 2322 1032 2345 »
1057 2304 1176 2348 Sicut
1193 2307 1341 2347 ‘autem
1371 2305 1427 2363 pii
1450 2304 1577 2362 gratis
1601 2313 1749 2348 amant

363 2374 601 2430 Christum,
617 2375 674 2418 sic
693 2373 813 2433 impii
836 2374 965 2433 gratis
983 2374 1170 2419 oderunt
1188 2391 1196 2415 :
1213 2375 1315 2434 quia
1329 2374 1442 2419 sicut
1456 2374 1613 2419 veritas
1628 2374 1751 2419 nullo

413 2477 421 2493 ¹
450 2470 528 2502 Psal.
549 2482 636 2511 cvm,
658 2479 690 2503 2.
718 2486 758 2493 —·
791 2477 804 2492 ¹
824 2472 916 2503 Rom.
940 2481 995 2511 lu,
1014 2470 1046 2512 4.
1068 2487 1108 2493 -
1134 2467 1147 2493 3
1166 2469 1244 2502 Psal.
1263 2480 1349 2512 cvm,
1369 2470 1399 2502 3.
1424 2486 1466 2494 -
1483 2468 1500 2495 4
1518 2470 1566 2503 ld.
1588 2480 1632 2512 ci,
1648 2481 1682 2513 9.
1705 2487 1747 2493 -

372 2523 387 2548 5
404 2526 497 2558 Joan.
511 2536 576 2564 xix,
601 2525 633 2557 6.
