<?xml version="1.0" encoding="UTF-8"?>
<!DOCTYPE html PUBLIC "-//W3C//DTD XHTML 1.0 Transitional//EN"
    "http://www.w3.org/TR/xhtml1/DTD/xhtml1-transitional.dtd">
<html xmlns="http://www.w3.org/1999/xhtml" xml:lang="en" lang="en">
 <head>
  <title>
</title>
<meta http-equiv="Content-Type" content="text/html;charset=utf-8" />
  <meta name='ocr-system' content='tesseract 3.04.00' />
  <meta name='ocr-capabilities' content='ocr_page ocr_carea ocr_par ocr_line ocrx_word'/>
</head>
<body>
  <div class='ocr_page' id='page_1' title='image "./operaomniaaccura11auguuoft_0450.png"; bbox 0 0 1848 3261; ppageno 0'>
   <div class='ocr_carea' id='block_1_1' title="bbox 385 240 1329 279">
    <p class='ocr_par' dir='ltr' id='par_1_1' title="bbox 385 240 1329 279">
     <span class='ocr_line' id='line_1_1' title="bbox 385 240 1329 279; baseline -0.004 0"><span class='ocrx_word' id='word_1_1' title='bbox 385 240 468 279; x_wconf 80' lang='lat'>438</span> <span class='ocrx_word' id='word_1_2' title='bbox 816 246 849 275; x_wconf 88' lang='lat' dir='ltr'>s.</span> <span class='ocrx_word' id='word_1_3' title='bbox 885 248 1116 276; x_wconf 60' lang='lat' dir='ltr'>Avensa-Im</span> <span class='ocrx_word' id='word_1_4' title='bbox 1147 249 1329 276; x_wconf 74' lang='lat' dir='ltr'>Emscom</span> 
     </span>
    </p>
   </div>
   <div class='ocr_carea' id='block_1_2' title="bbox 325 311 1771 1286">
    <p class='ocr_par' dir='ltr' id='par_1_2' title="bbox 325 311 1771 1286">
     <span class='ocr_line' id='line_1_2' title="bbox 384 311 1769 373; baseline -0.001 -15"><span class='ocrx_word' id='word_1_5' title='bbox 384 334 405 358; x_wconf 74' lang='lat' dir='ltr'>n</span> <span class='ocrx_word' id='word_1_6' title='bbox 442 311 589 373; x_wconf 86' lang='lat' dir='ltr'>inquit</span> <span class='ocrx_word' id='word_1_7' title='bbox 604 347 615 368; x_wconf 89' lang='lat'><strong>‚</strong></span> <span class='ocrx_word' id='word_1_8' title='bbox 646 311 875 371; x_wconf 90' lang='lat' dir='ltr'>concupivi</span> <span class='ocrx_word' id='word_1_9' title='bbox 898 313 1101 356; x_wconf 82' lang='lat' dir='ltr'>mandata</span> <span class='ocrx_word' id='word_1_10' title='bbox 1133 321 1208 356; x_wconf 85' lang='lat' dir='ltr'>tua</span> <span class='ocrx_word' id='word_1_11' title='bbox 1229 332 1241 368; x_wconf 99' lang='lat'>3</span> <span class='ocrx_word' id='word_1_12' title='bbox 1264 313 1310 356; x_wconf 90' lang='lat' dir='ltr'>in</span> <span class='ocrx_word' id='word_1_13' title='bbox 1326 322 1400 357; x_wconf 84' lang='lat' dir='ltr'>tua</span> <span class='ocrx_word' id='word_1_14' title='bbox 1412 314 1579 373; x_wconf 84' lang='lat' dir='ltr'>justitia</span> <span class='ocrx_word' id='word_1_15' title='bbox 1598 312 1769 358; x_wconf 86' lang='lat' dir='ltr'>vivifica</span> 
     </span>
     <span class='ocr_line' id='line_1_3' title="bbox 384 382 1769 441; baseline 0 -14"><span class='ocrx_word' id='word_1_16' title='bbox 384 404 405 427; x_wconf 84' lang='grc'>»</span> <span class='ocrx_word' id='word_1_17' title='bbox 439 386 545 428; x_wconf 88' lang='lat' dir='ltr'>me¹.</span> <span class='ocrx_word' id='word_1_18' title='bbox 566 401 586 424; x_wconf 86' lang='lat'>»</span> <span class='ocrx_word' id='word_1_19' title='bbox 610 385 720 427; x_wconf 90' lang='lat' dir='ltr'>Ecce</span> <span class='ocrx_word' id='word_1_20' title='bbox 740 382 969 441; x_wconf 88' lang='lat' dir='ltr'>concupivi</span> <span class='ocrx_word' id='word_1_21' title='bbox 986 398 1037 426; x_wconf 80' lang='lat' dir='ltr'>ex</span> <span class='ocrx_word' id='word_1_22' title='bbox 1053 391 1145 426; x_wconf 84' lang='lat' dir='ltr'>toto</span> <span class='ocrx_word' id='word_1_23' title='bbox 1168 382 1319 438; x_wconf 82' lang='lat' dir='ltr'>corde,</span> <span class='ocrx_word' id='word_1_24' title='bbox 1345 400 1396 427; x_wconf 83' lang='lat' dir='ltr'>ex</span> <span class='ocrx_word' id='word_1_25' title='bbox 1415 394 1506 429; x_wconf 82' lang='lat' dir='ltr'>tota</span> <span class='ocrx_word' id='word_1_26' title='bbox 1534 384 1697 438; x_wconf 90' lang='lat' dir='ltr'>anima,</span> <span class='ocrx_word' id='word_1_27' title='bbox 1718 399 1769 427; x_wconf 83' lang='lat' dir='ltr'>ex</span> 
     </span>
     <span class='ocr_line' id='line_1_4' title="bbox 379 452 1765 511; baseline -0.001 -11"><span class='ocrx_word' id='word_1_28' title='bbox 379 464 470 500; x_wconf 76' lang='lat' dir='ltr'>tota</span> <span class='ocrx_word' id='word_1_29' title='bbox 487 461 633 498; x_wconf 81' lang='lat' dir='ltr'>mente</span> <span class='ocrx_word' id='word_1_30' title='bbox 652 452 831 510; x_wconf 81' lang='lat' dir='ltr'>diligere</span> <span class='ocrx_word' id='word_1_31' title='bbox 845 460 904 505; x_wconf 83' lang='lat' dir='ltr'>te,</span> <span class='ocrx_word' id='word_1_32' title='bbox 926 461 969 495; x_wconf 88' lang='grc' dir='ltr'>θῖ</span> <span class='ocrx_word' id='word_1_33' title='bbox 984 452 1230 511; x_wconf 82' lang='lat' dir='ltr'>proximum</span> <span class='ocrx_word' id='word_1_34' title='bbox 1243 453 1354 496; x_wconf 82' lang='lat' dir='ltr'>sicut</span> <span class='ocrx_word' id='word_1_35' title='bbox 1369 469 1437 497; x_wconf 90' lang='lat' dir='ltr'>me</span> <span class='ocrx_word' id='word_1_36' title='bbox 1458 473 1468 498; x_wconf 80' lang='lat' dir='ltr'>z</span> <span class='ocrx_word' id='word_1_37' title='bbox 1493 470 1582 498; x_wconf 92' lang='lat' dir='ltr'>non</span> <span class='ocrx_word' id='word_1_38' title='bbox 1594 455 1639 498; x_wconf 90' lang='lat' dir='ltr'>in</span> <span class='ocrx_word' id='word_1_39' title='bbox 1653 469 1765 508; x_wconf 85' lang='lat' dir='ltr'>mea,</span> 
     </span>
     <span class='ocr_line' id='line_1_5' title="bbox 379 522 1769 581; baseline -0.001 -12"><span class='ocrx_word' id='word_1_40' title='bbox 379 525 455 569; x_wconf 90' lang='lat' dir='ltr'>sed</span> <span class='ocrx_word' id='word_1_41' title='bbox 481 544 500 566; x_wconf 91' lang='lat'>«</span> <span class='ocrx_word' id='word_1_42' title='bbox 527 527 577 568; x_wconf 89' lang='lat' dir='ltr'>In</span> <span class='ocrx_word' id='word_1_43' title='bbox 596 532 671 567; x_wconf 85' lang='lat' dir='ltr'>tua</span> <span class='ocrx_word' id='word_1_44' title='bbox 687 522 853 581; x_wconf 80' lang='lat' dir='ltr'>justitia</span> <span class='ocrx_word' id='word_1_45' title='bbox 874 522 1043 566; x_wconf 84' lang='lat' dir='ltr'>vivifica</span> <span class='ocrx_word' id='word_1_46' title='bbox 1058 538 1150 576; x_wconf 85' lang='lat' dir='ltr'>me,</span> <span class='ocrx_word' id='word_1_47' title='bbox 1176 541 1196 564; x_wconf 86' lang='lat'>»</span> <span class='ocrx_word' id='word_1_48' title='bbox 1230 523 1315 566; x_wconf 91' lang='lat' dir='ltr'>hoc</span> <span class='ocrx_word' id='word_1_49' title='bbox 1337 532 1427 578; x_wconf 85' lang='grc' dir='ltr'>θεῖ,</span> <span class='ocrx_word' id='word_1_50' title='bbox 1451 523 1532 568; x_wconf 87' lang='lat' dir='ltr'>ista</span> <span class='ocrx_word' id='word_1_51' title='bbox 1560 525 1769 568; x_wconf 78' lang='lat' dir='ltr'>charitate</span> 
     </span>
     <span class='ocr_line' id='line_1_6' title="bbox 374 590 1770 656; baseline 0 -18"><span class='ocrx_word' id='word_1_52' title='bbox 374 610 504 656; x_wconf 86' lang='lat' dir='ltr'>quam</span> <span class='ocrx_word' id='word_1_53' title='bbox 528 592 778 650; x_wconf 76' lang='lat' dir='ltr'>concupivi,</span> <span class='ocrx_word' id='word_1_54' title='bbox 803 590 937 650; x_wconf 83' lang='lat' dir='ltr'>imple</span> <span class='ocrx_word' id='word_1_55' title='bbox 957 607 1042 634; x_wconf 91' lang='lat' dir='ltr'>me.</span> <span class='ocrx_word' id='word_1_56' title='bbox 1067 592 1237 652; x_wconf 84' lang='lat' dir='ltr'>Adjuva</span> <span class='ocrx_word' id='word_1_57' title='bbox 1261 601 1311 637; x_wconf 87' lang='lat' dir='ltr'>ut</span> <span class='ocrx_word' id='word_1_58' title='bbox 1333 591 1485 636; x_wconf 86' lang='lat' dir='ltr'>faciam</span> <span class='ocrx_word' id='word_1_59' title='bbox 1508 593 1628 653; x_wconf 92' lang='lat' dir='ltr'>quod</span> <span class='ocrx_word' id='word_1_60' title='bbox 1650 610 1770 638; x_wconf 85' lang='lat' dir='ltr'>com-</span> 
     </span>
     <span class='ocr_line' id='line_1_7' title="bbox 325 660 1769 722; baseline 0 -14"><span class='ocrx_word' id='word_1_61' title='bbox 325 671 328 676; x_wconf 77' lang='grc'>’</span> <span class='ocrx_word' id='word_1_62' title='bbox 376 663 576 715; x_wconf 78' lang='lat' dir='ltr'>mendas,</span> <span class='ocrx_word' id='word_1_63' title='bbox 604 662 718 705; x_wconf 92' lang='lat' dir='ltr'>dona</span> <span class='ocrx_word' id='word_1_64' title='bbox 741 661 832 719; x_wconf 87' lang='lat' dir='ltr'>ipse</span> <span class='ocrx_word' id='word_1_65' title='bbox 849 660 968 720; x_wconf 87' lang='lat' dir='ltr'>quod</span> <span class='ocrx_word' id='word_1_66' title='bbox 987 661 1180 705; x_wconf 84' lang='lat' dir='ltr'>mandas.</span> <span class='ocrx_word' id='word_1_67' title='bbox 1207 681 1227 704; x_wconf 92' lang='lat'>«</span> <span class='ocrx_word' id='word_1_68' title='bbox 1252 666 1301 706; x_wconf 87' lang='lat' dir='ltr'>ln</span> <span class='ocrx_word' id='word_1_69' title='bbox 1323 672 1396 706; x_wconf 86' lang='lat' dir='ltr'>tua</span> <span class='ocrx_word' id='word_1_70' title='bbox 1411 663 1577 722; x_wconf 74' lang='lat' dir='ltr'>justitia</span> <span class='ocrx_word' id='word_1_71' title='bbox 1598 664 1769 708; x_wconf 86' lang='lat' dir='ltr'>vivifica</span> 
     </span>
     <span class='ocr_line' id='line_1_8' title="bbox 378 731 1769 792; baseline 0.001 -17"><span class='ocrx_word' id='word_1_72' title='bbox 378 752 399 775; x_wconf 83' lang='lat'>»</span> <span class='ocrx_word' id='word_1_73' title='bbox 416 749 486 777; x_wconf 90' lang='lat' dir='ltr'>me</span> <span class='ocrx_word' id='word_1_74' title='bbox 503 753 511 777; x_wconf 92' lang='lat'>:</span> <span class='ocrx_word' id='word_1_75' title='bbox 528 751 547 773; x_wconf 89' lang='lat'>»</span> <span class='ocrx_word' id='word_1_76' title='bbox 559 732 661 792; x_wconf 88' lang='lat' dir='ltr'>quia</span> <span class='ocrx_word' id='word_1_77' title='bbox 680 732 722 776; x_wconf 89' lang='lat' dir='ltr'>in</span> <span class='ocrx_word' id='word_1_78' title='bbox 735 746 804 774; x_wconf 89' lang='lat' dir='ltr'>me</span> <span class='ocrx_word' id='word_1_79' title='bbox 817 731 935 775; x_wconf 91' lang='lat' dir='ltr'>unde</span> <span class='ocrx_word' id='word_1_80' title='bbox 952 746 1142 775; x_wconf 84' lang='lat' dir='ltr'>morerer</span> <span class='ocrx_word' id='word_1_81' title='bbox 1154 731 1307 787; x_wconf 85' lang='lat' dir='ltr'>habui⁷</span> <span class='ocrx_word' id='word_1_82' title='bbox 1326 734 1445 776; x_wconf 88' lang='lat' dir='ltr'>unde</span> <span class='ocrx_word' id='word_1_83' title='bbox 1468 742 1610 777; x_wconf 83' lang='lat' dir='ltr'>autem</span> <span class='ocrx_word' id='word_1_84' title='bbox 1626 733 1769 778; x_wconf 82' lang='lat' dir='ltr'>vivam</span> 
     </span>
     <span class='ocr_line' id='line_1_9' title="bbox 375 801 1770 863; baseline -0.001 -15"><span class='ocrx_word' id='word_1_85' title='bbox 375 819 466 848; x_wconf 88' lang='lat' dir='ltr'>non</span> <span class='ocrx_word' id='word_1_86' title='bbox 498 802 674 846; x_wconf 90' lang='lat' dir='ltr'>invenio</span> <span class='ocrx_word' id='word_1_87' title='bbox 707 801 787 845; x_wconf 92' lang='lat' dir='ltr'>nisi</span> <span class='ocrx_word' id='word_1_88' title='bbox 814 801 860 844; x_wconf 93' lang='lat' dir='ltr'>in</span> <span class='ocrx_word' id='word_1_89' title='bbox 894 810 950 845; x_wconf 87' lang='lat' dir='ltr'>te.</span> <span class='ocrx_word' id='word_1_90' title='bbox 985 820 1005 843; x_wconf 89' lang='lat'>«</span> <span class='ocrx_word' id='word_1_91' title='bbox 1036 802 1209 846; x_wconf 81' lang='lat' dir='ltr'>Justitia</span> <span class='ocrx_word' id='word_1_92' title='bbox 1242 811 1317 846; x_wconf 86' lang='lat' dir='ltr'>tua</span> <span class='ocrx_word' id='word_1_93' title='bbox 1347 803 1543 847; x_wconf 88' lang='lat' dir='ltr'>Christus</span> <span class='ocrx_word' id='word_1_94' title='bbox 1576 813 1665 858; x_wconf 80' lang='grc' dir='ltr'>θεῖ,</span> <span class='ocrx_word' id='word_1_95' title='bbox 1693 803 1770 863; x_wconf 88' lang='lat' dir='ltr'>qui</span> 
     </span>
     <span class='ocr_line' id='line_1_10' title="bbox 378 871 1771 932; baseline 0.001 -16"><span class='ocrx_word' id='word_1_96' title='bbox 378 891 401 916; x_wconf 61' lang='lat'>³)</span> <span class='ocrx_word' id='word_1_97' title='bbox 435 874 576 917; x_wconf 85' lang='lat' dir='ltr'>factus</span> <span class='ocrx_word' id='word_1_98' title='bbox 598 882 662 917; x_wconf 91' lang='grc' dir='ltr'>θεῖ</span> <span class='ocrx_word' id='word_1_99' title='bbox 681 872 808 916; x_wconf 90' lang='lat' dir='ltr'>nobis</span> <span class='ocrx_word' id='word_1_100' title='bbox 826 871 1033 931; x_wconf 83' lang='lat' dir='ltr'>sapientia</span> <span class='ocrx_word' id='word_1_101' title='bbox 1057 888 1079 916; x_wconf 84' lang='lat' dir='ltr'>a</span> <span class='ocrx_word' id='word_1_102' title='bbox 1102 875 1216 927; x_wconf 88' lang='lat' dir='ltr'>Deo,</span> <span class='ocrx_word' id='word_1_103' title='bbox 1242 881 1285 916; x_wconf 86' lang='lat' dir='ltr'>et</span> <span class='ocrx_word' id='word_1_104' title='bbox 1303 873 1468 932; x_wconf 83' lang='lat' dir='ltr'>justitia</span> <span class='ocrx_word' id='word_1_105' title='bbox 1484 908 1496 928; x_wconf 92' lang='lat'>,</span> <span class='ocrx_word' id='word_1_106' title='bbox 1515 883 1558 917; x_wconf 89' lang='grc' dir='ltr'>θῖ</span> <span class='ocrx_word' id='word_1_107' title='bbox 1580 875 1771 918; x_wconf 86' lang='lat' dir='ltr'>sanctifi-</span> 
     </span>
     <span class='ocr_line' id='line_1_11' title="bbox 378 942 1766 1003; baseline 0.002 -18"><span class='ocrx_word' id='word_1_108' title='bbox 378 961 400 986; x_wconf 91' lang='lat'>»</span> <span class='ocrx_word' id='word_1_109' title='bbox 435 945 570 998; x_wconf 80' lang='lat' dir='ltr'>catio,</span> <span class='ocrx_word' id='word_1_110' title='bbox 596 953 639 988; x_wconf 87' lang='lat' dir='ltr'>et</span> <span class='ocrx_word' id='word_1_111' title='bbox 656 942 925 1003; x_wconf 83' lang='lat' dir='ltr'>redemptio:</span> <span class='ocrx_word' id='word_1_112' title='bbox 951 952 1017 1000; x_wconf 77' lang='lat' dir='ltr'>ut,</span> <span class='ocrx_word' id='word_1_113' title='bbox 1042 943 1416 1003; x_wconf 86' lang='lat' dir='ltr'>quemadmodum</span> <span class='ocrx_word' id='word_1_114' title='bbox 1443 945 1653 1003; x_wconf 85' lang='lat' dir='ltr'>scripturn</span> <span class='ocrx_word' id='word_1_115' title='bbox 1672 953 1736 988; x_wconf 81' lang='lat' dir='ltr'>est</span> <span class='ocrx_word' id='word_1_116' title='bbox 1755 980 1766 1000; x_wconf 88' lang='lat'>‚</span> 
     </span>
     <span class='ocr_line' id='line_1_12' title="bbox 377 1012 1769 1072; baseline 0.002 -17"><span class='ocrx_word' id='word_1_117' title='bbox 377 1032 398 1055; x_wconf 73' lang='lat' dir='ltr'>n</span> <span class='ocrx_word' id='word_1_118' title='bbox 436 1015 516 1068; x_wconf 88' lang='lat' dir='ltr'>Qui</span> <span class='ocrx_word' id='word_1_119' title='bbox 540 1014 769 1072; x_wconf 83' lang='lat' dir='ltr'>gloriatur,</span> <span class='ocrx_word' id='word_1_120' title='bbox 794 1013 839 1057; x_wconf 90' lang='lat' dir='ltr'>in</span> <span class='ocrx_word' id='word_1_121' title='bbox 856 1013 1042 1057; x_wconf 90' lang='lat' dir='ltr'>Domino</span> <span class='ocrx_word' id='word_1_122' title='bbox 1062 1012 1312 1072; x_wconf 80' lang='lat' dir='ltr'>glorietur2.</span> <span class='ocrx_word' id='word_1_123' title='bbox 1333 1034 1351 1055; x_wconf 87' lang='lat'>»</span> <span class='ocrx_word' id='word_1_124' title='bbox 1368 1017 1424 1058; x_wconf 87' lang='lat' dir='ltr'>Et</span> <span class='ocrx_word' id='word_1_125' title='bbox 1443 1014 1486 1057; x_wconf 89' lang='lat' dir='ltr'>in</span> <span class='ocrx_word' id='word_1_126' title='bbox 1508 1013 1584 1058; x_wconf 94' lang='lat' dir='ltr'>illo</span> <span class='ocrx_word' id='word_1_127' title='bbox 1597 1014 1769 1059; x_wconf 88' lang='lat' dir='ltr'>invenio</span> 
     </span>
     <span class='ocr_line' id='line_1_13' title="bbox 374 1085 1766 1145; baseline -0.001 -15"><span class='ocrx_word' id='word_1_128' title='bbox 374 1086 581 1130; x_wconf 79' lang='lat' dir='ltr'>mandata</span> <span class='ocrx_word' id='word_1_129' title='bbox 606 1095 679 1129; x_wconf 85' lang='lat' dir='ltr'>tua</span> <span class='ocrx_word' id='word_1_130' title='bbox 705 1101 804 1145; x_wconf 87' lang='lat' dir='ltr'>quae</span> <span class='ocrx_word' id='word_1_131' title='bbox 827 1085 1086 1144; x_wconf 81' lang='lat' dir='ltr'>concupivi,</span> <span class='ocrx_word' id='word_1_132' title='bbox 1111 1094 1162 1129; x_wconf 86' lang='lat' dir='ltr'>ut</span> <span class='ocrx_word' id='word_1_133' title='bbox 1182 1085 1226 1129; x_wconf 89' lang='lat' dir='ltr'>in</span> <span class='ocrx_word' id='word_1_134' title='bbox 1254 1094 1327 1129; x_wconf 87' lang='lat' dir='ltr'>tua</span> <span class='ocrx_word' id='word_1_135' title='bbox 1352 1085 1520 1145; x_wconf 76' lang='lat' dir='ltr'>justitia</span> <span class='ocrx_word' id='word_1_136' title='bbox 1536 1120 1547 1140; x_wconf 81' lang='lat'><strong>‚</strong></span> <span class='ocrx_word' id='word_1_137' title='bbox 1571 1086 1655 1129; x_wconf 91' lang='lat' dir='ltr'>hoc</span> <span class='ocrx_word' id='word_1_138' title='bbox 1677 1095 1766 1141; x_wconf 86' lang='lat' dir='ltr'>est,</span> 
     </span>
     <span class='ocr_line' id='line_1_14' title="bbox 373 1156 1771 1215; baseline -0.001 -13"><span class='ocrx_word' id='word_1_139' title='bbox 373 1159 421 1203; x_wconf 93' lang='lat' dir='ltr'>in</span> <span class='ocrx_word' id='word_1_140' title='bbox 437 1157 512 1202; x_wconf 88' lang='lat' dir='ltr'>illo</span> <span class='ocrx_word' id='word_1_141' title='bbox 530 1193 541 1212; x_wconf 76' lang='lat'>3</span> <span class='ocrx_word' id='word_1_142' title='bbox 567 1157 756 1201; x_wconf 87' lang='lat' dir='ltr'>vivifices</span> <span class='ocrx_word' id='word_1_143' title='bbox 776 1171 860 1199; x_wconf 89' lang='lat' dir='ltr'>me.</span> <span class='ocrx_word' id='word_1_144' title='bbox 882 1159 978 1215; x_wconf 89' lang='lat' dir='ltr'>lpse</span> <span class='ocrx_word' id='word_1_145' title='bbox 996 1165 1060 1200; x_wconf 84' lang='lat' dir='ltr'>est</span> <span class='ocrx_word' id='word_1_146' title='bbox 1077 1156 1193 1200; x_wconf 90' lang='lat' dir='ltr'>enim</span> <span class='ocrx_word' id='word_1_147' title='bbox 1215 1156 1413 1200; x_wconf 83' lang='lat' dir='ltr'>Verbum</span> <span class='ocrx_word' id='word_1_148' title='bbox 1436 1159 1549 1200; x_wconf 86' lang='lat' dir='ltr'>Deus</span> <span class='ocrx_word' id='word_1_149' title='bbox 1567 1176 1579 1213; x_wconf 86' lang='lat'>3</span> <span class='ocrx_word' id='word_1_150' title='bbox 1604 1165 1648 1200; x_wconf 91' lang='lat' dir='ltr'>et</span> <span class='ocrx_word' id='word_1_151' title='bbox 1662 1159 1771 1201; x_wconf 87' lang='lat' dir='ltr'>Ver-</span> 
     </span>
     <span class='ocr_line' id='line_1_15' title="bbox 373 1226 1588 1286; baseline -0.002 -12"><span class='ocrx_word' id='word_1_152' title='bbox 373 1230 483 1274; x_wconf 88' lang='lat' dir='ltr'>bum</span> <span class='ocrx_word' id='word_1_153' title='bbox 503 1237 602 1273; x_wconf 79' lang='lat' dir='ltr'>caro</span> <span class='ocrx_word' id='word_1_154' title='bbox 623 1226 790 1273; x_wconf 88' lang='lat' dir='ltr'>factum</span> <span class='ocrx_word' id='word_1_155' title='bbox 810 1228 924 1283; x_wconf 75' lang='grc' dir='ltr'>θεῖ3,</span> <span class='ocrx_word' id='word_1_156' title='bbox 950 1235 1000 1270; x_wconf 90' lang='lat' dir='ltr'>ut</span> <span class='ocrx_word' id='word_1_157' title='bbox 1022 1235 1132 1271; x_wconf 85' lang='lat' dir='ltr'>esset</span> <span class='ocrx_word' id='word_1_158' title='bbox 1153 1235 1197 1271; x_wconf 87' lang='lat' dir='ltr'>et</span> <span class='ocrx_word' id='word_1_159' title='bbox 1212 1227 1433 1286; x_wconf 87' lang='lat' dir='ltr'>proximus</span> <span class='ocrx_word' id='word_1_160' title='bbox 1452 1243 1588 1271; x_wconf 58' lang='lat' dir='ltr'>meus</span> 
     </span>
    </p>
   </div>
   <div class='ocr_carea' id='block_1_3' title="bbox 866 1488 1277 1533">
    <p class='ocr_par' dir='ltr' id='par_1_3' title="bbox 866 1488 1277 1533">
     <span class='ocr_line' id='line_1_16' title="bbox 866 1488 1277 1533; baseline -0.005 0"><span class='ocrx_word' id='word_1_161' title='bbox 866 1488 1088 1533; x_wconf 78' lang='lat' dir='ltr'><strong>SERMO</strong></span> <span class='ocrx_word' id='word_1_162' title='bbox 1131 1490 1277 1531; x_wconf 92' lang='lat' dir='ltr'>XIII.</span> 
     </span>
    </p>
   </div>
   <div class='ocr_carea' id='block_1_4' title="bbox 374 1641 1773 2478">
    <p class='ocr_par' dir='ltr' id='par_1_4' title="bbox 374 1641 1773 2478">
     <span class='ocr_line' id='line_1_17' title="bbox 436 1641 1773 1704; baseline 0 -15"><span class='ocrx_word' id='word_1_163' title='bbox 436 1647 472 1689; x_wconf 91' lang='grc' dir='ltr'>Ι.</span> <span class='ocrx_word' id='word_1_164' title='bbox 507 1644 701 1689; x_wconf 68' lang='lat' dir='ltr'>semrom</span> <span class='ocrx_word' id='word_1_165' title='bbox 727 1642 935 1702; x_wconf 83' lang='lat' dir='ltr'>pristino,</span> <span class='ocrx_word' id='word_1_166' title='bbox 960 1657 1092 1702; x_wconf 89' lang='lat' dir='ltr'>quem</span> <span class='ocrx_word' id='word_1_167' title='bbox 1116 1641 1171 1687; x_wconf 92' lang='lat' dir='ltr'>de</span> <span class='ocrx_word' id='word_1_168' title='bbox 1199 1642 1371 1688; x_wconf 85' lang='lat' dir='ltr'>Psalmo</span> <span class='ocrx_word' id='word_1_169' title='bbox 1392 1644 1469 1704; x_wconf 89' lang='lat' dir='ltr'>qui</span> <span class='ocrx_word' id='word_1_170' title='bbox 1491 1653 1554 1689; x_wconf 84' lang='lat' dir='ltr'>est</span> <span class='ocrx_word' id='word_1_171' title='bbox 1575 1645 1773 1689; x_wconf 90' lang='lat' dir='ltr'>omnium</span> 
     </span>
     <span class='ocr_line' id='line_1_18' title="bbox 374 1712 1773 1775; baseline 0.001 -17"><span class='ocrx_word' id='word_1_172' title='bbox 374 1714 682 1775; x_wconf 79' lang='lat' dir='ltr'>prolixissimus</span> <span class='ocrx_word' id='word_1_173' title='bbox 698 1749 709 1768; x_wconf 73' lang='lat'>3</span> <span class='ocrx_word' id='word_1_174' title='bbox 747 1729 888 1772; x_wconf 83' lang='lat' dir='ltr'>nuper</span> <span class='ocrx_word' id='word_1_175' title='bbox 907 1713 1166 1768; x_wconf 79' lang='lat' dir='ltr'>habuimus,</span> <span class='ocrx_word' id='word_1_176' title='bbox 1192 1712 1246 1757; x_wconf 90' lang='lat' dir='ltr'>de</span> <span class='ocrx_word' id='word_1_177' title='bbox 1283 1714 1425 1757; x_wconf 69' lang='lat' dir='ltr'>verbis</span> <span class='ocrx_word' id='word_1_178' title='bbox 1462 1716 1554 1774; x_wconf 85' lang='lat' dir='ltr'>ejus</span> <span class='ocrx_word' id='word_1_179' title='bbox 1583 1731 1683 1774; x_wconf 81' lang='lat' dir='ltr'>quae</span> <span class='ocrx_word' id='word_1_180' title='bbox 1705 1731 1773 1760; x_wconf 93' lang='lat' dir='ltr'>se-</span> 
     </span>
     <span class='ocr_line' id='line_1_19' title="bbox 376 1782 1773 1846; baseline 0.001 -17"><span class='ocrx_word' id='word_1_181' title='bbox 376 1795 575 1846; x_wconf 72' lang='lat' dir='ltr'>quuntur</span> <span class='ocrx_word' id='word_1_182' title='bbox 596 1786 675 1828; x_wconf 83' lang='lat' dir='ltr'>iste</span> <span class='ocrx_word' id='word_1_183' title='bbox 693 1782 943 1844; x_wconf 84' lang='lat' dir='ltr'>jungendus</span> <span class='ocrx_word' id='word_1_184' title='bbox 966 1792 1043 1827; x_wconf 84' lang='lat' dir='ltr'>est.</span> <span class='ocrx_word' id='word_1_185' title='bbox 1061 1786 1164 1826; x_wconf 83' lang='lat' dir='ltr'>Haec</span> <span class='ocrx_word' id='word_1_186' title='bbox 1185 1783 1318 1827; x_wconf 87' lang='lat' dir='ltr'>verba</span> <span class='ocrx_word' id='word_1_187' title='bbox 1341 1793 1442 1827; x_wconf 85' lang='lat' dir='ltr'>sunt</span> <span class='ocrx_word' id='word_1_188' title='bbox 1468 1803 1477 1828; x_wconf 76' lang='grc' dir='ltr'>ε</span> <span class='ocrx_word' id='word_1_189' title='bbox 1507 1803 1526 1826; x_wconf 90' lang='lat'>«</span> <span class='ocrx_word' id='word_1_190' title='bbox 1554 1787 1610 1828; x_wconf 84' lang='lat' dir='ltr'>Et</span> <span class='ocrx_word' id='word_1_191' title='bbox 1627 1786 1773 1830; x_wconf 83' lang='lat' dir='ltr'>veniat</span> 
     </span>
     <span class='ocr_line' id='line_1_20' title="bbox 378 1853 1773 1914; baseline 0.001 -17"><span class='ocrx_word' id='word_1_192' title='bbox 378 1875 399 1897; x_wconf 87' lang='lat'>))</span> <span class='ocrx_word' id='word_1_193' title='bbox 436 1871 565 1914; x_wconf 89' lang='lat' dir='ltr'>super</span> <span class='ocrx_word' id='word_1_194' title='bbox 585 1870 655 1898; x_wconf 90' lang='lat' dir='ltr'>me</span> <span class='ocrx_word' id='word_1_195' title='bbox 672 1853 964 1897; x_wconf 86' lang='lat' dir='ltr'>misericordia</span> <span class='ocrx_word' id='word_1_196' title='bbox 987 1863 1061 1897; x_wconf 84' lang='lat' dir='ltr'>tua</span> <span class='ocrx_word' id='word_1_197' title='bbox 1083 1889 1093 1908; x_wconf 84' lang='lat'>‚</span> <span class='ocrx_word' id='word_1_198' title='bbox 1125 1853 1352 1897; x_wconf 67' lang='lat' dir='ltr'>Domine-1.</span> <span class='ocrx_word' id='word_1_199' title='bbox 1384 1873 1402 1895; x_wconf 86' lang='lat'>»</span> <span class='ocrx_word' id='word_1_200' title='bbox 1429 1857 1537 1907; x_wconf 84' lang='lat' dir='ltr'>Quae</span> <span class='ocrx_word' id='word_1_201' title='bbox 1559 1856 1773 1900; x_wconf 81' lang='lat' dir='ltr'>sententia</span> 
     </span>
     <span class='ocr_line' id='line_1_21' title="bbox 375 1922 1772 1988; baseline -0.001 -19"><span class='ocrx_word' id='word_1_202' title='bbox 375 1925 586 1984; x_wconf 86' lang='lat' dir='ltr'>superiori</span> <span class='ocrx_word' id='word_1_203' title='bbox 609 1923 783 1968; x_wconf 77' lang='lat' dir='ltr'>videtur</span> <span class='ocrx_word' id='word_1_204' title='bbox 805 1939 971 1966; x_wconf 78' lang='lat' dir='ltr'>annexa</span> <span class='ocrx_word' id='word_1_205' title='bbox 999 1942 1008 1967; x_wconf 89' lang='lat'><strong>:</strong></span> <span class='ocrx_word' id='word_1_206' title='bbox 1036 1938 1126 1967; x_wconf 92' lang='lat' dir='ltr'>non</span> <span class='ocrx_word' id='word_1_207' title='bbox 1148 1923 1265 1966; x_wconf 88' lang='lat' dir='ltr'>enim</span> <span class='ocrx_word' id='word_1_208' title='bbox 1297 1922 1356 1966; x_wconf 80' lang='lat' dir='ltr'>ait</span> <span class='ocrx_word' id='word_1_209' title='bbox 1379 1942 1388 1967; x_wconf 73' lang='grc' dir='ltr'>ι</span> <span class='ocrx_word' id='word_1_210' title='bbox 1418 1943 1438 1965; x_wconf 88' lang='lat'>«</span> <span class='ocrx_word' id='word_1_211' title='bbox 1459 1924 1616 1967; x_wconf 71' lang='lat' dir='ltr'>Veniat</span> <span class='ocrx_word' id='word_1_212' title='bbox 1643 1941 1772 1988; x_wconf 76' lang='lat' dir='ltr'>super</span> 
     </span>
     <span class='ocr_line' id='line_1_22' title="bbox 378 1989 1771 2052; baseline 0.001 -15"><span class='ocrx_word' id='word_1_213' title='bbox 378 2014 399 2037; x_wconf 87' lang='lat'>»</span> <span class='ocrx_word' id='word_1_214' title='bbox 417 2010 535 2051; x_wconf 79' lang='lat' dir='ltr'>me3»</span> <span class='ocrx_word' id='word_1_215' title='bbox 548 1995 623 2038; x_wconf 91' lang='lat' dir='ltr'>sed</span> <span class='ocrx_word' id='word_1_216' title='bbox 637 1994 720 2038; x_wconf 88' lang='lat' dir='ltr'>ait:</span> <span class='ocrx_word' id='word_1_217' title='bbox 747 2012 766 2034; x_wconf 88' lang='lat'>«</span> <span class='ocrx_word' id='word_1_218' title='bbox 783 1996 840 2037; x_wconf 85' lang='lat' dir='ltr'>Et</span> <span class='ocrx_word' id='word_1_219' title='bbox 857 1993 1044 2037; x_wconf 86' lang='lat' dir='ltr'>veniat.»</span> <span class='ocrx_word' id='word_1_220' title='bbox 1063 1996 1138 2037; x_wconf 90' lang='lat' dir='ltr'>Est</span> <span class='ocrx_word' id='word_1_221' title='bbox 1157 2002 1303 2037; x_wconf 83' lang='lat' dir='ltr'>autem</span> <span class='ocrx_word' id='word_1_222' title='bbox 1320 1992 1391 2036; x_wconf 89' lang='lat' dir='ltr'>illa</span> <span class='ocrx_word' id='word_1_223' title='bbox 1412 1989 1771 2052; x_wconf 69' lang='lat' dir='ltr'>su13e1·i01·‚«Ecce</span> 
     </span>
     <span class='ocr_line' id='line_1_23' title="bbox 378 2064 1771 2125; baseline 0.001 -17"><span class='ocrx_word' id='word_1_224' title='bbox 378 2085 398 2108; x_wconf 62' lang='lat'>³)</span> <span class='ocrx_word' id='word_1_225' title='bbox 411 2065 641 2125; x_wconf 87' lang='lat' dir='ltr'>concupivi</span> <span class='ocrx_word' id='word_1_226' title='bbox 655 2064 858 2109; x_wconf 83' lang='lat' dir='ltr'>mandata</span> <span class='ocrx_word' id='word_1_227' title='bbox 870 2073 943 2108; x_wconf 88' lang='lat' dir='ltr'>tua</span> <span class='ocrx_word' id='word_1_228' title='bbox 956 2086 967 2122; x_wconf 92' lang='lat'>3</span> <span class='ocrx_word' id='word_1_229' title='bbox 980 2065 1025 2107; x_wconf 92' lang='lat' dir='ltr'>in</span> <span class='ocrx_word' id='word_1_230' title='bbox 1040 2075 1112 2108; x_wconf 81' lang='lat' dir='ltr'>tua</span> <span class='ocrx_word' id='word_1_231' title='bbox 1124 2064 1290 2124; x_wconf 81' lang='lat' dir='ltr'>justitia</span> <span class='ocrx_word' id='word_1_232' title='bbox 1302 2064 1475 2107; x_wconf 82' lang='lat' dir='ltr'>vivifica</span> <span class='ocrx_word' id='word_1_233' title='bbox 1486 2079 1598 2107; x_wconf 82' lang='lat' dir='ltr'>me.»</span> <span class='ocrx_word' id='word_1_234' title='bbox 1608 2065 1771 2109; x_wconf 84' lang='lat' dir='ltr'>Deinde</span> 
     </span>
     <span class='ocr_line' id='line_1_24' title="bbox 377 2133 1765 2197; baseline -0.004 -16"><span class='ocrx_word' id='word_1_235' title='bbox 377 2137 593 2197; x_wconf 83' lang='lat' dir='ltr'>sequitur:</span> <span class='ocrx_word' id='word_1_236' title='bbox 624 2139 705 2180; x_wconf 85' lang='lat' dir='ltr'>«Et</span> <span class='ocrx_word' id='word_1_237' title='bbox 726 2136 870 2179; x_wconf 86' lang='lat' dir='ltr'>veniat</span> <span class='ocrx_word' id='word_1_238' title='bbox 883 2151 1012 2194; x_wconf 80' lang='lat' dir='ltr'>super</span> <span class='ocrx_word' id='word_1_239' title='bbox 1035 2150 1105 2178; x_wconf 90' lang='lat' dir='ltr'>me</span> <span class='ocrx_word' id='word_1_240' title='bbox 1119 2133 1410 2177; x_wconf 86' lang='lat' dir='ltr'>misericordia</span> <span class='ocrx_word' id='word_1_241' title='bbox 1434 2143 1523 2188; x_wconf 81' lang='lat' dir='ltr'>tua,</span> <span class='ocrx_word' id='word_1_242' title='bbox 1538 2136 1765 2180; x_wconf 86' lang='lat' dir='ltr'>Domine.»</span> 
     </span>
     <span class='ocr_line' id='line_1_25' title="bbox 377 2205 1770 2266; baseline -0.001 -14"><span class='ocrx_word' id='word_1_243' title='bbox 377 2209 494 2261; x_wconf 86' lang='lat' dir='ltr'>Quid</span> <span class='ocrx_word' id='word_1_244' title='bbox 516 2208 585 2252; x_wconf 91' lang='lat' dir='ltr'>hic</span> <span class='ocrx_word' id='word_1_245' title='bbox 608 2223 710 2266; x_wconf 83' lang='lat' dir='ltr'>ergo</span> <span class='ocrx_word' id='word_1_246' title='bbox 729 2207 881 2266; x_wconf 83' lang='lat' dir='ltr'>poscit,</span> <span class='ocrx_word' id='word_1_247' title='bbox 897 2207 977 2250; x_wconf 91' lang='lat' dir='ltr'>nisi</span> <span class='ocrx_word' id='word_1_248' title='bbox 996 2215 1046 2250; x_wconf 90' lang='lat' dir='ltr'>ut</span> <span class='ocrx_word' id='word_1_249' title='bbox 1069 2205 1273 2249; x_wconf 83' lang='lat' dir='ltr'>mandata</span> <span class='ocrx_word' id='word_1_250' title='bbox 1291 2221 1389 2264; x_wconf 83' lang='lat' dir='ltr'>quae</span> <span class='ocrx_word' id='word_1_251' title='bbox 1408 2206 1672 2264; x_wconf 85' lang='lat' dir='ltr'>concupivit,</span> <span class='ocrx_word' id='word_1_252' title='bbox 1693 2222 1770 2265; x_wconf 82' lang='lat' dir='ltr'>per</span> 
     </span>
     <span class='ocr_line' id='line_1_26' title="bbox 378 2274 1770 2338; baseline 0 -17"><span class='ocrx_word' id='word_1_253' title='bbox 378 2280 469 2338; x_wconf 84' lang='lat' dir='ltr'>ejus</span> <span class='ocrx_word' id='word_1_254' title='bbox 482 2277 816 2322; x_wconf 84' lang='lat' dir='ltr'>misericordiam</span> <span class='ocrx_word' id='word_1_255' title='bbox 831 2276 959 2321; x_wconf 83' lang='lat' dir='ltr'>faciat</span> <span class='ocrx_word' id='word_1_256' title='bbox 980 2277 1054 2336; x_wconf 90' lang='lat' dir='ltr'>qui</span> <span class='ocrx_word' id='word_1_257' title='bbox 1074 2274 1520 2334; x_wconf 80' lang='lat' dir='ltr'>mandavit?Exponit</span> <span class='ocrx_word' id='word_1_258' title='bbox 1535 2276 1649 2319; x_wconf 87' lang='lat' dir='ltr'>enim</span> <span class='ocrx_word' id='word_1_259' title='bbox 1661 2292 1770 2336; x_wconf 85' lang='lat' dir='ltr'>quo-</span> 
     </span>
     <span class='ocr_line' id='line_1_27' title="bbox 377 2347 1768 2409; baseline 0 -17"><span class='ocrx_word' id='word_1_260' title='bbox 377 2349 477 2393; x_wconf 87' lang='lat' dir='ltr'>dam</span> <span class='ocrx_word' id='word_1_261' title='bbox 497 2349 628 2394; x_wconf 90' lang='lat' dir='ltr'>modo</span> <span class='ocrx_word' id='word_1_262' title='bbox 648 2348 752 2409; x_wconf 85' lang='lat' dir='ltr'>quid</span> <span class='ocrx_word' id='word_1_263' title='bbox 768 2349 942 2405; x_wconf 78' lang='lat' dir='ltr'>dixerit3</span> <span class='ocrx_word' id='word_1_264' title='bbox 963 2368 978 2387; x_wconf 90' lang='lat'>«</span> <span class='ocrx_word' id='word_1_265' title='bbox 996 2351 1047 2392; x_wconf 88' lang='lat' dir='ltr'>In</span> <span class='ocrx_word' id='word_1_266' title='bbox 1068 2357 1141 2392; x_wconf 80' lang='lat' dir='ltr'>tua</span> <span class='ocrx_word' id='word_1_267' title='bbox 1153 2347 1318 2407; x_wconf 77' lang='lat' dir='ltr'>justitia</span> <span class='ocrx_word' id='word_1_268' title='bbox 1336 2347 1507 2391; x_wconf 79' lang='lat' dir='ltr'>vivifica</span> <span class='ocrx_word' id='word_1_269' title='bbox 1527 2363 1617 2392; x_wconf 89' lang='lat' dir='ltr'>me:</span> <span class='ocrx_word' id='word_1_270' title='bbox 1632 2367 1651 2388; x_wconf 72' lang='lat' dir='ltr'>n</span> <span class='ocrx_word' id='word_1_271' title='bbox 1667 2364 1768 2392; x_wconf 90' lang='lat' dir='ltr'>cum</span> 
     </span>
     <span class='ocr_line' id='line_1_28' title="bbox 378 2417 1763 2478; baseline -0.002 -15"><span class='ocrx_word' id='word_1_272' title='bbox 378 2420 619 2478; x_wconf 74' lang='lat' dir='ltr'>subjungit,</span> <span class='ocrx_word' id='word_1_273' title='bbox 640 2439 659 2461; x_wconf 84' lang='lat'>«</span> <span class='ocrx_word' id='word_1_274' title='bbox 680 2423 733 2463; x_wconf 84' lang='lat' dir='ltr'>Et</span> <span class='ocrx_word' id='word_1_275' title='bbox 749 2419 893 2463; x_wconf 83' lang='lat' dir='ltr'>veniat</span> <span class='ocrx_word' id='word_1_276' title='bbox 910 2433 1038 2478; x_wconf 87' lang='lat' dir='ltr'>super</span> <span class='ocrx_word' id='word_1_277' title='bbox 1059 2434 1128 2462; x_wconf 87' lang='lat' dir='ltr'>me</span> <span class='ocrx_word' id='word_1_278' title='bbox 1147 2417 1436 2461; x_wconf 84' lang='lat' dir='ltr'>misericordia</span> <span class='ocrx_word' id='word_1_279' title='bbox 1452 2428 1542 2473; x_wconf 83' lang='lat' dir='ltr'>tua,</span> <span class='ocrx_word' id='word_1_280' title='bbox 1564 2418 1763 2473; x_wconf 86' lang='lat' dir='ltr'>Domine,</span> 
     </span>
    </p>
   </div>
   <div class='ocr_carea' id='block_1_5' title="bbox 381 2513 1763 2611">
    <p class='ocr_par' dir='ltr' id='par_1_5' title="bbox 381 2513 1763 2611">
     <span class='ocr_line' id='line_1_29' title="bbox 427 2513 1763 2557; baseline 0.001 -12"><span class='ocrx_word' id='word_1_281' title='bbox 427 2521 435 2536; x_wconf 88' lang='lat'>¹</span> <span class='ocrx_word' id='word_1_282' title='bbox 458 2516 537 2545; x_wconf 60' lang='lat' dir='ltr'>psal.</span> <span class='ocrx_word' id='word_1_283' title='bbox 559 2527 662 2556; x_wconf 78' lang='lat' dir='ltr'>cxviii,</span> <span class='ocrx_word' id='word_1_284' title='bbox 684 2515 738 2555; x_wconf 64' lang='grc'>40.</span> <span class='ocrx_word' id='word_1_285' title='bbox 765 2528 807 2536; x_wconf 63' lang='lat'>.-</span> <span class='ocrx_word' id='word_1_286' title='bbox 833 2522 845 2537; x_wconf 58' lang='grc' dir='ltr'><strong><em>Ἰ</em></strong></span> <span class='ocrx_word' id='word_1_287' title='bbox 877 2524 896 2546; x_wconf 81' lang='lat'>¹2</span> <span class='ocrx_word' id='word_1_288' title='bbox 918 2517 989 2549; x_wconf 61' lang='lat' dir='ltr'>Con</span> <span class='ocrx_word' id='word_1_289' title='bbox 1016 2515 1120 2557; x_wconf 48' lang='grc'><strong>1330,</strong></span> <span class='ocrx_word' id='word_1_290' title='bbox 1141 2514 1194 2545; x_wconf 78' lang='lat'>31.</span> <span class='ocrx_word' id='word_1_291' title='bbox 1214 2531 1256 2536; x_wconf 92' lang='lat'>——</span> <span class='ocrx_word' id='word_1_292' title='bbox 1281 2513 1294 2537; x_wconf 81' lang='lat'>3</span> <span class='ocrx_word' id='word_1_293' title='bbox 1323 2516 1414 2546; x_wconf 83' lang='lat' dir='ltr'>Joan.</span> <span class='ocrx_word' id='word_1_294' title='bbox 1446 2527 1471 2557; x_wconf 83' lang='lat'>1,</span> <span class='ocrx_word' id='word_1_295' title='bbox 1502 2513 1551 2556; x_wconf 70' lang='grc'>14.</span> <span class='ocrx_word' id='word_1_296' title='bbox 1575 2532 1616 2537; x_wconf 93' lang='grc'>--</span> <span class='ocrx_word' id='word_1_297' title='bbox 1634 2513 1650 2543; x_wconf 79' lang='grc'>4</span> <span class='ocrx_word' id='word_1_298' title='bbox 1682 2514 1763 2546; x_wconf 81' lang='lat' dir='ltr'>Psal.</span> 
     </span>
     <span class='ocr_line' id='line_1_30' title="bbox 381 2570 565 2611; baseline 0.005 -10"><span class='ocrx_word' id='word_1_299' title='bbox 381 2580 493 2611; x_wconf 67' lang='lat' dir='ltr'>cxviir,</span> <span class='ocrx_word' id='word_1_300' title='bbox 511 2570 565 2611; x_wconf 58' lang='lat'>41.</span> 
     </span>
    </p>
   </div>
  </div>
 </body>
</html>
