1848 3261
357 235 439 273 262
784 242 817 271 s.
854 243 1084 272 Aucusnm
1116 245 1295 272 Errscom

356 309 495 353 tibus:
511 323 589 352 nos
608 323 711 353 vero
726 308 855 352 etiam
875 323 954 368 pro
976 308 1099 352 nobis
1121 308 1334 367 primitus,
1352 317 1403 352 ut
1423 308 1614 352 animum
1634 322 1736 352 nos-

359 388 476 423 trum
515 380 604 422 Deo
646 378 874 422 miserante
915 386 1047 437 atque
1084 377 1326 437 opitulante
1359 378 1580 422 vincamus
1597 413 1608 432 ,
1648 393 1737 437 quo

359 449 540 494 ferimur
571 449 616 491 in
639 447 873 492 ulciscendi
903 447 1212 507 cupiditatem,
1249 463 1349 491 cum
1379 447 1620 492 detrahitur
1650 448 1739 492 sive

357 519 643 580 praesentibus
675 519 762 562 sive
797 518 1048 563 absentibus
1080 519 1220 563 nobis.
1253 518 1417 562 Deinde
1447 534 1547 562 cum
1580 519 1739 563 Christi

357 590 611 651 patientiam
644 587 924 632 recordamur
947 624 958 643 ,
1004 599 1212 650 tanquam
1247 590 1340 650 ipso
1375 590 1559 634 excitato
1584 625 1595 644 ,
1629 590 1740 633 sicut

358 660 521 705 factum
544 668 632 713 est,
663 674 762 702 cum
786 658 995 703 dormiret
1019 660 1064 702 in
1092 661 1238 715 navi1‚
1264 661 1341 719 qui
1367 660 1740 720 perturbationem

358 731 498 775 cordis
521 729 656 773 nostri
678 738 1064 789 tempestatemque
1102 730 1355 789 tranquillat
1371 766 1381 785 ,
1420 731 1563 773 animo
1593 729 1741 773 sedato

359 810 490 861 atque
510 799 681 859 placato
711 814 882 843 oremus
921 801 1048 843 etiam
1071 816 1150 859 pro
1172 800 1272 859 ipsis
1301 800 1617 844 detractoribus
1638 815 1741 843 nos-

359 871 456 926 tris,
478 879 528 913 ut
548 869 689 913 securi
709 869 902 913 dicamus
930 889 938 914 :
964 889 980 909 «
1012 870 1189 914 Dimitte
1210 870 1356 925 nobis,
1386 871 1497 914 sicut
1517 879 1560 913 et
1577 885 1654 914 nos
1672 869 1740 913 di-

364 963 383 985 »
418 942 669 986 mittimus2.
700 961 718 982 »
746 940 830 985 Sed
851 940 924 985 ille
951 940 1220 996 dimittebat,
1252 942 1327 1002 qui
1349 951 1597 1001 peccatum,
1623 940 1743 1001 quod

360 1013 399 1057 ei
419 1011 732 1066 dimitteretur,
755 1011 907 1071 utique
929 1028 1017 1056 non
1038 1012 1244 1056 habebat.

420 1085 498 1126 VI.
517 1082 722 1141 Sequitur
743 1090 889 1125 autem
908 1101 916 1126 :
937 1084 1026 1125 «Et
1040 1091 1279 1141 posuerunt
1295 1081 1522 1126 adversum
1540 1097 1610 1125 me
1632 1081 1742 1126 mala

367 1173 386 1195 »
421 1167 500 1212 pro
533 1151 659 1195 bonis
683 1153 714 1194 3.
746 1172 763 1191 »
801 1154 858 1195 Et
879 1152 1001 1211 quasi
1024 1168 1340 1212 quaereremus,
1380 1157 1484 1205 Quae
1506 1152 1640 1206 mala,
1665 1168 1745 1211 pro

362 1223 522 1283 quibus
545 1221 703 1265 bonis?
729 1240 745 1261 «
765 1224 822 1265 Et
843 1221 989 1265 odium
1006 1257 1016 1276 ,
1043 1223 1205 1282 inquit,
1227 1238 1305 1281 pro
1334 1222 1565 1266 dilectione
1587 1238 1696 1265 mea.
1723 1244 1740 1262 »

364 1293 445 1338 Hic
480 1300 544 1335 est
571 1291 711 1354 omnis
736 1299 779 1334 et
813 1306 995 1349 magnus
1018 1302 1161 1336 reatus
1189 1292 1379 1336 illorum.
1404 1295 1511 1336 Nam
1534 1292 1642 1351 quid
1670 1307 1746 1335 no-

362 1379 459 1409 cere
486 1371 723 1420 potuerunt
745 1373 1050 1422 persequentes
1065 1398 1075 1415 ‚
1106 1363 1356 1416 voluntate,
1381 1379 1471 1406 non
1495 1363 1746 1407 necessitate

362 1433 652 1478 morientem?
674 1432 757 1476 Sed
782 1432 924 1491 ipsum
946 1432 1095 1477 odium
1119 1442 1182 1477 est
1203 1434 1367 1476 crimen
1392 1433 1626 1476 maximum
1645 1449 1746 1492 pcr—

363 1503 605 1564 sequentis,
641 1503 838 1562 quamvis
870 1503 923 1546 sit
959 1503 1202 1547 voluntaria
1231 1519 1362 1562 poena
1395 1504 1608 1562 patientis.
1638 1504 1746 1548 Satis

365 1584 511 1619 autem
533 1573 730 1632 exposuit
746 1572 1115 1632 quemadmodum
1138 1590 1266 1633 supra
1288 1573 1442 1617 dixerit
1460 1593 1468 1618 :
1488 1577 1603 1617 «Pro
1626 1587 1676 1617 eo
1699 1582 1749 1617 ut

369 1666 388 1688 >›
423 1660 493 1689 me
510 1644 762 1703 diligerent,
795 1664 811 1685 »
835 1645 935 1703 quia
960 1643 1239 1688 dilectionem
1263 1661 1351 1689 non
1382 1654 1621 1704 utcumque
1637 1680 1647 1699 ,
1673 1645 1748 1688 sed

365 1715 587 1760 dilectioni
613 1716 703 1774 ejus
727 1714 973 1765 debebant;
1004 1730 1104 1759 cuni
1139 1716 1209 1758 hic
1230 1715 1421 1770 addidit,
1462 1734 1479 1754 «
1509 1719 1590 1759 Pro
1613 1714 1749 1759 dilec-

370 1806 388 1827 »
424 1785 542 1829 tione
571 1800 680 1828 mea.
713 1805 729 1825 »
760 1787 883 1828 Hanc
907 1784 1184 1829 dilectionem
1216 1785 1262 1828 in
1288 1785 1526 1843 Evangelio
1558 1800 1748 1828 comme-

367 1864 530 1909 morat,
559 1854 639 1898 ubi
659 1852 764 1898 dicit
790 1873 798 1898 :
827 1873 843 1894 «
870 1854 1130 1909 Jerusalem,
1155 1855 1416 1910 Jerusalem,
1441 1855 1609 1915 quoties
1631 1854 1749 1898 volui

373 1946 392 1969 »
427 1925 631 1983 colligere
669 1924 779 1968 filios
803 1933 924 1979 tuos,
952 1934 1157 1984 tanquam
1182 1925 1339 1984 gallina
1372 1925 1515 1984 pullos
1535 1940 1633 1969 suos
1667 1925 1748 1968 sub

372 2018 390 2039 »
427 1995 513 2041 alas
535 2011 630 2040 suas
646 2031 657 2050 ,
683 2005 725 2039 et
751 1995 970 2039 uoluisti4.
1002 2017 1019 2037 »

426 2070 527 2111 VII.
558 2065 723 2111 Deinde
744 2082 841 2125 quae
869 2082 947 2124 pro
978 2066 1069 2125 ipsa
1090 2066 1311 2125 impietate
1341 2067 1574 2125 recipiant,
1600 2066 1751 2125 incipit

368 2137 660 2197 prophetare3
690 2145 734 2179 et
762 2151 813 2179 eo
845 2135 975 2180 modo
1004 2136 1076 2179 illa
1103 2135 1233 2190 dicit,
1269 2145 1478 2195 tanquam
1514 2136 1751 2180 ulciscendi

369 2207 608 2267 cupiditate
630 2216 750 2266 optet
779 2217 829 2252 ut
851 2207 978 2262 fiant,
1003 2223 1104 2251 cum
1128 2208 1328 2251 dicantur
1348 2206 1494 2250 futura
1519 2207 1750 2250 certissima

367 2278 570 2332 veritate,
597 2286 639 2321 et
671 2293 744 2336 per
767 2278 842 2321 Dei
860 2278 1072 2338 justitiam
1097 2293 1226 2336 super
1263 2277 1368 2320 tales
1397 2276 1528 2335 digne
1551 2285 1745 2319 ventura.

367 2352 509 2402 Quem
537 2349 718 2392 modum
739 2346 885 2392 futura
907 2348 1198 2407 praedicendi,
1226 2348 1346 2391 velut
1374 2348 1514 2406 specie
1542 2346 1654 2390 male
1672 2362 1753 2405 op-

365 2418 514 2473 tandi,
539 2417 717 2478 quidam
738 2433 828 2461 non
849 2418 1140 2477 intelligentes
1157 2453 1167 2472 ,
1201 2426 1358 2477 putant
1384 2417 1533 2461 odium
1557 2416 1657 2460 odio
1672 2452 1682 2471 ,
1708 2426 1751 2460 et

367 2487 481 2534 malo
505 2489 647 2532 animo
667 2488 832 2532 malum
853 2488 1048 2532 animum
1072 2488 1194 2532 reddi
1213 2508 1229 2532 :r
1246 2488 1450 2547 quoniam
1475 2501 1620 2530 revera
1643 2502 1752 2545 pau-

419 2579 427 2594 ¹
448 2573 560 2604 Mattli.
584 2584 652 2610 vin,
669 2572 770 2613 24.—
789 2580 801 2595 ²
827 2573 870 2603 ld.
892 2583 933 2611 vi,
958 2581 1006 2603 12.
1025 2589 1064 2594 —-
1086 2570 1099 2594 3
1120 2572 1197 2603 psal.
1218 2582 1303 2607 cvm,
1327 2572 1402 2600 5.-
1424 2562 1439 2590 4
1458 2570 1569 2601 Matth.
1590 2578 1747 2609 xx111,27.
