1848 3261
400 216 453 255 27
458 216 484 253 6
830 222 864 250 s.
900 222 1131 250 AUGUSTINI
1163 222 1343 249 EPISCOPI

398 310 419 333 >›
455 291 555 334 sicat
570 291 600 332 1.
621 306 642 330 n
663 290 752 335 Nec
770 288 875 333 alios
893 291 1019 333 Pater
1033 323 1044 343 ,
1070 286 1173 331 aiios
1194 286 1354 339 Filius;
1374 295 1450 331 aut
1475 285 1600 330 aliter
1623 288 1750 331 Pater
1764 321 1775 343 ,

393 360 516 405 aliter
553 358 687 403 Filius
715 377 723 403 :
749 359 851 418 quia
879 367 922 402 et
945 357 1095 402 eadem
1118 356 1251 412 facit,
1283 366 1327 401 et
1345 355 1554 401 similiter.
1582 357 1706 401 Unde
1733 357 1780 401 in

391 438 606 491 quantum
627 430 759 473 homo
791 437 854 471 est
881 426 1017 471 Filius
1058 427 1161 480 Dei,
1197 429 1309 471 Deus
1343 426 1563 471 suscitavit
1593 425 1719 470 illum
1755 442 1780 471 a

391 500 598 555 mortuis,
637 500 720 543 hoc
753 507 816 541 est
848 500 978 542 Pater
996 533 1007 553 ,
1036 498 1106 543 cui
1127 498 1231 542 dicit
1256 497 1301 541 in
1334 496 1536 542 Psalmis:
1565 516 1585 539 «
1615 497 1780 542 Suscita

391 591 414 615 ³>
450 587 518 616 me
535 607 546 626 ,
563 579 606 615 et
638 568 818 613 reddam
831 567 916 612 illis
936 572 968 612 ².
989 587 1009 610 υ
1046 572 1098 613 In
1126 577 1340 628 quantum
1368 577 1514 613 autem
1547 571 1662 613 Deus
1689 577 1776 624 est,

390 644 521 689 etiam
543 642 632 701 ipse
667 656 711 685 se
744 639 965 685 suscitavit
985 660 997 684 .:
1033 649 1211 699 propter
1240 639 1361 699 quod
1393 639 1498 683 dicit
1525 659 1533 684 :
1567 657 1587 681 «
1620 638 1780 685 Solvite

394 733 414 757 n
450 711 663 773 templum
676 712 775 767 hoc,
793 720 835 755 et
853 711 898 755 in
910 710 1058 756 triduo
1075 711 1291 756 suscitabo
1306 709 1418 754 illud
1431 712 1490 755 ³.»
1503 710 1634 764 Quod
1651 711 1781 756 etiam

389 786 461 829 hic
485 782 765 842 significavit,
790 783 824 826 si
846 781 940 842 quis
966 780 1195 840 diligenter
1218 781 1431 826 intendat.
1459 782 1646 825 Scrutari
1664 781 1780 825 enim

382 855 508 916 jussit
538 854 779 913 Scripturas
798 887 809 909 ,
847 868 948 913 quae
979 852 1275 897 testimonium
1308 851 1540 912 perhibent
1561 851 1615 896 de
1643 851 1748 896 illo*
1765 887 1776 907 ,

385 941 476 973 non
498 925 544 968 in
566 923 791 984 superficie
813 922 1077 982 pertransiri.
1098 925 1196 968 Non
1222 922 1337 966 enim
1363 921 1670 966 tantummodo
1700 921 1777 967 ait.

392 1015 412 1038 «
448 997 540 1050 Tu,
571 993 754 1039 Domine
780 1028 790 1048 ,
816 992 1022 1046 Domine,
1048 990 1116 1036 fac
1150 1007 1324 1036 mecum
1351 1012 1358 1035 :
1393 1011 1413 1032 n
1451 990 1526 1035 sed
1553 992 1641 1047 ait,
1680 1010 1700 1033 «
1723 994 1781 1037 Et

390 1084 411 1108 )›
429 1075 478 1110 tu
496 1085 504 1110 :
523 1083 544 1106 ³>
561 1063 677 1118 Quid
692 1073 770 1118 est,
787 1082 803 1103 «
817 1065 874 1107 Et
885 1071 979 1117 tu,»
992 1062 1088 1117 nisi,
1104 1063 1206 1122 quia
1219 1071 1261 1106 et
1274 1063 1379 1120 ego?
1393 1061 1523 1115 Quod
1534 1070 1678 1106 autem
1690 1076 1780 1107 non

385 1135 534 1191 semel,
557 1154 577 1177 «
595 1135 801 1188 Domine,
823 1151 843 1174 »
862 1133 937 1178 sed
950 1142 1148 1192 repetens
1161 1133 1244 1187 ait,
1267 1151 1287 1174 «
1306 1132 1512 1187 Domine,
1533 1132 1775 1190 Domine·,»

386 1206 522 1251 habet
547 1205 594 1248 in
613 1205 698 1249 hoc
725 1204 884 1248 orantis
914 1194 1121 1247 affectum
1150 1223 1157 1246 :
1180 1203 1306 1247 sicuti
1335 1211 1425 1257 est,
1450 1221 1471 1244 «
1495 1205 1610 1246 Deus
1626 1237 1637 1254 ,
1665 1205 1779 1247 Deus

388 1294 412 1318 a>
437 1278 600 1320 meus5.
621 1292 640 1315 »
662 1273 792 1327 Quod
813 1288 929 1327 vero,
943 1287 1044 1316 cum
1058 1272 1248 1327 dixisset,
1273 1291 1294 1314 «
1311 1275 1397 1316 Fac
1411 1286 1605 1329 mecum,
1627 1290 1647 1313 ))
1661 1271 1780 1317 addi-

388 1348 467 1402 dit,
485 1367 505 1390 «
520 1336 699 1406 Propter
716 1360 876 1389 nomen
892 1353 1041 1388 tuum:
1062 1362 1082 1384 i>
1102 1343 1283 1402 gratiam
1299 1342 1782 1388 commendavit.Nullis

387 1419 503 1464 enim
511 1433 693 1478 operum
706 1416 867 1460 meritis
881 1414 1228 1475 praecedentibus
1240 1415 1286 1457 in
1301 1423 1465 1458 tantam
1478 1412 1782 1460 celsitudinem

386 1489 591 1535 subvecta
614 1496 678 1532 est
699 1487 888 1530 humana
918 1494 1072 1529 natura
1087 1519 1098 1540 ,
1124 1494 1174 1528 ut
1196 1493 1341 1528 totum
1367 1483 1498 1527 simul
1521 1484 1721 1528 Verbum
1739 1494 1783 1529 et

386 1574 487 1605 caro
506 1593 516 1614 ,
536 1559 620 1602 hoc
637 1566 722 1611 est,
746 1558 860 1600 Deus
884 1563 926 1599 et
948 1555 1103 1610 homo,
1129 1553 1378 1613 unigenitus
1402 1552 1536 1598 Filius
1560 1554 1636 1598 Dei
1659 1553 1781 1599 dice-

387 1640 522 1676 retur.
550 1630 643 1673 Hoc
669 1636 816 1671 autem
838 1625 1003 1670 factum
1033 1633 1122 1679 est,
1154 1633 1205 1668 ut
1227 1624 1282 1667 ab
1318 1622 1395 1668 illo
1425 1624 1503 1684 qui
1535 1634 1777 1681 creaverat,

387 1716 466 1761 per
494 1698 541 1743 id
561 1697 681 1759 quod
711 1712 801 1742 non
823 1696 1030 1756 perierat,
1054 1693 1100 1738 id
1121 1693 1241 1754 quod
1258 1694 1467 1753 perierat,
1493 1705 1777 1754 quaereretur.

390 1770 516 1815 Unde
533 1778 576 1813 et
597 1769 667 1812 hic
687 1767 882 1827 sequitur
899 1801 911 1821 ,
932 1784 951 1807 «
972 1765 1077 1818 Quia
1095 1765 1234 1808 suavis
1257 1773 1320 1808 est
1338 1764 1629 1809 misericordia
1645 1775 1735 1810 tua.
1755 1785 1776 1808 »

445 1841 609 1884 XXIV.
633 1857 654 1880 «
674 1837 831 1882 Libera
848 1851 938 1891 me,
957 1835 1060 1896 quia
1077 1850 1238 1893 egenus
1259 1844 1302 1878 et
1324 1849 1489 1893 pauper
1503 1848 1581 1892 ego
1599 1850 1694 1879 sum
1707 1836 1739 1879 ⁶.
1755 1854 1776 1877 >›

389 1912 569 1969 Egestas
608 1917 651 1952 et
684 1915 914 1967 paupertas
937 1941 947 1961 ,
984 1905 1210 1949 infirmitas
1236 1913 1334 1958 est,
1361 1919 1412 1947 ex
1437 1920 1522 1964 qua
1552 1905 1780 1950 crucifixus

390 1990 470 2025 est.
501 1998 521 2021 «
559 1981 617 2023 Et
637 1992 711 2022 cor
745 1992 893 2021 meum
923 1976 1236 2020 conturbatum
1260 1984 1322 2018 est
1337 1975 1449 2018 intra
1471 1989 1555 2018 me.
1579 1978 1709 2020 »Hoc
1724 1976 1779 2020 ad

388 2048 500 2095 illud
512 2048 724 2103 refertur,
741 2045 861 2107 quod
893 2046 951 2090 ait
977 2047 1298 2106 propinquante
1328 2044 1550 2103 passione,
1585 2065 1604 2086 «
1632 2046 1779 2090 Tristis

392 2139 414 2163 »
449 2129 514 2165 est
544 2119 685 2164 anima
707 2133 803 2162 mea
835 2132 974 2177 usque
1010 2115 1065 2160 ad
1086 2116 1312 2160 mortem7'.
1336 2133 1356 2155 η

447 2193 587 2238 XXV.
617 2209 637 2232 «
666 2190 785 2235 Sicut
815 2189 972 2232 umbra
994 2202 1095 2232 eum
1123 2185 1339 2241 declinat,
1381 2184 1551 2230 ablatus
1586 2188 1725 2248 sums.
1754 2206 1774 2228 υ

388 2267 483 2311 Hoc
504 2263 641 2322 ipsam
662 2269 847 2305 mortem
870 2259 1141 2318 significavit.
1170 2257 1290 2302 Sicut
1313 2256 1428 2301 enim
1450 2272 1501 2301 ex
1522 2258 1675 2303 umbra
1701 2258 1779 2302 de-

390 2335 579 2380 clinante
600 2333 651 2376 fit
667 2346 773 2385 noir,
800 2331 858 2374 sic
880 2346 929 2373 cx
953 2329 1125 2374 mortali
1144 2343 1271 2373 carne
1294 2327 1342 2371 fit
1363 2343 1494 2372 mors.
1523 2347 1543 2369 «
1564 2330 1776 2374 Excussus

393 2422 418 2447 υ
452 2418 548 2449 sum
570 2403 677 2447 sicut
693 2401 885 2447 locustae.
907 2419 926 2441 n
950 2402 1042 2444 Hoc
1058 2400 1148 2460 jani
1169 2399 1213 2442 in
1230 2397 1435 2442 membris
1456 2398 1562 2456 ejus,
1587 2399 1670 2443 hoe
1695 2409 1773 2454 cst,

443 2509 453 2523 ¹
476 2504 568 2533 Joan.
595 2511 634 2540 v,
655 2507 707 2532 21.
730 2515 770 2520 —-
792 2497 1127 2539 21³sat.xt‚11.—
1156 2495 1408 2537 ³Joan.n,19
1440 2513 1480 2518 -
1505 2494 1580 2527 41³1.
1609 2506 1639 2528 v.
1658 2496 1710 2537 39,
1735 2513 1776 2518 -

397 2558 411 2581 5
431 2558 508 2592 Psil,
533 2567 597 2597 xit,
619 2564 650 2587 2.
671 2572 709 2577 ..„
730 2553 985 2587 61(1.ονηι,2;>.
1008 2570 1046 2576 κ-
1069 2561 1079 2584 ῖ
1102 2552 1199 2584 Matth
1237 2561 1326 2588 xxvi,
1344 2551 1397 2583 38.
1419 2568 1458 2574 -—
1477 2550 1491 2569 ς
1509 2551 1587 2583 psal.
1610 2563 1703 2593 cvm,
1719 2551 1772 2583 23.
