1848 3261
254 223 498 257 alunnum
527 226 575 256 m
604 222 809 256 »suanm
835 226 1000 266 exvm,
1032 223 1173 256 senno
1201 225 1336 256 xxxn.
1369 212 1455 256 543

76 292 247 352 sanguis
268 293 502 339 Ecclesiae?
522 303 687 355 quanta
714 308 768 338 ex
783 291 856 337 illa
874 302 1066 338 semente
1085 308 1206 353 seges
1231 302 1327 340 toto
1347 294 1455 340 orbe

81 366 340 409 surrexerit?

138 437 237 481 VII.
262 436 500 482 Novissime
520 451 695 497 prorsus
728 435 865 495 aperit
888 450 933 479 se
948 469 959 490 ,
984 443 1028 479 et
1053 450 1152 494 quae
1172 450 1353 494 persona
1381 450 1460 495 per

82 515 222 551 totum
244 506 463 551 Psalmum
483 506 772 568 loquebatur,
797 505 1001 550 ostendit.
1030 523 1048 545 «
1075 506 1225 549 Erravi
1243 541 1254 563 ,
1288 505 1456 565 inquit,

86 597 104 619 »
125 577 238 621 sicut
251 578 340 622 ovis
352 576 520 636 perdita
539 596 548 622 ;
564 592 711 637 quaere
725 591 897 620 servum
911 576 1155 635 tuum‚quia
1167 574 1371 619 mandata
1385 583 1461 619 tua

86 667 104 689 »
120 663 210 693 non
218 664 313 692 sum
327 648 505 693 oblitus¹
514 683 523 693 .
535 647 768 694 »Nonnulli
781 645 949 692 codices
960 662 1049 691 non
1060 647 1247 691 habent«
1256 648 1428 701 Quaere,
1438 664 1456 687 »

82 717 158 762 sed
184 737 201 758 «
222 718 405 763 vivifica.
437 739 454 760 »
481 720 574 763 Una
597 718 758 779 quippe
779 717 945 776 syllaba
962 718 1155 772 interest,
1179 733 1265 778 qua
1286 717 1398 761 inter
1418 731 1462 760 se

82 789 127 832 in
143 804 283 848 graeCO
296 790 458 834 distant
471 796 559 835 ξῆσεν
572 798 615 833 et
627 796 754 836 ξτῖτησον
766 810 777 847 3
791 787 909 832 unde
923 797 966 832 et
978 788 1058 847 ipsi
1071 787 1240 833 codices
1254 786 1378 845 graeci
1392 802 1462 831 va-

86 859 212 903 riant.
229 860 313 905 Sed
325 858 555 919 quodlibet
571 860 729 904 horum
747 858 816 913 sit,
828 859 917 903 ovis
932 857 1100 918 perdita
1117 867 1354 919 quaeratur,
1372 856 1462 902 ovis

84 928 251 989 perdita
265 929 523 984 vivificetur,
541 938 718 988 propter
732 944 863 989 quam
883 941 1025 988 pastor
1037 929 1126 989 ejus
1139 929 1375 986 nonaginta
1388 942 1465 971 no-

82 1015 181 1043 vem
199 997 360 1043 dimisit
377 999 421 1042 in
434 998 674 1053 montibus,
689 1008 732 1042 et
742 1014 836 1043 earn
852 1001 1087 1058 quaerens2,
1099 1001 1122 1042 J
1128 998 1293 1042 uda‘i'cis
1305 997 1464 1041 lacera-

84 1079 153 1114 tus
170 1079 234 1114 est
255 1070 474 1129 vepribus.
497 1068 580 1114 Sed
594 1068 738 1114 adhuc
752 1070 962 1130 quaeritur
973 1104 983 1120 ,
1000 1070 1143 1113 adhuc
1160 1078 1396 1128 quaeratur,
1415 1083 1466 1111 cx

86 1149 207 1200 parte
228 1140 404 1184 inventa
422 1138 563 1183 adhuc
574 1148 796 1199 quaeratur
808 1141 840 1182 3.
856 1142 920 1183 Ex
943 1154 991 1182 ea
1009 1154 1199 1198 namque
1217 1147 1354 1197 parte,
1381 1152 1468 1196 qua

87 1211 191 1256 dicit
210 1211 290 1254 iste
305 1244 317 1265 ,
344 1208 583 1254 «Mandata
600 1218 674 1253 tua
696 1225 785 1253 non
809 1224 904 1252 sum
927 1208 1087 1253 oblitus
1103 1244 1112 1262 ‚
1141 1227 1161 1248 »
1181 1208 1356 1252 inventa
1374 1216 1467 1265 est3

86 1281 161 1325 sed
181 1295 257 1340 per
273 1295 344 1324 eos
366 1279 442 1339 qui
456 1279 659 1324 mandata
678 1279 755 1323 Dei
782 1278 971 1338 eligunt,
997 1277 1229 1336 colligunt,
1251 1277 1467 1336 diligunt,

87 1351 231 1396 adhuc
255 1352 488 1411 quaeritur,
513 1359 556 1395 et
574 1366 651 1410 per
671 1351 737 1394 sui
759 1350 939 1409 pastoris
961 1350 1216 1407 sanguinem
1241 1348 1387 1393 fusum
1405 1358 1472 1393 at-

87 1438 173 1483 que
194 1422 457 1482 dispersum,
481 1421 528 1464 in
545 1420 746 1465 omnibus
764 1420 965 1478 gentibus
987 1420 1222 1464 invenitur.

147 1496 271 1538 VIII.
294 1495 351 1537 Ut
370 1491 517 1552 potui,
543 1500 757 1552 quantum
770 1506 793 1534 a
810 1490 996 1535 Domino
1019 1489 1193 1549 adjutus
1211 1503 1330 1544 sum,
1350 1487 1474 1533 Psal-

88 1579 211 1609 mum
223 1563 355 1608 istum
373 1577 580 1620 magnum
593 1561 851 1621 pertractavi
863 1570 907 1604 et
922 1561 1116 1619 exposui.
1136 1558 1265 1613 Quod
1278 1559 1474 1619 profecto

90 1635 246 1680 melius
283 1634 560 1694 sapientiores
600 1632 904 1692 doctioresque
940 1629 1161 1684 fecertmt,
1198 1630 1286 1675 sive
1317 1629 1475 1674 facturi

91 1715 216 1763 sunt3
239 1721 320 1750 nec
343 1704 441 1748 ideo
463 1713 610 1748 tamen
627 1703 665 1747 ei
698 1711 896 1747 nostrum
920 1700 1066 1746 deesse
1104 1699 1260 1744 debuit
1281 1700 1477 1744 ministe-

91 1778 204 1821 rium
215 1811 226 1831 ,
242 1775 427 1819 maxime
437 1774 482 1817 id
496 1773 551 1817 de
562 1788 630 1817 me
647 1772 940 1830 flagitantibus
956 1769 1163 1815 fratribus
1177 1806 1188 1826 ,
1203 1770 1362 1831 quibus
1379 1786 1477 1815 sum

94 1847 267 1892 debitor
284 1846 414 1905 hujus
438 1843 586 1888 officii.
618 1842 746 1896 Quod
763 1851 909 1886 autem
942 1840 997 1885 de
1017 1840 1250 1901 alphabeto
1272 1841 1470 1897 hebraeo,

93 1917 172 1962 ubi
207 1915 355 1962 octoni
385 1929 534 1959 versus
570 1911 751 1972 singulis
783 1911 1010 1971 subjacent
1036 1911 1210 1967 litteris,
1252 1921 1384 1972 atque
1417 1912 1480 1956 ita

95 1987 291 2033 Psalmus
322 1994 441 2031 totus
485 1984 730 2029 contexitur
745 2017 756 2038 ,
792 1981 903 2026 nihil
934 1981 1044 2038 dixi,
1085 1998 1176 2027 non
1206 1982 1260 2027 sit
1296 1984 1478 2039 mirum,

96 2059 304 2120 quoniam
329 2056 438 2101 nihil
458 2055 579 2117 quod
599 2054 653 2100 ad
670 2055 800 2098 istum
823 2053 997 2114 proprie
1017 2054 1254 2113 pertineret
1276 2053 1443 2098 invenit
1467 2071 1478 2099 ι

97 2145 187 2175 non
209 2129 325 2173 enim
355 2127 469 2172 solus
498 2127 631 2170 habet
650 2127 727 2169 has
747 2124 925 2169 litteras.
953 2123 1070 2169 Illud
1092 2140 1192 2169 sane
1220 2125 1357 2169 sciant
1372 2160 1383 2180 ,
1404 2123 1481 2184 qui

97 2203 182 2247 hoc
203 2201 248 2244 in
271 2215 405 2260 graeca
428 2208 471 2243 et
492 2199 625 2243 latina
643 2197 853 2256 scriptura
868 2232 878 2252 ‚
903 2197 1112 2257 quoniam
1130 2211 1218 2240 non
1238 2195 1324 2240 illic
1336 2211 1480 2240 serva-

100 2282 195 2317 tum
223 2279 287 2315 est
303 2305 314 2325 ,
335 2270 529 2314 invenire
554 2283 643 2313 non
667 2275 846 2327 possunt
862 2302 873 2322 ,
895 2282 1044 2311 omnes
1073 2276 1251 2311 octonos
1268 2282 1415 2310 versus
1436 2267 1483 2309 in

100 2342 315 2389 hebraicis
332 2340 556 2386 codicibus
580 2340 634 2385 ab
653 2355 702 2383 ea
719 2354 817 2399 quae
842 2337 923 2382 illis
939 2339 1209 2398 praeponitur
1224 2373 1234 2393 ,
1255 2337 1395 2382 littera
1412 2338 1483 2381 in-

102 2413 246 2473 cipere
263 2432 275 2470 3
290 2412 401 2457 sicut
419 2411 544 2456 nobis
560 2410 615 2455 ab
637 2410 696 2453 eis
713 2409 789 2469 qui
810 2407 904 2452 illas
927 2417 1144 2453 noverunt
1164 2407 1343 2463 litteras,
1369 2407 1484 2452 indi-

103 2493 250 2529 catum
289 2491 366 2527 est.
403 2481 534 2536 Quod
568 2479 708 2526 multo
745 2478 995 2539 diligentius
1025 2479 1191 2524 factum
1225 2487 1313 2534 est,
1350 2492 1484 2538 quam

154 2574 162 2592 ¹
184 2566 265 2600 Psal.
280 2577 395 2610 cxvm,
415 2566 490 2608 176.
506 2581 548 2589 —
567 2572 579 2589 ¹
595 2563 709 2598 matth.
730 2574 823 2606 xvm,
846 2572 896 2596 12.
917 2579 958 2586 —
980 2561 993 2586 ³
1010 2565 1088 2595 Luc.
1104 2573 1161 2604 xv,
1180 2561 1211 2605 4.
