1848 3261
410 209 494 250 546
840 220 874 248 s.
911 216 1144 247 AUGusTINI
1175 217 1358 246 nnscon

407 288 542 346 gitare
561 319 572 341 ,
602 299 683 329 nec
710 284 812 345 quia
845 293 1040 329 montem
1071 282 1255 339 audisti,
1289 283 1375 328 alta
1397 283 1603 344 quaedam
1631 283 1794 343 cogites

409 366 535 401 terrae
559 373 570 401 ε
596 370 675 399 nec
711 370 812 399 cum
845 370 996 399 saxum
1030 353 1151 398 audis
1187 363 1263 398 aut
1297 363 1464 414 petram
1482 388 1493 409 ,
1526 354 1686 398 duritia
1707 370 1731 398 a
1751 363 1796 398 te

407 426 708 486 intelligatur,
732 441 813 470 nec
836 441 937 469 cum
967 426 1090 469 audis
1121 425 1294 469 leonem
1313 459 1325 480 ,
1357 424 1517 482 cogites
1550 423 1794 483 feritatem3

407 513 487 543 nec
509 513 610 542 cum
628 496 750 542 audis
769 511 930 554 agnum
945 531 956 551 ,
981 496 1143 555 cogites
1166 511 1310 555 pecus.
1337 494 1455 541 Nihil
1477 495 1635 539 horum
1657 504 1721 539 est
1751 495 1798 539 in

406 584 466 624 se,
487 568 688 613 etomnia
710 567 852 611 factus
874 575 938 610 est
955 582 1032 626 pro
1049 576 1106 610 te.
1126 568 1236 611 Hinc
1258 581 1360 625 ergo
1374 564 1698 610 ascendendum
1715 573 1794 620 est,

409 640 513 684 illuc
551 638 906 696 ascendendum3
935 639 990 682 ab
1028 639 1226 698 exemplo
1251 638 1410 698 ipsius,
1441 636 1496 682 ad
1527 636 1798 681 divinitatem

405 712 553 771 ipsius.
588 708 849 768 Exemplum
872 709 987 753 enim
1002 708 1197 753 tibifecit
1214 708 1486 753 humiliando
1503 724 1562 752 se.
1584 710 1694 753 Nam
1722 706 1800 767 qui

409 781 618 826 nolebant
638 796 661 824 a
682 779 879 824 convalle
902 779 1156 840 plorationis
1171 779 1403 824 ascendere
1421 814 1432 834 ,
1455 778 1687 838 compressi
1697 786 1800 822 sunt

411 853 465 897 ab
489 854 598 912 ipso.
626 855 904 911 Praepropere
919 852 1035 895 enim
1057 850 1264 895 volebant
1276 851 1435 894 habere
1453 865 1676 894 ascensum
1694 884 1705 905 ,
1726 850 1800 894 ho-

410 939 535 968 nores
555 922 662 967 altos
687 923 965 980 cogitabant,
985 923 1100 966 viam
1128 921 1386 966 humilitatis
1415 937 1504 966 non
1530 921 1798 980 cogitabant.

409 993 631 1053 Intelligat
652 994 849 1038 Charitas
876 996 1016 1037 Vestra
1037 991 1158 1053 quod
1180 992 1300 1047 dico,
1327 991 1437 1036 duos
1463 991 1704 1051 Discipulos
1724 1007 1802 1036 vo-

411 1065 542 1110 luisse
574 1065 630 1109 ad
653 1065 787 1109 latera
812 1065 1009 1119 Domini,
1041 1079 1180 1107 unum
1204 1064 1259 1107 ad
1277 1063 1519 1118 dexteram,
1545 1062 1728 1106 alterum
1748 1063 1803 1106 ad

411 1137 625 1181 sinistram
647 1136 795 1179 sedere
812 1139 823 1161 ¹
848 1154 857 1179 ε
883 1135 992 1179 vidit
1009 1151 1080 1179 eos
1103 1134 1313 1179 Dominus
1331 1149 1605 1193 praepropere
1629 1143 1672 1176 et
1688 1148 1803 1192 prae-

410 1215 579 1267 pestere
601 1206 655 1249 de
668 1206 909 1249 honoribus
927 1205 1131 1263 cogitare,
1150 1220 1252 1248 cum
1272 1204 1391 1263 prius
1406 1204 1569 1248 discere
1593 1203 1805 1247 deberent

412 1277 632 1322 humiliari
655 1285 705 1319 ut
727 1275 1050 1333 exaltarentur,
1076 1285 1119 1319 et
1143 1276 1202 1319 ait
1231 1275 1290 1318 eis
1319 1275 1550 1328 Dominus,
1576 1293 1593 1313 «
1622 1273 1804 1318 Potestis

415 1367 435 1390 »
472 1349 622 1391 bibere
646 1346 825 1391 calicem
839 1361 971 1406 quem
995 1362 1075 1405 ego
1101 1346 1320 1390 bibiturus
1342 1361 1438 1389 sum
1455 1347 1471 1369 ²
1489 1347 1506 1389 Ξ)
1526 1363 1546 1385 n
1570 1348 1666 1404 Ipse
1688 1343 1805 1387 enim

415 1421 461 1464 in
484 1417 681 1464 convalle
702 1418 954 1478 plorationis
994 1418 1208 1460 bibiturus
1241 1426 1332 1460 erat
1353 1415 1532 1460 calicem
1561 1415 1765 1474 passionis
1792 1433 1802 1459 ε

411 1491 475 1535 illi
498 1500 642 1534 autem
666 1505 753 1532 non
784 1486 1054 1532 attendentes
1072 1485 1366 1539 humilitatem
1395 1485 1583 1540 Christi,
1608 1500 1807 1544 compre-

412 1561 606 1605 hendere
633 1560 838 1603 volebant
863 1558 1140 1602 altitudinem
1159 1556 1334 1601 Christi.
1371 1556 1608 1600 Revocavit
1634 1555 1730 1600 illos
1752 1555 1807 1599 ad

412 1634 551 1685 viam,
573 1640 782 1689 tanquam
802 1630 1051 1671 aberrantes
1073 1645 1082 1670 :
1104 1642 1195 1670 non
1211 1636 1261 1671 ut
1281 1635 1461 1686 negaret
1477 1625 1558 1670 illis
1572 1625 1693 1686 quod
1710 1625 1805 1670 vel-

415 1702 528 1757 lent,
550 1700 626 1745 sed
646 1709 695 1743 ut
717 1697 965 1743 ostenderet
980 1712 1067 1757 qua
1086 1697 1300 1740 venirent.

475 1776 531 1817 ΙΙ.
555 1776 723 1831 ltaque,
746 1770 896 1813 tratres
914 1768 1020 1822 mei,
1047 1768 1164 1811 hunc
1184 1767 1401 1810 Psalmum
1422 1767 1679 1811 ascensionis
1700 1782 1808 1811 can-

417 1855 558 1889 temus
593 1840 810 1886 ascensuri
848 1840 894 1883 in
921 1839 1077 1895 corde3
1121 1837 1224 1897 quia
1247 1847 1297 1881 ut
1319 1837 1600 1881 ascendamus
1633 1836 1809 1881 descen-

417 1930 514 1959 sum
537 1921 601 1956 est
631 1914 685 1955 ad
707 1926 800 1955 nos.
827 1912 936 1954 Nam
959 1907 1069 1952 vidit
1089 1907 1221 1951 scalas
1242 1907 1398 1962 Jacob,
1424 1916 1468 1950 et
1489 1908 1535 1950 in
1556 1907 1656 1966 ipsis
1685 1907 1809 1951 scalis

419 1983 704 2030 demonstrati
718 1990 819 2025 sunt
845 1980 882 2023 ei
898 1980 1178 2023 ascendentes
1196 1987 1240 2022 et
1266 1976 1577 2022 descendentes
1592 1980 1624 2018 3:
1641 1987 1810 2022 utrum-

417 2072 504 2116 que
525 2054 648 2099 vidit.
675 2056 907 2097 Possumus
937 2059 1089 2109 putare
1109 2048 1388 2093 ascendentes
1409 2049 1543 2103 visos,
1582 2049 1810 2107 proficien-

417 2138 508 2185 tes,
534 2123 870 2178 descendentes,
895 2121 1145 2166 deficientes
1165 2140 1173 2165 ι
1199 2120 1301 2180 quia
1317 2129 1361 2164 et
1392 2135 1540 2164 revera
1562 2119 1807 2164 invenimus

417 2200 500 2243 hoc
528 2198 574 2240 in
591 2194 756 2256 populo
773 2195 877 2252 Dei3
898 2193 969 2237 alii
983 2192 1239 2252 proficiunt,
1260 2190 1330 2234 alii
1355 2190 1580 2235 deficiunt.
1603 2194 1808 2235 Poterant

418 2270 521 2314 istos
543 2267 784 2326 significare
804 2263 892 2308 illae
914 2263 1040 2307 scalae
1055 2297 1066 2318 ,
1090 2261 1166 2306 sed
1185 2261 1298 2306 forte
1327 2260 1482 2305 melius
1502 2260 1809 2319 intelliguntur

421 2355 571 2386 omnes
598 2338 704 2382 boni
725 2337 771 2380 in
789 2335 872 2379 illis
886 2335 1008 2379 scalis
1023 2369 1034 2389 ⁷
1056 2343 1099 2377 et
1116 2333 1395 2377 ascendentes
1411 2342 1454 2376 et
1476 2331 1803 2376 descendentes.

420 2415 519 2458 Non
540 2410 656 2453 enirn
678 2407 836 2452 frustra
869 2422 959 2451 non
984 2404 1150 2449 dictum
1173 2412 1237 2447 est
1268 2402 1491 2458 cadentes,
1523 2403 1599 2447 sed
1625 2402 1809 2447 descen-

418 2482 588 2528 dentes.
609 2479 802 2525 Multum
816 2487 960 2522 autem
978 2477 1156 2521 interest
1171 2476 1284 2518 inter
1306 2473 1566 2519 descendere
1579 2483 1623 2519 et
1635 2473 1805 2519 cadere.

472 2573 480 2589 ¹
503 2565 616 2598 Matth.
637 2575 692 2607 xx,
711 2573 766 2597 21.
788 2579 828 2587 -
848 2569 861 2586 ²
886 2561 968 2595 Ibid.
991 2569 1046 2594 22.
1071 2577 1112 2584 -—
1136 2556 1150 2582 ³
1171 2561 1248 2593 Gen.
1271 2568 1383 2599 xxviii,
1406 2565 1454 2591 12.
