1848 3261
368 223 450 263 244
808 235 840 261 s.
876 232 1105 262 Aucusnm
1137 234 1317 261 EPISCOPI

361 301 481 345 bitur
514 314 588 343 cor
620 307 746 342 tuum
773 299 820 342 in
849 297 1072 342 laboribus
1105 318 1114 342 ε
1145 306 1196 341 ut
1220 299 1311 359 jam
1347 297 1477 342 corde
1510 295 1738 341 humiliato

360 370 498 415 discas
519 369 703 413 clamare
721 388 729 414 :
755 387 774 410 «
800 367 954 412 Infelix
975 384 1055 427 ego
1072 369 1204 412 homo
1218 404 1229 423 ,
1256 369 1351 428 quis
1369 384 1438 412 me
1461 367 1664 412 liberabit
1685 367 1739 411 de

363 460 384 484 »
410 457 589 501 corpore
601 441 750 485 mortis
762 440 891 498 hujus
904 441 913 463 ¹
932 441 948 481 ‘3
963 439 1251 484 Humiliatum
1266 450 1329 484 est
1347 454 1447 497 ergo
1458 439 1504 483 in
1518 439 1738 483 laboribus

363 533 383 557 »
419 529 493 558 cor
515 527 666 557 eorum
685 531 692 555 :
708 511 914 555 infirmati
935 520 1051 566 sunt,
1075 527 1155 555 nec
1173 509 1256 555 fuit
1277 511 1352 571 qui
1366 510 1589 570 adjuvaret
1606 526 1693 554 eos.
1714 527 1735 551 »

361 585 478 639 Quid
500 599 602 642 ergo
636 591 787 637 restat,
813 581 894 625 nisi
920 598 1053 642 quare
1084 581 1249 627 factum
1271 583 1363 626 est?
1385 600 1405 623 «
1431 581 1475 626 Si
1501 581 1615 625 enim
1639 581 1740 625 data

363 674 384 697 »
412 664 520 699 esset
539 653 631 708 lex,
657 668 755 712 quae
783 661 926 711 posset
945 652 1162 697 vivificare
1180 688 1191 708 ,
1222 653 1400 697 omnino
1431 667 1482 696 ex
1511 651 1605 709 lege
1631 659 1740 695 esset

361 744 382 769 »
412 725 576 786 justitia
603 742 611 767 :
632 723 707 767 sed
727 721 939 767 conclusit
963 722 1184 782 Scriptura
1205 723 1348 767 omnia
1368 722 1449 766 sub
1467 731 1644 782 peccato
1660 756 1671 777 ,
1690 730 1741 766 ut

361 815 382 839 >›
417 794 641 854 promissio
678 808 729 836 ex
759 791 845 836 fide
882 795 906 836 J
911 807 985 836 esu
1017 792 1177 837 Christi
1205 792 1381 836 daretur
1415 792 1736 836 credentibus‘2.

357 884 380 909 >›
415 869 503 910 Lex
520 873 666 909 autem
686 863 966 918 subintravit,
989 872 1039 907 ut
1060 862 1303 907 abundaret
1324 862 1532 908 delictum
1545 865 1578 907 3.
1606 881 1627 904 »
1651 865 1740 907 Ac-

356 936 508 996 cepisti
528 935 712 980 verbum
732 968 743 989 ,
769 934 970 994 accepisti
987 943 1254 994 praeceptum
1273 969 1284 990 ,
1310 950 1390 979 nec
1417 934 1574 978 desinis
1599 932 1740 978 facere

355 1007 479 1069 quod
500 1006 611 1050 male
631 1005 818 1050 faciebas
834 1041 845 1061 ,
871 1015 915 1050 et
935 1014 1113 1065 accepto
1134 1015 1377 1066 praecepto,
1407 1021 1535 1064 auges
1564 1014 1741 1065 peccata

356 1096 434 1140 per
450 1078 863 1139 praevaricationem.
893 1077 1086 1137 Superbe
1101 1113 1111 1132 ,
1133 1079 1166 1121 si
1188 1087 1230 1121 te
1258 1078 1508 1136 ignorabas,
1532 1077 1603 1121 vel
1626 1076 1741 1121 disce

355 1161 399 1195 te
421 1149 672 1195 humiliatus
699 1169 708 1193 z
729 1148 932 1193 clamabis
953 1183 964 1203 ,
995 1165 1017 1192 a
1041 1149 1294 1192 necessitate
1315 1148 1566 1192 liberaberis
1582 1183 1593 1202 ,
1627 1147 1740 1192 libc-

357 1231 474 1267 ratus
491 1221 786 1265 miserationes
807 1220 981 1264 Domini
1004 1220 1292 1264 confiteberis.
1323 1239 1343 1262 «
1365 1223 1422 1264 Et
1443 1219 1742 1264 clamaverunt

359 1313 381 1338 >›
417 1294 473 1338 ad
494 1292 754 1347 Dominum,
781 1306 882 1336 cum
903 1290 1243 1344 tribularentur,
1269 1299 1312 1334 et
1334 1289 1388 1334 de
1414 1290 1740 1334 necessitatibus

360 1385 383 1409 »
419 1380 570 1411 eorum
587 1363 725 1408 salvos
740 1361 845 1406 fecit
862 1377 933 1405 cos
951 1362 982 1404 4.
1006 1379 1026 1401 »
1046 1360 1236 1404 Liberati
1250 1370 1351 1404 sunt
1369 1359 1423 1404 de
1438 1361 1626 1404 secunda
1643 1370 1741 1405 ten-

360 1438 524 1483 tatione
544 1472 555 1491 ,
580 1443 711 1479 restat
732 1432 850 1493 taedii
872 1441 1002 1491 atque
1027 1431 1204 1475 fastidii.
1241 1431 1326 1476 Sed
1357 1431 1497 1490 primo
1517 1432 1624 1491 quid
1651 1431 1740 1475 istis

361 1507 563 1569 praestitit
591 1504 783 1549 liberatis
808 1538 818 1558 ‚
857 1501 1016 1546 videte.
1050 1520 1068 1542 «
1108 1504 1164 1545 Et
1186 1500 1335 1545 eduxit
1371 1517 1443 1547 eos
1471 1501 1525 1546 de
1552 1502 1741 1547 tenebris

361 1599 383 1621 >›
418 1588 461 1623 et
482 1577 636 1623 umbra
657 1575 832 1629 mortis,
851 1582 894 1617 et
910 1572 1083 1617 vincula
1096 1587 1245 1616 eorum
1268 1572 1465 1632 disrupit.
1487 1574 1740 1617 Confitean-

358 1670 381 1695 >›
417 1659 489 1694 tur
509 1647 695 1694 Domino
713 1643 1003 1689 miserationes
1019 1643 1108 1702 ejus
1126 1652 1168 1686 et
1190 1642 1402 1687 mirabilia
1426 1644 1516 1703 ejus
1537 1643 1634 1688 filiis
1661 1644 1741 1688 ho-

360 1741 381 1765 »
419 1720 603 1765 minum.
631 1735 651 1758 »
669 1716 959 1768 QuarePQuas
979 1712 1257 1757 difficultates
1273 1712 1407 1757 vicit?
1423 1732 1443 1754 «
1462 1713 1571 1766 Quia
1584 1714 1741 1758 contri-

363 1814 383 1835 »
417 1792 480 1837 vit
503 1797 647 1850 portas
669 1800 799 1830 aereas
815 1819 826 1839 ,
847 1793 890 1829 et
910 1792 1053 1828 vectes
1086 1783 1247 1828 ferreos
1281 1782 1510 1841 confregit.
1545 1785 1741 1844 Suscepit

359 1883 382 1907 >›
419 1878 490 1908 eos
513 1862 568 1906 de
599 1859 669 1905 via
701 1856 939 1917 iniquitatis
965 1871 1116 1900 eorum
1142 1874 1150 1899 :
1175 1864 1350 1914 propter
1375 1855 1601 1915 injustitias
1623 1856 1740 1900 enim

360 1953 382 1976 »
418 1949 514 1979 suas
531 1930 749 1976 humiliati
769 1937 871 1972 suut
891 1928 921 1969 ⁵.
945 1946 963 1968 »
981 1927 1088 1979 Quia
1105 1926 1187 1970 sibi
1209 1925 1483 1980 tribuebant,
1508 1942 1597 1971 non
1620 1930 1709 1972 Deo
1727 1946 1735 1972 :

357 2007 460 2067 quia
482 2018 604 2049 suam
622 2000 834 2062 justitiam
862 1997 1206 2051 constituebant,
1231 1997 1474 2056 ignorantes
1502 1998 1579 2042 Dei
1609 1998 1739 2058 justi-

362 2079 466 2121 tiam
481 2078 496 2101 ὅ
512 2109 524 2130 ,
549 2070 768 2118 humiliati
789 2078 904 2113 sunt.
932 2071 1199 2113 Invenerunt
1216 2083 1260 2112 sc
1282 2084 1372 2112 non
1389 2083 1512 2127 posse
1539 2068 1629 2112 sine
1651 2070 1740 2129 ejus

360 2146 575 2207 adjutorio
596 2179 607 2199 ,
628 2142 703 2203 qui
724 2140 778 2185 de
799 2140 884 2184 suis
903 2138 1000 2183 solis
1017 2138 1181 2183 viribus
1199 2139 1533 2198 praesumebant.

417 2220 498 2263 XI.
526 2214 609 2261 Sed
628 2211 748 2274 quod
770 2209 888 2255 aliud
910 2225 1044 2269 genus
1065 2210 1222 2253 restat?
1248 2227 1264 2249 «
1282 2211 1467 2253 Omnem
1486 2224 1626 2254 escam
1641 2209 1741 2255 abo-

362 2310 384 2333 »
420 2288 583 2332 minata
613 2293 677 2328 est
697 2283 837 2327 anima
861 2297 1025 2326 eorum.
1054 2299 1074 2322 »
1112 2283 1207 2324 Jam
1239 2279 1457 2324 fastidium
1486 2281 1735 2340 patiuntur,

364 2358 538 2405 fastidio
558 2357 770 2414 languent
790 2388 801 2408 ,
825 2352 996 2396 fastidio
1018 2351 1314 2411 periclitantur
1342 2371 1350 2394 :
1374 2350 1454 2394 nisi
1480 2350 1592 2395 forte
1614 2362 1739 2411 putas

365 2430 502 2477 occidi
525 2444 596 2474 eos
613 2426 725 2472 fame
739 2425 927 2486 potuisse
946 2459 957 2479 ,
977 2432 1020 2467 et
1036 2439 1125 2468 non
1141 2437 1263 2483 posse
1286 2421 1473 2466 fastidio.
1499 2421 1609 2466 Vide
1630 2424 1739 2483 quid

414 2530 532 2561 ¹Rom.
546 2537 606 2568 vn,
619 2524 672 2567 24.
688 2540 728 2547 —
748 2524 760 2546 ἑ
773 2522 839 2556 Gal.
858 2534 907 2563 111,
921 2531 977 2564 21,
990 2530 1096 2554 22—
1112 2520 1124 2545 3
1140 2524 1230 2554 Rom.
1245 2531 1277 2562 V,
1291 2528 1343 2553 πο.
1360 2537 1401 2544 -
1420 2519 1435 2550 4
1448 2520 1528 2554 Psal.
1543 2531 1605 2563 cvi,
1628 2520 1676 2553 13.
1696 2537 1737 2544 —-

365 2584 433 2611 *⁵
458 2584 539 2618 Ibid.
562 2581 678 2624 14—17.
697 2597 737 2604 —-
753 2578 769 2603 ⁶
793 2581 884 2612 Rom.
904 2588 937 2619 x,
958 2578 987 2610 3.
