1848 3261
418 226 660 259 ENARRATIO
690 231 736 260 m
767 227 970 259 rsALMuM
998 232 1084 259 mv.
1370 222 1455 262 207

74 294 256 339 tamenti
277 295 454 351 aeterni,
480 304 531 340 ut
556 304 766 356 tanquam
784 296 921 355 ipsam
946 294 1249 340 haereditatem
1275 297 1356 341 sibi
1376 298 1458 342 eli-

75 374 178 422 gant
199 368 355 420 Deum,
380 374 424 410 et
444 381 546 410 eum
569 367 698 426 gratis
720 365 864 412 colant
878 401 888 421 ‚
910 366 955 409 id
982 375 1060 420 est,
1085 375 1263 425 propter
1282 366 1424 426 ipsum
1442 403 1454 424 ,

74 449 162 479 non
181 445 358 494 propter
371 435 550 496 aliquod
567 436 913 482 emolumentum
927 435 1138 480 mercedis
1156 445 1273 481 extra
1284 436 1426 496 ipsum
1443 458 1455 496 3

73 512 117 549 et
145 505 229 549 hoc
247 504 408 549 faciant
429 505 679 562 laudantes,
714 507 963 551 invocantes
979 541 990 561 ,
1016 506 1323 550 annuntiantes
1341 542 1351 562 ‚
1377 522 1458 552 nec

74 576 121 619 in
142 591 263 620 suam
282 610 294 631 ‚
323 575 399 621 sed
420 577 467 620 in
493 579 585 637 ejus
607 576 785 636 gloriam
813 592 891 636 per
916 576 1049 620 fidem
1074 576 1185 621 bene
1207 586 1457 637 operantes,

74 661 149 706 spe
167 645 420 705 gatidente5‚
445 647 654 692 charitate
674 648 891 692 ferventes
905 649 936 690 ².
966 649 1060 692 Hoc
1081 656 1223 693 totum
1245 657 1369 692 sonat
1389 649 1456 693 his

75 717 270 761 versibus
292 735 301 761 :
325 735 342 757 «
365 718 646 762 Confitemini
666 718 868 773 Domino,
887 726 930 761 et
951 718 1150 762 invocate
1171 733 1333 762 nomen
1350 719 1456 778 ejus,

82 806 100 828 »
135 787 389 831 annuntiate
409 787 455 831 in
478 789 679 846 gentibus
701 804 831 848 opera
853 789 961 849 ejus.
993 789 1176 833 Cantate
1193 789 1253 844 ei,
1280 798 1323 833 et
1343 789 1461 849 psal-

77 874 99 898 »
131 857 208 901 lite
229 858 294 909 ei,
313 866 485 902 narrate
508 859 654 902 omnia
675 857 889 903 mirabilia
910 860 1016 919 ejus.
1033 858 1293 903 Laudamini
1313 860 1360 903 in
1380 875 1463 905 no-

78 944 100 968 »
133 928 250 971 mine
271 936 419 972 sancto
451 929 542 988 ejus
568 948 578 974 :
601 928 774 973 laetetur
801 945 876 974 cor
895 929 1186 989 quaerentium
1208 931 1459 976 Dominum.

78 1015 99 1039 η
133 999 324 1051 Quaerite
346 1000 609 1056 Dominum,
646 1008 688 1044 et
718 1000 1065 1055 confirmamini,
1097 1001 1279 1060 quaerite
1306 999 1462 1046 faciem

79 1086 100 1110 »
131 1069 222 1128 ejus
249 1084 418 1128 semper
433 1070 466 1112 ².
495 1087 515 1110 »

133 1141 339 1183 XXXVI.
371 1138 537 1183 Deinde
567 1138 623 1182 ad
653 1139 934 1198 parvulorum
964 1139 1096 1185 corda
1125 1141 1360 1186 nutrienda
1377 1177 1388 1197 ‚
1414 1151 1465 1187 ut

75 1209 336 1253 roborentur
361 1209 407 1251 in
429 1208 542 1264 fide,
567 1208 622 1253 de
647 1210 902 1254 Patriarchis
930 1220 1237 1270 proponuntur
1264 1212 1461 1272 exempla

75 1289 119 1323 et
145 1279 320 1323 illorum
341 1278 444 1322 fidei
473 1288 516 1323 et
536 1280 834 1339 promissionis
859 1281 935 1325 Dei
955 1315 966 1336 ‚
994 1290 1044 1325 ut
1067 1281 1280 1327 imitando
1301 1292 1344 1327 et
1360 1298 1462 1342 spe·-

75 1349 212 1395 rando
240 1350 371 1394 simus
402 1365 550 1393 semen
570 1350 744 1395 illorum
760 1386 771 1405 ‚
797 1367 886 1395 non
908 1350 962 1395 de
983 1351 1073 1397 sola
1095 1362 1224 1412 gente
1253 1353 1464 1399 Hebraeo-

75 1437 189 1475 rum,
209 1420 283 1465 sed
305 1429 523 1481 quotquot
536 1421 659 1465 istam
677 1422 858 1481 gratiam
874 1422 1114 1482 suscipiunt
1127 1423 1173 1467 in
1186 1424 1306 1468 omni
1327 1433 1457 1470 terra.

75 1491 202 1545 Quod
219 1501 361 1536 totum
383 1493 450 1536 his
472 1492 666 1536 versibus
686 1493 935 1537 continetur
959 1512 968 1537 z
1000 1511 1021 1534 «
1045 1496 1314 1538 Mementote
1332 1495 1465 1540 mira-

78 1581 99 1604 »
135 1562 289 1606 bilium
306 1563 396 1623 ejus
413 1578 513 1623 quae
533 1562 653 1617 fecit,
671 1562 870 1622 prodigia
892 1564 985 1623 ejus
1003 1572 1046 1608 et
1062 1563 1223 1623 judicia
1246 1565 1330 1609 oris
1352 1567 1459 1626 ejus.

76 1651 98 1675 »
135 1635 291 1678 Semen
307 1633 526 1677 Abraham
547 1633 657 1677 servi
678 1633 770 1693 ejus
787 1667 798 1688 ,
823 1631 901 1676 filii
924 1634 1062 1678 Jacob
1084 1633 1210 1678 electi
1231 1635 1337 1695 ejus.
1364 1639 1461 1696 Ipse

78 1721 99 1745 »
135 1702 344 1747 Dominus
367 1705 479 1747 Deus
501 1712 667 1756 noster,
701 1703 749 1746 in
770 1703 890 1748 omni
911 1713 1024 1748 terra
1046 1704 1211 1765 judicia
1230 1707 1338 1766 ejus.
1364 1710 1461 1752 Me-

79 1792 101 1815 »
134 1789 230 1818 mor
250 1772 334 1818 fuit
358 1773 404 1817 in
425 1772 633 1817 saeculum
655 1773 902 1817 testamenti
926 1774 1015 1828 sui,
1040 1775 1161 1819 verbi
1190 1776 1312 1836 quod
1334 1792 1462 1822 man-

135 1843 253 1888 davit
287 1844 333 1887 in
360 1842 480 1887 mille
512 1843 824 1900 generationes.
850 1842 981 1897 Quod
1003 1843 1214 1904 disposuit
1243 1845 1298 1891 ad
1320 1847 1462 1892 Abra-

79 1933 100 1956 »
135 1916 261 1969 ham,
301 1922 345 1958 et
367 1913 601 1974 juramenti
623 1914 689 1957 sui
723 1914 778 1958 ad
807 1917 939 1959 Isaac.
974 1917 1030 1959 Et
1064 1917 1213 1961 statuit
1233 1916 1345 1962 illud
1381 1918 1465 1978 ipsi

79 2005 100 2028 »
135 1986 272 2031 Jacob
304 1987 352 2029 in
383 1995 647 2045 praeceptum
677 2005 685 2029 :
720 1995 763 2030 et
795 1986 876 2045 ipsi
906 1986 1038 2032 Israel
1074 1987 1121 2032 in
1152 1997 1463 2035 testamentum

80 2077 100 2099 »
135 2067 347 2101 aeternum
363 2092 374 2112 ‚
399 2057 547 2101 dicens
574 2077 582 2102 :
610 2057 703 2102 Tibi
721 2057 837 2102 dabo
858 2066 1016 2103 terram
1032 2060 1241 2105 Chanaan
1257 2096 1267 2116 ‚
1292 2061 1462 2107 funicu-

80 2147 100 2170 »
135 2128 227 2172 lum
255 2128 518 2172 haereditatis
544 2129 744 2172 vestraess.
783 2146 803 2169 υ
835 2130 943 2181 Quae
970 2130 1137 2186 omnia,
1168 2146 1248 2190 pro
1279 2133 1461 2179 modulo

78 2214 175 2243 meo
189 2234 199 2253 ‚
221 2198 592 2259 quemadmodum
615 2199 860 2258 accipienda
885 2210 1026 2245 essent
1046 2202 1240 2261 exposui.

137 2272 365 2313 XXXVII.
394 2269 474 2313 Hic
495 2270 751 2314 occurrebat
767 2270 911 2314 animo
933 2271 1126 2330 parvulae
1148 2272 1249 2317 fidei
1269 2293 1279 2319 ι
1301 2274 1343 2318 Si
1360 2290 1462 2333 ergo

78 2343 193 2384 Deus
216 2340 346 2398 gratis
368 2347 431 2383 est
461 2339 669 2383 colendus
683 2375 693 2394 ‚
716 2349 759 2383 et
780 2342 1027 2385 testamenti
1048 2344 1199 2387 aeterni
1231 2344 1461 2389 haereditas

78 2411 170 2470 ipse
186 2426 209 2454 a
226 2425 270 2454 se
286 2411 378 2469 ipso
400 2409 685 2469 requirendus
709 2411 951 2464 ,mortalem
968 2411 1093 2456 istam
1109 2413 1241 2459 vitam
1263 2430 1464 2474 quaeren-

82 2481 190 2526 tium
212 2481 313 2525 euni
329 2515 339 2535 ,
364 2489 408 2524 et
423 2480 681 2540 temporales
702 2481 994 2537 necessitates,
1020 2498 1076 2527 an
1096 2493 1140 2528 et
1159 2485 1249 2544 ipsa
1271 2500 1360 2530 suae
1381 2486 1464 2531 mi-

80 1862 89 1885 )

91 1862 100 1885 v

130 2573 138 2587 ¹
156 2568 246 2598 Rom.
263 2577 323 2606 χιι,
346 2576 400 2606 11,
418 2574 467 2597 12.
490 2582 531 2587 -—
548 2572 560 2588 ²
583 2565 663 2597 Psal.
684 2576 747 2607 civ,
768 2565 839 2609 1-4.
860 2583 901 2589 —
918 2564 932 2590 3
956 2567 1038 2600 lbid.
1059 2567 1155 2601 5-11.
