<?xml version="1.0" encoding="UTF-8"?>
<!DOCTYPE html PUBLIC "-//W3C//DTD XHTML 1.0 Transitional//EN"
    "http://www.w3.org/TR/xhtml1/DTD/xhtml1-transitional.dtd">
<html xmlns="http://www.w3.org/1999/xhtml" xml:lang="en" lang="en">
 <head>
  <title>
</title>
<meta http-equiv="Content-Type" content="text/html;charset=utf-8" />
  <meta name='ocr-system' content='tesseract 3.04.00' />
  <meta name='ocr-capabilities' content='ocr_page ocr_carea ocr_par ocr_line ocrx_word'/>
</head>
<body>
  <div class='ocr_page' id='page_1' title='image "./operaomniaaccura11auguuoft_0180.png"; bbox 0 0 1848 3261; ppageno 0'>
   <div class='ocr_carea' id='block_1_1' title="bbox 352 249 1842 2499">
    <p class='ocr_par' dir='ltr' id='par_1_1' title="bbox 352 249 1842 455">
     <span class='ocr_line' id='line_1_1' title="bbox 419 249 1367 288; baseline -0.004 0"><span class='ocrx_word' id='word_1_1' title='bbox 419 250 502 288; x_wconf 87' lang='lat'>170</span> <span class='ocrx_word' id='word_1_2' title='bbox 857 263 889 288; x_wconf 93' lang='lat' dir='ltr'>s.</span> <span class='ocrx_word' id='word_1_3' title='bbox 926 249 1154 287; x_wconf 66' lang='lat' dir='ltr'>Anauswm</span> <span class='ocrx_word' id='word_1_4' title='bbox 1186 259 1367 285; x_wconf 75' lang='lat' dir='ltr'>m‘lscom</span> 
     </span>
     <span class='ocr_line' id='line_1_2' title="bbox 352 308 1842 381; baseline -0.003 -12"><span class='ocrx_word' id='word_1_5' title='bbox 352 320 360 329; x_wconf 54' lang='grc'><em>“</em></span> <span class='ocrx_word' id='word_1_6' title='bbox 413 324 512 370; x_wconf 92' lang='lat' dir='ltr'>Noli</span> <span class='ocrx_word' id='word_1_7' title='bbox 533 325 700 381; x_wconf 82' lang='lat' dir='ltr'>timere,</span> <span class='ocrx_word' id='word_1_8' title='bbox 726 324 815 369; x_wconf 91' lang='lat' dir='ltr'>noli</span> <span class='ocrx_word' id='word_1_9' title='bbox 839 325 1001 378; x_wconf 86' lang='lat' dir='ltr'>terreri,</span> <span class='ocrx_word' id='word_1_10' title='bbox 1022 322 1214 367; x_wconf 86' lang='lat' dir='ltr'>desidera</span> <span class='ocrx_word' id='word_1_11' title='bbox 1232 323 1431 381; x_wconf 76' lang='lat' dir='ltr'>patriam,</span> <span class='ocrx_word' id='word_1_12' title='bbox 1454 320 1646 379; x_wconf 76' lang='lat' dir='ltr'>intellige</span> <span class='ocrx_word' id='word_1_13' title='bbox 1666 335 1793 381; x_wconf 89' lang='lat' dir='ltr'>pere-</span> <span class='ocrx_word' id='word_1_14' title='bbox 1838 308 1842 319; x_wconf 46' lang='lat'>¹</span> 
     </span>
     <span class='ocr_line' id='line_1_3' title="bbox 415 395 718 455; baseline 0 -16"><span class='ocrx_word' id='word_1_15' title='bbox 415 395 718 455; x_wconf 84' lang='lat' dir='ltr'>grinationem.</span> 
     </span>
    </p>

    <p class='ocr_par' dir='ltr' id='par_1_2' title="bbox 412 461 1801 1229">
     <span class='ocr_line' id='line_1_4' title="bbox 473 461 1796 522; baseline -0.004 -13"><span class='ocrx_word' id='word_1_16' title='bbox 473 468 526 510; x_wconf 90' lang='lat' dir='ltr'>V.</span> <span class='ocrx_word' id='word_1_17' title='bbox 557 484 577 507; x_wconf 89' lang='lat'>«</span> <span class='ocrx_word' id='word_1_18' title='bbox 599 464 693 509; x_wconf 89' lang='lat' dir='ltr'>Illic</span> <span class='ocrx_word' id='word_1_19' title='bbox 717 480 847 509; x_wconf 89' lang='lat' dir='ltr'>naves</span> <span class='ocrx_word' id='word_1_20' title='bbox 870 463 1222 508; x_wconf 82' lang='lat' dir='ltr'>commeabunt1.</span> <span class='ocrx_word' id='word_1_21' title='bbox 1247 480 1267 502; x_wconf 84' lang='lat'>»</span> <span class='ocrx_word' id='word_1_22' title='bbox 1292 465 1405 506; x_wconf 80' lang='lat' dir='ltr'>Ecce</span> <span class='ocrx_word' id='word_1_23' title='bbox 1426 463 1471 505; x_wconf 84' lang='lat' dir='ltr'>in</span> <span class='ocrx_word' id='word_1_24' title='bbox 1493 477 1543 506; x_wconf 93' lang='lat' dir='ltr'>eo</span> <span class='ocrx_word' id='word_1_25' title='bbox 1567 461 1687 522; x_wconf 86' lang='lat' dir='ltr'>quod</span> <span class='ocrx_word' id='word_1_26' title='bbox 1708 469 1796 505; x_wconf 88' lang='lat' dir='ltr'>ter-</span> 
     </span>
     <span class='ocr_line' id='line_1_5' title="bbox 412 531 1796 591; baseline -0.004 -11"><span class='ocrx_word' id='word_1_27' title='bbox 412 536 562 591; x_wconf 74' lang='lat' dir='ltr'>rebat,</span> <span class='ocrx_word' id='word_1_28' title='bbox 590 551 720 579; x_wconf 80' lang='lat' dir='ltr'>naves</span> <span class='ocrx_word' id='word_1_29' title='bbox 740 544 914 589; x_wconf 84' lang='lat' dir='ltr'>natant,</span> <span class='ocrx_word' id='word_1_30' title='bbox 940 543 983 578; x_wconf 90' lang='lat' dir='ltr'>et</span> <span class='ocrx_word' id='word_1_31' title='bbox 1005 550 1093 578; x_wconf 89' lang='lat' dir='ltr'>non</span> <span class='ocrx_word' id='word_1_32' title='bbox 1121 541 1393 591; x_wconf 81' lang='lat' dir='ltr'>merguntur.</span> <span class='ocrx_word' id='word_1_33' title='bbox 1419 535 1556 577; x_wconf 89' lang='lat' dir='ltr'>Naves</span> <span class='ocrx_word' id='word_1_34' title='bbox 1584 531 1796 576; x_wconf 90' lang='lat' dir='ltr'>Ecclesias</span> 
     </span>
     <span class='ocr_line' id='line_1_6' title="bbox 413 601 1795 664; baseline -0.004 -14"><span class='ocrx_word' id='word_1_35' title='bbox 413 605 710 664; x_wconf 76' lang='lat' dir='ltr'>intelligimus,</span> <span class='ocrx_word' id='word_1_36' title='bbox 736 613 983 648; x_wconf 81' lang='lat' dir='ltr'>commeant</span> <span class='ocrx_word' id='word_1_37' title='bbox 1002 605 1114 648; x_wconf 85' lang='lat' dir='ltr'>inter</span> <span class='ocrx_word' id='word_1_38' title='bbox 1135 612 1427 662; x_wconf 81' lang='lat' dir='ltr'>tempestates⁷</span> <span class='ocrx_word' id='word_1_39' title='bbox 1451 604 1564 646; x_wconf 87' lang='lat' dir='ltr'>inter</span> <span class='ocrx_word' id='word_1_40' title='bbox 1585 601 1795 661; x_wconf 88' lang='lat' dir='ltr'>procellas</span> 
     </span>
     <span class='ocr_line' id='line_1_7' title="bbox 412 672 1797 732; baseline -0.004 -12"><span class='ocrx_word' id='word_1_41' title='bbox 412 677 720 730; x_wconf 75' lang='lat' dir='ltr'>tentationum,</span> <span class='ocrx_word' id='word_1_42' title='bbox 740 675 852 718; x_wconf 87' lang='lat' dir='ltr'>inter</span> <span class='ocrx_word' id='word_1_43' title='bbox 874 674 1031 717; x_wconf 79' lang='lat' dir='ltr'>fluctus</span> <span class='ocrx_word' id='word_1_44' title='bbox 1053 673 1215 728; x_wconf 79' lang='lat' dir='ltr'>saeculi,</span> <span class='ocrx_word' id='word_1_45' title='bbox 1235 674 1348 716; x_wconf 87' lang='lat' dir='ltr'>inter</span> <span class='ocrx_word' id='word_1_46' title='bbox 1366 672 1565 716; x_wconf 84' lang='lat' dir='ltr'>animalia</span> <span class='ocrx_word' id='word_1_47' title='bbox 1580 672 1736 732; x_wconf 83' lang='lat' dir='ltr'>pusilla</span> <span class='ocrx_word' id='word_1_48' title='bbox 1754 681 1797 716; x_wconf 88' lang='lat' dir='ltr'>et</span> 
     </span>
     <span class='ocr_line' id='line_1_8' title="bbox 414 742 1797 805; baseline -0.003 -14"><span class='ocrx_word' id='word_1_49' title='bbox 414 763 571 805; x_wconf 82' lang='lat' dir='ltr'>magna</span> <span class='ocrx_word' id='word_1_50' title='bbox 590 746 889 791; x_wconf 86' lang='lat' dir='ltr'>:Gubernator</span> <span class='ocrx_word' id='word_1_51' title='bbox 907 755 970 789; x_wconf 84' lang='lat' dir='ltr'>est</span> <span class='ocrx_word' id='word_1_52' title='bbox 982 745 1177 789; x_wconf 85' lang='lat' dir='ltr'>Christus</span> <span class='ocrx_word' id='word_1_53' title='bbox 1194 745 1239 787; x_wconf 89' lang='lat' dir='ltr'>in</span> <span class='ocrx_word' id='word_1_54' title='bbox 1256 743 1374 801; x_wconf 82' lang='lat' dir='ltr'>ligno</span> <span class='ocrx_word' id='word_1_55' title='bbox 1387 744 1524 788; x_wconf 86' lang='lat' dir='ltr'>crucis</span> <span class='ocrx_word' id='word_1_56' title='bbox 1537 760 1640 787; x_wconf 88' lang='lat' dir='ltr'>suae.</span> <span class='ocrx_word' id='word_1_57' title='bbox 1664 762 1682 785; x_wconf 93' lang='lat'>«</span> <span class='ocrx_word' id='word_1_58' title='bbox 1702 742 1797 787; x_wconf 84' lang='lat' dir='ltr'>Illic</span> 
     </span>
     <span class='ocr_line' id='line_1_9' title="bbox 416 811 1797 868; baseline -0.002 -10"><span class='ocrx_word' id='word_1_59' title='bbox 416 835 437 858; x_wconf 88' lang='lat'>»</span> <span class='ocrx_word' id='word_1_60' title='bbox 472 832 601 860; x_wconf 88' lang='lat' dir='ltr'>naves</span> <span class='ocrx_word' id='word_1_61' title='bbox 626 815 951 860; x_wconf 85' lang='lat' dir='ltr'>commeabunt.</span> <span class='ocrx_word' id='word_1_62' title='bbox 982 834 1001 855; x_wconf 88' lang='lat'>»</span> <span class='ocrx_word' id='word_1_63' title='bbox 1027 817 1125 859; x_wconf 89' lang='lat' dir='ltr'>Non</span> <span class='ocrx_word' id='word_1_64' title='bbox 1148 815 1326 857; x_wconf 82' lang='lat' dir='ltr'>timeant</span> <span class='ocrx_word' id='word_1_65' title='bbox 1354 829 1509 868; x_wconf 84' lang='lat' dir='ltr'>naves,</span> <span class='ocrx_word' id='word_1_66' title='bbox 1546 829 1636 857; x_wconf 91' lang='lat' dir='ltr'>non</span> <span class='ocrx_word' id='word_1_67' title='bbox 1672 811 1797 856; x_wconf 89' lang='lat' dir='ltr'>valde</span> 
     </span>
     <span class='ocr_line' id='line_1_10' title="bbox 413 883 1798 944; baseline -0.004 -13"><span class='ocrx_word' id='word_1_68' title='bbox 413 886 640 932; x_wconf 84' lang='lat' dir='ltr'>attendant</span> <span class='ocrx_word' id='word_1_69' title='bbox 655 886 733 930; x_wconf 88' lang='lat' dir='ltr'>ubi</span> <span class='ocrx_word' id='word_1_70' title='bbox 751 895 919 940; x_wconf 81' lang='lat' dir='ltr'>natent,</span> <span class='ocrx_word' id='word_1_71' title='bbox 943 884 1019 929; x_wconf 88' lang='lat' dir='ltr'>sed</span> <span class='ocrx_word' id='word_1_72' title='bbox 1042 901 1064 929; x_wconf 90' lang='lat' dir='ltr'>a</span> <span class='ocrx_word' id='word_1_73' title='bbox 1083 900 1171 944; x_wconf 84' lang='lat' dir='ltr'>quo</span> <span class='ocrx_word' id='word_1_74' title='bbox 1189 884 1503 942; x_wconf 81' lang='lat' dir='ltr'>gubernentur.</span> <span class='ocrx_word' id='word_1_75' title='bbox 1529 903 1548 925; x_wconf 91' lang='lat'>«</span> <span class='ocrx_word' id='word_1_76' title='bbox 1564 883 1657 927; x_wconf 86' lang='lat' dir='ltr'>lllic</span> <span class='ocrx_word' id='word_1_77' title='bbox 1669 897 1798 926; x_wconf 87' lang='lat' dir='ltr'>naves</span> 
     </span>
     <span class='ocr_line' id='line_1_11' title="bbox 415 954 1795 1014; baseline -0.003 -14"><span class='ocrx_word' id='word_1_78' title='bbox 415 977 436 1000; x_wconf 86' lang='lat'>»</span> <span class='ocrx_word' id='word_1_79' title='bbox 471 958 796 1002; x_wconf 83' lang='lat' dir='ltr'>commeabunt.</span> <span class='ocrx_word' id='word_1_80' title='bbox 826 975 845 998; x_wconf 66' lang='grc' dir='ltr'>η</span> <span class='ocrx_word' id='word_1_81' title='bbox 874 959 1015 1009; x_wconf 89' lang='lat' dir='ltr'>Quem</span> <span class='ocrx_word' id='word_1_82' title='bbox 1043 965 1334 1000; x_wconf 76' lang='lat' dir='ltr'>commeatum</span> <span class='ocrx_word' id='word_1_83' title='bbox 1360 955 1583 1014; x_wconf 89' lang='lat' dir='ltr'>reperiunt</span> <span class='ocrx_word' id='word_1_84' title='bbox 1608 954 1795 1008; x_wconf 79' lang='lat' dir='ltr'>tristem,</span> 
     </span>
     <span class='ocr_line' id='line_1_12' title="bbox 412 1024 1801 1091; baseline -0.004 -19"><span class='ocrx_word' id='word_1_85' title='bbox 412 1029 590 1091; x_wconf 86' lang='lat' dir='ltr'>quando</span> <span class='ocrx_word' id='word_1_86' title='bbox 619 1029 955 1088; x_wconf 82' lang='lat' dir='ltr'>gubernatorem</span> <span class='ocrx_word' id='word_1_87' title='bbox 983 1028 1177 1071; x_wconf 89' lang='lat' dir='ltr'>sentiunt</span> <span class='ocrx_word' id='word_1_88' title='bbox 1199 1027 1446 1071; x_wconf 78' lang='lat' dir='ltr'>Christum?</span> <span class='ocrx_word' id='word_1_89' title='bbox 1479 1024 1801 1070; x_wconf 79' lang='lat' dir='ltr'>commeabunt</span> 
     </span>
     <span class='ocr_line' id='line_1_13' title="bbox 413 1094 1800 1158; baseline -0.004 -14"><span class='ocrx_word' id='word_1_90' title='bbox 413 1116 578 1155; x_wconf 76' lang='lat' dir='ltr'>secure,</span> <span class='ocrx_word' id='word_1_91' title='bbox 604 1109 850 1144; x_wconf 85' lang='lat' dir='ltr'>commeent</span> <span class='ocrx_word' id='word_1_92' title='bbox 873 1107 1216 1158; x_wconf 74' lang='lat' dir='ltr'>perseveranter,</span> <span class='ocrx_word' id='word_1_93' title='bbox 1248 1097 1426 1143; x_wconf 87' lang='lat' dir='ltr'>Venient</span> <span class='ocrx_word' id='word_1_94' title='bbox 1447 1095 1501 1140; x_wconf 92' lang='lat' dir='ltr'>ad</span> <span class='ocrx_word' id='word_1_95' title='bbox 1523 1096 1655 1138; x_wconf 87' lang='lat' dir='ltr'>finem</span> <span class='ocrx_word' id='word_1_96' title='bbox 1678 1094 1800 1138; x_wconf 89' lang='lat' dir='ltr'>debi-</span> 
     </span>
     <span class='ocr_line' id='line_1_14' title="bbox 413 1167 1274 1229; baseline -0.006 -15"><span class='ocrx_word' id='word_1_97' title='bbox 413 1180 525 1222; x_wconf 79' lang='lat' dir='ltr'>tum,</span> <span class='ocrx_word' id='word_1_98' title='bbox 545 1169 841 1229; x_wconf 86' lang='lat' dir='ltr'>perducentur</span> <span class='ocrx_word' id='word_1_99' title='bbox 854 1168 908 1212; x_wconf 88' lang='lat' dir='ltr'>ad</span> <span class='ocrx_word' id='word_1_100' title='bbox 923 1178 1080 1212; x_wconf 86' lang='lat' dir='ltr'>terram</span> <span class='ocrx_word' id='word_1_101' title='bbox 1103 1167 1274 1227; x_wconf 80' lang='lat' dir='ltr'>quietis.</span> 
     </span>
    </p>

    <p class='ocr_par' dir='ltr' id='par_1_3' title="bbox 414 1233 1803 2499">
     <span class='ocr_line' id='line_1_15' title="bbox 473 1233 1801 1298; baseline -0.005 -14"><span class='ocrx_word' id='word_1_102' title='bbox 473 1243 550 1284; x_wconf 73' lang='lat' dir='ltr'>Vl.</span> <span class='ocrx_word' id='word_1_103' title='bbox 575 1242 652 1283; x_wconf 89' lang='lat' dir='ltr'>Est</span> <span class='ocrx_word' id='word_1_104' title='bbox 667 1240 712 1283; x_wconf 93' lang='lat' dir='ltr'>in</span> <span class='ocrx_word' id='word_1_105' title='bbox 732 1240 814 1284; x_wconf 82' lang='lat' dir='ltr'>isto</span> <span class='ocrx_word' id='word_1_106' title='bbox 836 1239 944 1282; x_wconf 88' lang='lat' dir='ltr'>mari</span> <span class='ocrx_word' id='word_1_107' title='bbox 963 1237 1129 1298; x_wconf 88' lang='lat' dir='ltr'>aliquid</span> <span class='ocrx_word' id='word_1_108' title='bbox 1151 1237 1278 1281; x_wconf 86' lang='lat' dir='ltr'>etiam</span> <span class='ocrx_word' id='word_1_109' title='bbox 1292 1272 1303 1291; x_wconf 84' lang='lat'>‚</span> <span class='ocrx_word' id='word_1_110' title='bbox 1323 1235 1443 1296; x_wconf 81' lang='lat' dir='ltr'>quod</span> <span class='ocrx_word' id='word_1_111' title='bbox 1465 1244 1639 1294; x_wconf 86' lang='lat' dir='ltr'>superat</span> <span class='ocrx_word' id='word_1_112' title='bbox 1656 1233 1801 1278; x_wconf 88' lang='lat' dir='ltr'>omnia</span> 
     </span>
     <span class='ocr_line' id='line_1_16' title="bbox 414 1305 1801 1368; baseline -0.004 -15"><span class='ocrx_word' id='word_1_113' title='bbox 414 1309 616 1354; x_wconf 86' lang='lat' dir='ltr'>animalia</span> <span class='ocrx_word' id='word_1_114' title='bbox 642 1308 797 1368; x_wconf 88' lang='lat' dir='ltr'>pusilla</span> <span class='ocrx_word' id='word_1_115' title='bbox 827 1318 870 1351; x_wconf 87' lang='lat' dir='ltr'>et</span> <span class='ocrx_word' id='word_1_116' title='bbox 902 1323 1074 1365; x_wconf 84' lang='lat' dir='ltr'>magna.</span> <span class='ocrx_word' id='word_1_117' title='bbox 1107 1306 1223 1359; x_wconf 88' lang='lat' dir='ltr'>Quid</span> <span class='ocrx_word' id='word_1_118' title='bbox 1250 1315 1313 1349; x_wconf 81' lang='lat' dir='ltr'>est</span> <span class='ocrx_word' id='word_1_119' title='bbox 1338 1307 1452 1349; x_wconf 77' lang='lat' dir='ltr'>hoc?</span> <span class='ocrx_word' id='word_1_120' title='bbox 1476 1305 1695 1349; x_wconf 83' lang='lat' dir='ltr'>Psalmum</span> <span class='ocrx_word' id='word_1_121' title='bbox 1723 1320 1801 1347; x_wconf 89' lang='lat' dir='ltr'>au-</span> 
     </span>
     <span class='ocr_line' id='line_1_17' title="bbox 414 1374 1795 1437; baseline -0.005 -13"><span class='ocrx_word' id='word_1_122' title='bbox 414 1380 584 1424; x_wconf 86' lang='lat' dir='ltr'>diamus</span> <span class='ocrx_word' id='word_1_123' title='bbox 612 1399 621 1424; x_wconf 77' lang='lat'>2</span> <span class='ocrx_word' id='word_1_124' title='bbox 652 1398 671 1420; x_wconf 60' lang='lat' dir='ltr'>a</span> <span class='ocrx_word' id='word_1_125' title='bbox 700 1382 838 1422; x_wconf 87' lang='lat' dir='ltr'>Draco</span> <span class='ocrx_word' id='word_1_126' title='bbox 861 1378 932 1422; x_wconf 88' lang='lat' dir='ltr'>hic</span> <span class='ocrx_word' id='word_1_127' title='bbox 953 1392 1084 1437; x_wconf 90' lang='lat' dir='ltr'>quem</span> <span class='ocrx_word' id='word_1_128' title='bbox 1107 1377 1266 1420; x_wconf 81' lang='lat' dir='ltr'>finxisti</span> <span class='ocrx_word' id='word_1_129' title='bbox 1290 1376 1342 1419; x_wconf 80' lang='lat' dir='ltr'>ad</span> <span class='ocrx_word' id='word_1_130' title='bbox 1361 1374 1638 1419; x_wconf 82' lang='lat' dir='ltr'>illudendum</span> <span class='ocrx_word' id='word_1_131' title='bbox 1660 1375 1746 1418; x_wconf 74' lang='lat' dir='ltr'>ei2.</span> <span class='ocrx_word' id='word_1_132' title='bbox 1775 1393 1795 1417; x_wconf 90' lang='lat'>»</span> 
     </span>
     <span class='ocr_line' id='line_1_18' title="bbox 415 1444 1800 1509; baseline -0.004 -15"><span class='ocrx_word' id='word_1_133' title='bbox 415 1451 482 1495; x_wconf 86' lang='lat' dir='ltr'>Ibi</span> <span class='ocrx_word' id='word_1_134' title='bbox 496 1450 688 1509; x_wconf 86' lang='lat' dir='ltr'>repentia</span> <span class='ocrx_word' id='word_1_135' title='bbox 712 1464 899 1509; x_wconf 86' lang='lat' dir='ltr'>quorum</span> <span class='ocrx_word' id='word_1_136' title='bbox 917 1464 1007 1492; x_wconf 90' lang='lat' dir='ltr'>non</span> <span class='ocrx_word' id='word_1_137' title='bbox 1029 1457 1092 1491; x_wconf 89' lang='lat' dir='ltr'>est</span> <span class='ocrx_word' id='word_1_138' title='bbox 1109 1462 1331 1498; x_wconf 78' lang='lat' dir='ltr'>numeruS‚</span> <span class='ocrx_word' id='word_1_139' title='bbox 1348 1446 1408 1488; x_wconf 84' lang='lat' dir='ltr'>ibi</span> <span class='ocrx_word' id='word_1_140' title='bbox 1424 1444 1624 1488; x_wconf 87' lang='lat' dir='ltr'>animalia</span> <span class='ocrx_word' id='word_1_141' title='bbox 1644 1445 1800 1504; x_wconf 84' lang='lat' dir='ltr'>pusilla</span> 
     </span>
     <span class='ocr_line' id='line_1_19' title="bbox 415 1515 1800 1579; baseline -0.005 -14"><span class='ocrx_word' id='word_1_142' title='bbox 415 1530 457 1565; x_wconf 89' lang='lat' dir='ltr'>et</span> <span class='ocrx_word' id='word_1_143' title='bbox 478 1536 652 1579; x_wconf 82' lang='lat' dir='ltr'>magna,</span> <span class='ocrx_word' id='word_1_144' title='bbox 678 1520 767 1564; x_wconf 85' lang='lat' dir='ltr'>illie</span> <span class='ocrx_word' id='word_1_145' title='bbox 788 1534 918 1563; x_wconf 85' lang='lat' dir='ltr'>naves</span> <span class='ocrx_word' id='word_1_146' title='bbox 941 1517 1267 1571; x_wconf 80' lang='lat' dir='ltr'>commeabunt,</span> <span class='ocrx_word' id='word_1_147' title='bbox 1289 1526 1331 1559; x_wconf 86' lang='lat' dir='ltr'>et</span> <span class='ocrx_word' id='word_1_148' title='bbox 1352 1532 1441 1559; x_wconf 89' lang='lat' dir='ltr'>non</span> <span class='ocrx_word' id='word_1_149' title='bbox 1459 1515 1693 1570; x_wconf 85' lang='lat' dir='ltr'>timebunt,</span> <span class='ocrx_word' id='word_1_150' title='bbox 1711 1531 1800 1559; x_wconf 91' lang='lat' dir='ltr'>non</span> 
     </span>
     <span class='ocr_line' id='line_1_20' title="bbox 415 1586 1801 1649; baseline -0.004 -14"><span class='ocrx_word' id='word_1_151' title='bbox 415 1590 556 1635; x_wconf 86' lang='lat' dir='ltr'>solum</span> <span class='ocrx_word' id='word_1_152' title='bbox 590 1590 811 1649; x_wconf 78' lang='lat' dir='ltr'>repentia,</span> <span class='ocrx_word' id='word_1_153' title='bbox 843 1600 1031 1649; x_wconf 86' lang='lat' dir='ltr'>quorum</span> <span class='ocrx_word' id='word_1_154' title='bbox 1063 1603 1153 1631; x_wconf 90' lang='lat' dir='ltr'>non</span> <span class='ocrx_word' id='word_1_155' title='bbox 1181 1596 1244 1631; x_wconf 88' lang='lat' dir='ltr'>est</span> <span class='ocrx_word' id='word_1_156' title='bbox 1269 1602 1493 1632; x_wconf 69' lang='lat' dir='ltr'>numerus„</span> <span class='ocrx_word' id='word_1_157' title='bbox 1531 1596 1573 1631; x_wconf 91' lang='lat' dir='ltr'>et</span> <span class='ocrx_word' id='word_1_158' title='bbox 1602 1586 1801 1630; x_wconf 87' lang='lat' dir='ltr'>animalia</span> 
     </span>
     <span class='ocr_line' id='line_1_21' title="bbox 414 1657 1800 1721; baseline -0.004 -16"><span class='ocrx_word' id='word_1_159' title='bbox 414 1660 571 1721; x_wconf 86' lang='lat' dir='ltr'>pusilla</span> <span class='ocrx_word' id='word_1_160' title='bbox 592 1669 635 1704; x_wconf 92' lang='lat' dir='ltr'>et</span> <span class='ocrx_word' id='word_1_161' title='bbox 656 1675 812 1718; x_wconf 81' lang='lat' dir='ltr'>magna</span> <span class='ocrx_word' id='word_1_162' title='bbox 829 1694 839 1713; x_wconf 88' lang='lat'><strong>‚</strong></span> <span class='ocrx_word' id='word_1_163' title='bbox 861 1658 933 1702; x_wconf 88' lang='lat' dir='ltr'>sed</span> <span class='ocrx_word' id='word_1_164' title='bbox 957 1673 1036 1701; x_wconf 89' lang='lat' dir='ltr'>nee</span> <span class='ocrx_word' id='word_1_165' title='bbox 1057 1657 1291 1701; x_wconf 85' lang='lat' dir='ltr'>draconem</span> <span class='ocrx_word' id='word_1_166' title='bbox 1315 1657 1390 1716; x_wconf 81' lang='lat' dir='ltr'>qui</span> <span class='ocrx_word' id='word_1_167' title='bbox 1412 1657 1471 1700; x_wconf 86' lang='lat' dir='ltr'>ibi</span> <span class='ocrx_word' id='word_1_168' title='bbox 1491 1666 1554 1700; x_wconf 85' lang='lat' dir='ltr'>est</span> <span class='ocrx_word' id='word_1_169' title='bbox 1575 1676 1583 1700; x_wconf 92' lang='lat'>:</span> <span class='ocrx_word' id='word_1_170' title='bbox 1614 1675 1634 1698; x_wconf 89' lang='lat'>«</span> <span class='ocrx_word' id='word_1_171' title='bbox 1659 1659 1800 1710; x_wconf 86' lang='lat' dir='ltr'>Quem</span> 
     </span>
     <span class='ocr_line' id='line_1_22' title="bbox 418 1727 1800 1790; baseline -0.001 -18"><span class='ocrx_word' id='word_1_172' title='bbox 418 1750 438 1773; x_wconf 91' lang='lat'>»</span> <span class='ocrx_word' id='word_1_173' title='bbox 474 1730 633 1775; x_wconf 81' lang='lat' dir='ltr'>finxisti</span> <span class='ocrx_word' id='word_1_174' title='bbox 649 1765 659 1785; x_wconf 88' lang='lat'>,</span> <span class='ocrx_word' id='word_1_175' title='bbox 691 1730 833 1790; x_wconf 87' lang='lat' dir='ltr'>inquit</span> <span class='ocrx_word' id='word_1_176' title='bbox 854 1734 965 1784; x_wconf 87' lang='lat' dir='ltr'>Deo,</span> <span class='ocrx_word' id='word_1_177' title='bbox 992 1727 1047 1772; x_wconf 90' lang='lat' dir='ltr'>ad</span> <span class='ocrx_word' id='word_1_178' title='bbox 1068 1727 1343 1772; x_wconf 85' lang='lat' dir='ltr'>illudendum</span> <span class='ocrx_word' id='word_1_179' title='bbox 1368 1728 1420 1770; x_wconf 87' lang='lat' dir='ltr'>ei.</span> <span class='ocrx_word' id='word_1_180' title='bbox 1449 1746 1468 1767; x_wconf 85' lang='lat'>»</span> <span class='ocrx_word' id='word_1_181' title='bbox 1494 1730 1705 1786; x_wconf 79' lang='lat' dir='ltr'>Magnum</span> <span class='ocrx_word' id='word_1_182' title='bbox 1732 1743 1800 1771; x_wconf 87' lang='lat' dir='ltr'>se-</span> 
     </span>
     <span class='ocr_line' id='line_1_23' title="bbox 416 1795 1803 1858; baseline -0.004 -13"><span class='ocrx_word' id='word_1_183' title='bbox 416 1810 583 1845; x_wconf 86' lang='lat' dir='ltr'>cretum</span> <span class='ocrx_word' id='word_1_184' title='bbox 601 1835 612 1850; x_wconf 86' lang='lat'>‚</span> <span class='ocrx_word' id='word_1_185' title='bbox 638 1809 681 1844; x_wconf 88' lang='lat' dir='ltr'>et</span> <span class='ocrx_word' id='word_1_186' title='bbox 708 1809 853 1843; x_wconf 88' lang='lat' dir='ltr'>tamen</span> <span class='ocrx_word' id='word_1_187' title='bbox 876 1798 996 1858; x_wconf 80' lang='lat' dir='ltr'>quod</span> <span class='ocrx_word' id='word_1_188' title='bbox 1018 1798 1150 1842; x_wconf 87' lang='lat' dir='ltr'>nostis</span> <span class='ocrx_word' id='word_1_189' title='bbox 1181 1798 1377 1842; x_wconf 88' lang='lat' dir='ltr'>dicturus</span> <span class='ocrx_word' id='word_1_190' title='bbox 1405 1812 1516 1841; x_wconf 87' lang='lat' dir='ltr'>sum.</span> <span class='ocrx_word' id='word_1_191' title='bbox 1548 1798 1690 1842; x_wconf 84' lang='lat' dir='ltr'>Nostis</span> <span class='ocrx_word' id='word_1_192' title='bbox 1717 1795 1803 1840; x_wconf 86' lang='lat' dir='ltr'>ini-</span> 
     </span>
     <span class='ocr_line' id='line_1_24' title="bbox 416 1869 1802 1930; baseline -0.003 -13"><span class='ocrx_word' id='word_1_193' title='bbox 416 1873 578 1917; x_wconf 85' lang='lat' dir='ltr'>micum</span> <span class='ocrx_word' id='word_1_194' title='bbox 600 1871 805 1916; x_wconf 87' lang='lat' dir='ltr'>Ecclesiae</span> <span class='ocrx_word' id='word_1_195' title='bbox 822 1870 1057 1930; x_wconf 81' lang='lat' dir='ltr'>quemdam</span> <span class='ocrx_word' id='word_1_196' title='bbox 1079 1870 1311 1914; x_wconf 87' lang='lat' dir='ltr'>draconem</span> <span class='ocrx_word' id='word_1_197' title='bbox 1333 1889 1340 1913; x_wconf 91' lang='grc'>;</span> <span class='ocrx_word' id='word_1_198' title='bbox 1369 1885 1459 1914; x_wconf 88' lang='lat' dir='ltr'>non</span> <span class='ocrx_word' id='word_1_199' title='bbox 1481 1869 1648 1913; x_wconf 83' lang='lat' dir='ltr'>vidistis</span> <span class='ocrx_word' id='word_1_200' title='bbox 1667 1869 1802 1913; x_wconf 84' lang='lat' dir='ltr'>oculis</span> 
     </span>
     <span class='ocr_line' id='line_1_25' title="bbox 416 1939 1797 2000; baseline -0.003 -13"><span class='ocrx_word' id='word_1_201' title='bbox 416 1943 572 1997; x_wconf 86' lang='lat' dir='ltr'>carnis,</span> <span class='ocrx_word' id='word_1_202' title='bbox 597 1941 673 1986; x_wconf 88' lang='lat' dir='ltr'>sed</span> <span class='ocrx_word' id='word_1_203' title='bbox 695 1941 849 1985; x_wconf 85' lang='lat' dir='ltr'>videtis</span> <span class='ocrx_word' id='word_1_204' title='bbox 868 1941 1005 1985; x_wconf 88' lang='lat' dir='ltr'>oculis</span> <span class='ocrx_word' id='word_1_205' title='bbox 1024 1941 1140 1985; x_wconf 89' lang='lat' dir='ltr'>fidei.</span> <span class='ocrx_word' id='word_1_206' title='bbox 1167 1943 1264 2000; x_wconf 79' lang='lat' dir='ltr'>Ipse</span> <span class='ocrx_word' id='word_1_207' title='bbox 1289 1948 1332 1983; x_wconf 85' lang='lat' dir='ltr'>et</span> <span class='ocrx_word' id='word_1_208' title='bbox 1368 1940 1445 2000; x_wconf 83' lang='lat' dir='ltr'>qui</span> <span class='ocrx_word' id='word_1_209' title='bbox 1459 1949 1502 1983; x_wconf 84' lang='lat' dir='ltr'>et</span> <span class='ocrx_word' id='word_1_210' title='bbox 1517 1939 1585 1983; x_wconf 93' lang='lat' dir='ltr'>leo</span> <span class='ocrx_word' id='word_1_211' title='bbox 1603 1940 1762 1984; x_wconf 88' lang='lat' dir='ltr'>dicitur</span> <span class='ocrx_word' id='word_1_212' title='bbox 1788 1959 1797 1984; x_wconf 87' lang='lat'>:</span> 
     </span>
     <span class='ocr_line' id='line_1_26' title="bbox 416 2012 1802 2074; baseline -0.002 -14"><span class='ocrx_word' id='word_1_213' title='bbox 416 2015 471 2060; x_wconf 89' lang='lat' dir='ltr'>de</span> <span class='ocrx_word' id='word_1_214' title='bbox 493 2015 567 2059; x_wconf 90' lang='lat' dir='ltr'>illo</span> <span class='ocrx_word' id='word_1_215' title='bbox 603 2015 820 2074; x_wconf 87' lang='lat' dir='ltr'>Scriptura</span> <span class='ocrx_word' id='word_1_216' title='bbox 845 2013 950 2058; x_wconf 85' lang='lat' dir='ltr'>dicit</span> <span class='ocrx_word' id='word_1_217' title='bbox 970 2049 980 2068; x_wconf 81' lang='lat'><strong>‚</strong></span> <span class='ocrx_word' id='word_1_218' title='bbox 1016 2034 1035 2055; x_wconf 92' lang='lat'>«</span> <span class='ocrx_word' id='word_1_219' title='bbox 1063 2014 1351 2059; x_wconf 83' lang='lat' dir='ltr'>Conculcabis</span> <span class='ocrx_word' id='word_1_220' title='bbox 1381 2014 1551 2057; x_wconf 90' lang='lat' dir='ltr'>leonem</span> <span class='ocrx_word' id='word_1_221' title='bbox 1577 2023 1619 2057; x_wconf 90' lang='lat' dir='ltr'>et</span> <span class='ocrx_word' id='word_1_222' title='bbox 1647 2012 1802 2058; x_wconf 89' lang='lat' dir='ltr'>draco-</span> 
     </span>
     <span class='ocr_line' id='line_1_27' title="bbox 420 2083 1802 2144; baseline -0.001 -16"><span class='ocrx_word' id='word_1_223' title='bbox 420 2105 441 2128; x_wconf 85' lang='lat'>»</span> <span class='ocrx_word' id='word_1_224' title='bbox 478 2102 577 2130; x_wconf 89' lang='lat' dir='ltr'>nem</span> <span class='ocrx_word' id='word_1_225' title='bbox 593 2087 625 2129; x_wconf 80' lang='lat'>3.</span> <span class='ocrx_word' id='word_1_226' title='bbox 649 2104 668 2126; x_wconf 86' lang='lat'>»</span> <span class='ocrx_word' id='word_1_227' title='bbox 701 2084 909 2129; x_wconf 89' lang='lat' dir='ltr'>Subditus</span> <span class='ocrx_word' id='word_1_228' title='bbox 932 2094 995 2129; x_wconf 87' lang='lat' dir='ltr'>est</span> <span class='ocrx_word' id='word_1_229' title='bbox 1023 2086 1100 2128; x_wconf 76' lang='lat' dir='ltr'>{ste</span> <span class='ocrx_word' id='word_1_230' title='bbox 1122 2086 1250 2144; x_wconf 81' lang='lat' dir='ltr'>capiti</span> <span class='ocrx_word' id='word_1_231' title='bbox 1273 2101 1350 2130; x_wconf 81' lang='lat' dir='ltr'>tuo</span> <span class='ocrx_word' id='word_1_232' title='bbox 1365 2120 1375 2139; x_wconf 54' lang='lat'>2</span> <span class='ocrx_word' id='word_1_233' title='bbox 1402 2083 1616 2129; x_wconf 87' lang='lat' dir='ltr'>subdetur</span> <span class='ocrx_word' id='word_1_234' title='bbox 1634 2093 1677 2128; x_wconf 86' lang='lat' dir='ltr'>et</span> <span class='ocrx_word' id='word_1_235' title='bbox 1704 2100 1802 2128; x_wconf 90' lang='lat' dir='ltr'>cor-</span> 
     </span>
     <span class='ocr_line' id='line_1_28' title="bbox 416 2155 1799 2217; baseline -0.002 -16"><span class='ocrx_word' id='word_1_236' title='bbox 416 2157 511 2217; x_wconf 92' lang='lat' dir='ltr'>pori</span> <span class='ocrx_word' id='word_1_237' title='bbox 528 2157 643 2216; x_wconf 78' lang='lat' dir='ltr'>ejus3</span> <span class='ocrx_word' id='word_1_238' title='bbox 662 2156 855 2199; x_wconf 82' lang='lat' dir='ltr'>haereant</span> <span class='ocrx_word' id='word_1_239' title='bbox 878 2164 1048 2199; x_wconf 84' lang='lat' dir='ltr'>tantum</span> <span class='ocrx_word' id='word_1_240' title='bbox 1080 2156 1275 2199; x_wconf 88' lang='lat' dir='ltr'>membra</span> <span class='ocrx_word' id='word_1_241' title='bbox 1297 2155 1428 2215; x_wconf 81' lang='lat' dir='ltr'>capiti</span> <span class='ocrx_word' id='word_1_242' title='bbox 1450 2171 1550 2209; x_wconf 84' lang='lat' dir='ltr'>suo,</span> <span class='ocrx_word' id='word_1_243' title='bbox 1583 2163 1634 2198; x_wconf 85' lang='lat' dir='ltr'>ut</span> <span class='ocrx_word' id='word_1_244' title='bbox 1660 2170 1799 2198; x_wconf 89' lang='lat' dir='ltr'>mem-</span> 
     </span>
     <span class='ocr_line' id='line_1_29' title="bbox 417 2225 1801 2288; baseline -0.002 -16"><span class='ocrx_word' id='word_1_245' title='bbox 417 2229 496 2272; x_wconf 87' lang='lat' dir='ltr'>bra</span> <span class='ocrx_word' id='word_1_246' title='bbox 518 2229 608 2288; x_wconf 82' lang='lat' dir='ltr'>ejus</span> <span class='ocrx_word' id='word_1_247' title='bbox 627 2227 726 2270; x_wconf 87' lang='lat' dir='ltr'>sint.</span> <span class='ocrx_word' id='word_1_248' title='bbox 749 2226 922 2270; x_wconf 86' lang='lat' dir='ltr'>Dictum</span> <span class='ocrx_word' id='word_1_249' title='bbox 937 2237 1001 2271; x_wconf 89' lang='lat' dir='ltr'>est</span> <span class='ocrx_word' id='word_1_250' title='bbox 1021 2227 1075 2270; x_wconf 91' lang='lat' dir='ltr'>de</span> <span class='ocrx_word' id='word_1_251' title='bbox 1095 2227 1232 2286; x_wconf 87' lang='lat' dir='ltr'>prima</span> <span class='ocrx_word' id='word_1_252' title='bbox 1255 2227 1452 2280; x_wconf 76' lang='lat' dir='ltr'>foemina,</span> <span class='ocrx_word' id='word_1_253' title='bbox 1479 2241 1610 2286; x_wconf 87' lang='lat' dir='ltr'>quam</span> <span class='ocrx_word' id='word_1_254' title='bbox 1630 2225 1801 2269; x_wconf 84' lang='lat' dir='ltr'>seduxit</span> 
     </span>
     <span class='ocr_line' id='line_1_30' title="bbox 416 2295 1801 2351; baseline -0.002 -9"><span class='ocrx_word' id='word_1_255' title='bbox 416 2299 488 2343; x_wconf 84' lang='lat' dir='ltr'>hic</span> <span class='ocrx_word' id='word_1_256' title='bbox 509 2297 656 2347; x_wconf 79' lang='lat' dir='ltr'>draco,</span> <span class='ocrx_word' id='word_1_257' title='bbox 678 2299 768 2340; x_wconf 80' lang='lat' dir='ltr'>Eva</span> <span class='ocrx_word' id='word_1_258' title='bbox 786 2297 947 2342; x_wconf 84' lang='lat' dir='ltr'>scilicet</span> <span class='ocrx_word' id='word_1_259' title='bbox 972 2297 1061 2347; x_wconf 82' lang='lat' dir='ltr'>illa,</span> <span class='ocrx_word' id='word_1_260' title='bbox 1086 2297 1157 2340; x_wconf 85' lang='lat' dir='ltr'>eui</span> <span class='ocrx_word' id='word_1_261' title='bbox 1179 2297 1405 2341; x_wconf 77' lang='lat' dir='ltr'>consilium</span> <span class='ocrx_word' id='word_1_262' title='bbox 1427 2297 1577 2341; x_wconf 89' lang='lat' dir='ltr'>mortis</span> <span class='ocrx_word' id='word_1_263' title='bbox 1601 2295 1737 2351; x_wconf 80' lang='lat' dir='ltr'>dedit,</span> <span class='ocrx_word' id='word_1_264' title='bbox 1758 2305 1801 2340; x_wconf 91' lang='lat' dir='ltr'>et</span> 
     </span>
     <span class='ocr_line' id='line_1_31' title="bbox 417 2366 1801 2429; baseline -0.001 -17"><span class='ocrx_word' id='word_1_265' title='bbox 417 2368 693 2429; x_wconf 85' lang='lat' dir='ltr'>persuasione</span> <span class='ocrx_word' id='word_1_266' title='bbox 711 2376 849 2411; x_wconf 87' lang='lat' dir='ltr'>astuta</span> <span class='ocrx_word' id='word_1_267' title='bbox 863 2368 907 2411; x_wconf 90' lang='lat' dir='ltr'>in</span> <span class='ocrx_word' id='word_1_268' title='bbox 924 2383 997 2412; x_wconf 91' lang='lat' dir='ltr'>cor</span> <span class='ocrx_word' id='word_1_269' title='bbox 1015 2366 1271 2411; x_wconf 87' lang='lat' dir='ltr'>foemineum</span> <span class='ocrx_word' id='word_1_270' title='bbox 1295 2383 1413 2412; x_wconf 90' lang='lat' dir='ltr'>more</span> <span class='ocrx_word' id='word_1_271' title='bbox 1435 2367 1644 2427; x_wconf 87' lang='lat' dir='ltr'>serpentis</span> <span class='ocrx_word' id='word_1_272' title='bbox 1664 2367 1801 2426; x_wconf 89' lang='lat' dir='ltr'>irrep-</span> 
     </span>
     <span class='ocr_line' id='line_1_32' title="bbox 418 2436 1799 2499; baseline -0.001 -16"><span class='ocrx_word' id='word_1_273' title='bbox 418 2440 486 2484; x_wconf 90' lang='lat' dir='ltr'>sit.</span> <span class='ocrx_word' id='word_1_274' title='bbox 512 2442 695 2483; x_wconf 87' lang='lat' dir='ltr'>Faetum</span> <span class='ocrx_word' id='word_1_275' title='bbox 723 2447 785 2482; x_wconf 90' lang='lat' dir='ltr'>est</span> <span class='ocrx_word' id='word_1_276' title='bbox 808 2437 927 2498; x_wconf 82' lang='lat' dir='ltr'>quod</span> <span class='ocrx_word' id='word_1_277' title='bbox 962 2439 1182 2493; x_wconf 84' lang='lat' dir='ltr'>novimus,</span> <span class='ocrx_word' id='word_1_278' title='bbox 1208 2437 1328 2499; x_wconf 85' lang='lat' dir='ltr'>quod</span> <span class='ocrx_word' id='word_1_279' title='bbox 1356 2438 1417 2482; x_wconf 88' lang='lat' dir='ltr'>ibi</span> <span class='ocrx_word' id='word_1_280' title='bbox 1449 2448 1494 2482; x_wconf 87' lang='lat' dir='ltr'>et</span> <span class='ocrx_word' id='word_1_281' title='bbox 1519 2453 1596 2483; x_wconf 92' lang='lat' dir='ltr'>nos</span> <span class='ocrx_word' id='word_1_282' title='bbox 1618 2436 1799 2482; x_wconf 83' lang='lat' dir='ltr'>fecimus</span> 
     </span>
    </p>
   </div>
   <div class='ocr_carea' id='block_1_2' title="bbox 470 2543 1242 2587">
    <p class='ocr_par' dir='ltr' id='par_1_4' title="bbox 470 2543 1242 2587">
     <span class='ocr_line' id='line_1_33' title="bbox 470 2543 1242 2587; baseline 0 -11"><span class='ocrx_word' id='word_1_283' title='bbox 470 2552 478 2568; x_wconf 87' lang='lat'><em>¹</em></span> <span class='ocrx_word' id='word_1_284' title='bbox 501 2544 579 2577; x_wconf 85' lang='lat' dir='ltr'>Psal.</span> <span class='ocrx_word' id='word_1_285' title='bbox 596 2556 667 2587; x_wconf 86' lang='lat' dir='ltr'>cm,</span> <span class='ocrx_word' id='word_1_286' title='bbox 692 2545 747 2577; x_wconf 81' lang='lat'>26.</span> <span class='ocrx_word' id='word_1_287' title='bbox 768 2561 810 2568; x_wconf 90' lang='lat'>—</span> <span class='ocrx_word' id='word_1_288' title='bbox 830 2551 842 2566; x_wconf 84' lang='lat'><em>2</em></span> <span class='ocrx_word' id='word_1_289' title='bbox 863 2545 944 2577; x_wconf 88' lang='lat' dir='ltr'>Ibid.</span> <span class='ocrx_word' id='word_1_290' title='bbox 965 2562 1005 2568; x_wconf 89' lang='lat'>—-</span> <span class='ocrx_word' id='word_1_291' title='bbox 1026 2543 1039 2567; x_wconf 83' lang='lat'><strong>³</strong></span> <span class='ocrx_word' id='word_1_292' title='bbox 1057 2545 1104 2576; x_wconf 90' lang='lat' dir='ltr'>Id.</span> <span class='ocrx_word' id='word_1_293' title='bbox 1119 2556 1171 2585; x_wconf 85' lang='lat' dir='ltr'>xc,</span> <span class='ocrx_word' id='word_1_294' title='bbox 1192 2545 1242 2576; x_wconf 83' lang='lat'>13.</span> 
     </span>
    </p>
   </div>
  </div>
 </body>
</html>
