1848 3261
379 211 462 252 ‚304
821 230 853 254 s.
889 228 1118 257 avens‘nm
1151 229 1335 256 EPISCOPI

375 299 441 335 rat
455 325 465 344 ,
490 310 510 333 «
529 293 626 336 Non
648 292 763 336 enim
781 303 843 338 est
860 294 1103 339 distinctio?
1121 313 1140 334 u
1154 297 1263 339 Nam
1277 294 1331 337 de
1344 293 1410 336 his
1430 302 1472 337 et
1489 293 1621 353 paulo
1639 301 1755 348 ante,

379 380 401 404 «
434 362 608 406 Causati
626 363 739 407 enim
753 379 915 418 sumus,
931 365 1089 425 inquit,
1102 367 1125 408 J
1131 363 1277 408 udaeos
1287 364 1508 408 etGraecos
1520 378 1668 408 omnes
1677 362 1758 406 sub

375 449 397 473 χ>
432 441 611 492 peccato
630 448 719 477 esse
735 436 794 476 ¹.»
818 437 881 477 Ac
903 449 979 493 per
995 436 1079 479 hoc
1101 454 1117 475 «
1141 434 1419 493 Quicumque
1435 434 1527 477 sine
1548 434 1642 491 lege
1654 448 1759 492 pec-

377 521 397 543 »
433 513 642 548 caverunt
665 539 675 557 ,
716 502 786 546 illa
819 504 981 549 scilicet
997 541 1008 559 ,
1044 506 1098 549 de
1134 521 1220 566 qua
1256 508 1279 548 J
1286 504 1399 548 udaei
1429 503 1726 562 gloriabantur
1745 539 1757 558 ,

377 591 398 614 »
434 574 524 617 sine
548 573 642 631 lege
666 574 896 633 peribunt,
921 585 964 618 et
980 577 1246 635 quicumque
1269 576 1313 619 in
1334 575 1428 633 lege
1446 583 1756 634 peccaverunt,

375 662 396 685 »
430 644 477 687 id
499 653 582 698 est,
607 644 687 703 ipsi
712 643 877 700 Judaei,
905 660 980 704 per
1000 645 1141 704 legem
1154 645 1486 705 judicabuntur.
1514 664 1532 685 »
1554 647 1641 690 Nec
1663 643 1761 689 ideo

373 730 463 759 non
484 715 717 774 peribunt,
736 717 815 759 nisi
834 717 1012 761 credant
1024 717 1068 760 in
1085 733 1186 760 eum
1204 717 1281 777 qui
1303 717 1421 761 venit
1434 731 1628 776 quaerere
1641 715 1762 775 quod

372 786 598 844 perierat2.

433 859 515 900 ΙΙΙ.
551 853 761 900 Nonnulli
779 858 940 918 quippe
963 858 1092 902 etiam
1112 856 1314 902 catholici
1342 865 1614 910 tractatores,
1635 856 1681 899 in
1695 856 1761 899 his

371 926 568 987 Apostoli
591 928 732 972 verbis
761 928 885 972 aliter
918 944 1049 988 quam
1083 944 1126 972 se
1160 943 1225 971 res
1249 928 1408 982 habet,
1434 941 1587 986 parum
1618 935 1761 969 atten-

371 996 518 1041 dendo
545 1008 805 1057 sapuerunt,
845 1008 894 1042 ut
916 998 1112 1042 dicerent
1133 997 1229 1042 illos
1251 998 1390 1057 perire
1407 1032 1417 1052 ,
1452 997 1525 1056 qui
1554 997 1645 1039 sine
1667 995 1762 1055 lege

371 1078 686 1127 peccaverunt,
711 1070 788 1113 hos
814 1079 959 1113 autem
975 1070 1051 1130 qui
1072 1069 1118 1113 in
1130 1069 1224 1127 lege
1240 1077 1531 1128 peccaverunt
1545 1104 1556 1123 ,
1575 1066 1762 1128 judicari

371 1140 694 1194 tantummodo,
722 1156 811 1185 non
833 1141 972 1201 perire
1000 1161 1007 1184 :
1048 1150 1259 1201 tanquam
1281 1155 1358 1199 per
1389 1155 1540 1199 poenas
1559 1138 1763 1182 transito-

371 1209 454 1253 rias
492 1210 726 1267 credantur
746 1227 839 1256 esse
859 1212 1073 1271 purgandi
1091 1247 1101 1266 ,
1141 1212 1250 1255 sicut
1292 1210 1364 1254 ille
1393 1209 1446 1253 de
1487 1226 1573 1269 quo
1596 1209 1762 1253 dictum

371 1289 434 1324 est
451 1300 458 1325 :
479 1300 499 1323 «
518 1283 615 1340 Ipse
629 1291 773 1325 autem
791 1282 933 1326 salvus
950 1283 1052 1337 erit,
1078 1283 1136 1326 sic
1150 1291 1296 1326 tamen
1311 1282 1433 1342 quasi
1449 1297 1526 1341 per
1541 1281 1683 1339 ignem
1697 1282 1758 1324 3.»

373 1350 458 1395 Sed
479 1351 563 1395 hoc
583 1352 738 1396 merito
756 1352 1034 1396 fundamenti
1052 1353 1164 1396 bene
1180 1351 1438 1410 intelligitur
1451 1387 1461 1406 ,
1481 1352 1535 1395 de
1553 1367 1641 1411 quo
1662 1366 1762 1408 age-

369 1421 445 1465 bat
467 1423 721 1481 Apostolus,
742 1432 792 1466 ut
823 1424 907 1467 hoc
936 1423 1115 1467 diceret.
1145 1423 1350 1482 Superius
1371 1422 1534 1482 quippe
1564 1421 1728 1466 dixerat
1749 1441 1758 1467 ε

374 1511 393 1533 «
430 1494 487 1536 Ut
508 1493 676 1552 sapiens
694 1494 954 1537 architectus
979 1492 1317 1537 fundamentum
1331 1493 1472 1552 posui,
1486 1493 1592 1537 alius
1610 1507 1763 1551 super-

372 1580 392 1603 »
429 1563 630 1607 aedificat.
663 1564 971 1623 Unusquisque
994 1573 1141 1607 autem
1165 1563 1310 1607 videat
1331 1562 1554 1623 quomodo
1574 1578 1764 1621 superae-

372 1650 392 1672 n
429 1631 589 1676 disicet.
617 1633 974 1677 Fundamentum
993 1635 1108 1677 enim
1131 1633 1251 1677 aliud
1273 1649 1402 1678 nemo
1426 1642 1568 1692 potest
1581 1648 1759 1692 ponere,

373 1720 393 1743 υ
429 1711 586 1762 praeter
609 1702 654 1746 id
676 1704 796 1762 quod
814 1704 1001 1762 positum
1017 1713 1095 1758 est,
1113 1703 1233 1764 quod
1250 1713 1314 1747 est
1327 1705 1524 1748 Christus
1547 1706 1570 1747 J
1575 1704 1711 1748 esus⁴2
1740 1722 1759 1743 υ

370 1782 412 1816 et
426 1783 579 1816 caetera
594 1788 732 1832 usque
749 1773 1015 1817 adeumdem
1028 1773 1192 1826 locum,
1204 1774 1282 1816 ubi
1298 1789 1397 1816 eum
1411 1773 1519 1817 dixit
1530 1789 1606 1833 per
1618 1775 1761 1832 ignem

367 1843 620 1903 salvari,qui
635 1859 764 1902 super
780 1844 862 1888 hoc
870 1843 1323 1896 fundamentum‚non
1332 1859 1503 1898 aurum,
1517 1852 1759 1901 argentum,

368 1913 532 1972 lapides
546 1914 772 1973 pretiosos,
787 1913 860 1957 sed
878 1913 1013 1972 ligna,
1032 1912 1220 1968 foenum,
1237 1912 1442 1973 stipulam
1455 1913 1659 1971 aedificat,
1674 1930 1761 1958 non

372 1994 514 2027 tamen
528 1984 691 2043 respuit
706 1999 760 2027 ne
774 1984 974 2043 recipiat,
996 1999 1078 2028 nec
1092 1993 1315 2044 receptum
1324 1984 1484 2028 deserit
1500 1983 1763 2029 fundamen-

368 2065 480 2111 tum,
495 2054 629 2114 idque
647 2054 850 2099 omnibus
870 2054 1117 2099 carnalibus
1137 2055 1243 2109 suis,
1261 2054 1419 2115 quibus
1436 2056 1605 2115 capitur
1630 2065 1763 2116 atque

368 2126 627 2179 succumbit,
651 2125 1015 2170 delectationibus
1031 2126 1272 2185 anteponit,
1293 2140 1393 2169 cum
1406 2125 1587 2170 adhunc
1604 2126 1762 2170 articu-

366 2195 458 2239 lum
471 2205 652 2240 ventum
665 2196 812 2255 fuerit,
830 2206 880 2240 ut
889 2205 963 2240 aut
975 2196 1060 2240 illae
1075 2197 1344 2251 deserantur,
1362 2207 1436 2241 aut
1448 2198 1662 2254 Christus3
1684 2197 1761 2240 ubi

366 2267 399 2309 si
410 2282 498 2310 non
509 2275 798 2325 anteponetur
813 2267 1024 2321 Christus,
1037 2283 1126 2311 non
1135 2266 1196 2310 illi
1206 2275 1269 2310 est
1281 2265 1637 2310 fundamentum.
1651 2268 1760 2310 Om-

366 2337 496 2381 nibus
509 2338 672 2397 quippe
690 2347 920 2381 structurae
938 2338 1249 2396 posterioribus
1266 2338 1458 2396 partibus
1479 2338 1760 2397 anteponitur

366 2407 718 2452 fundamentum.
744 2411 831 2453 Nec
856 2409 1064 2467 cogitasse
1090 2408 1285 2452 existimo
1310 2424 1380 2452 eos
1399 2444 1408 2461 ,
1433 2409 1508 2468 qui
1532 2419 1759 2452 senserunt

417 2512 425 2527 ¹
449 2509 537 2539 Rom.
557 2518 601 2539 ni.
627 2517 648 2545 ς)
666 2511 698 2537 et
714 2507 832 2548 ‘au-22.
855 2524 893 2528 —
915 2514 926 2528 ²
947 2509 1021 2537 Luc.
1042 2517 1108 2543 ux,
1129 2516 1166 2536 10
1206 2503 1276 2526 —3
1301 2516 1311 2535 ῐ
1340 2507 1411 2535 Cor.
1431 2515 1478 2538 iu,
1510 2503 1755 2536 1.··›,—411‚.³‹1.

378 2573 429 2603 io,
454 2573 504 2593 11.
