1848 3261
414 197 655 227 ENARRAno
686 199 732 226 m
763 196 967 226 PsALMnM
997 198 1081 225 ew.
1359 187 1438 225 191

61 282 83 306 »
116 263 252 308 Jacob
282 263 329 307 in
356 271 652 322 praeceptum,
688 271 733 307 et
758 260 890 307 Israel
918 262 963 305 in
987 269 1295 304 testamentum
1322 269 1444 304 aeter-

62 353 82 375 »
119 335 265 377 num1.
289 332 409 376 »Ubi
432 331 578 377 nullus
595 342 658 377 est
678 331 970 390 ambiguitatis
988 330 1131 375 locus:
1150 336 1269 368 ἀιώνιεν
1282 330 1445 390 quippe

57 403 192 447 habet
215 417 377 460 graecus
391 437 402 457 ,
431 402 553 462 quod
576 417 791 463 nusquam
813 401 948 445 nostri
970 401 1053 445 nisi
1073 409 1284 444 aeternum
1316 400 1447 444 inter-

59 474 216 533 pretati
237 482 360 530 sunt,
381 474 453 517 vix
474 483 618 518 autem
639 474 772 533 aliqui
795 472 955 516 alicubi
973 479 1092 512 ἀιώνιιν
1107 469 1311 515 aeternale
1335 470 1447 515 dixe-

61 552 179 587 runt.
203 544 293 588 Nisi
318 542 431 587 forte
452 544 553 604 quia
581 553 679 584 ᾱιὼνοι
708 542 960 587 familiarius
988 543 1332 601 interpretantur
1369 557 1450 584 sae-

61 614 239 669 culum,
265 620 384 653 ἀιώνιεν
414 630 503 658 non
535 622 747 657 aeternum
765 649 776 669 ,
821 613 897 657 sed
932 613 1137 658 saeculare
1175 611 1451 672 interpretari

61 683 227 727 velint:
252 682 372 742 quod
393 684 613 727 neminem
645 699 800 727 ausum
827 683 958 728 fuisse
990 683 1283 728 commemini.
1313 682 1355 727 Si
1377 697 1452 726 au-

63 763 153 798 tem
186 754 270 798 hoc
306 752 405 798 loco
450 757 774 798 Testamentum
808 757 944 798 Vetus
984 752 1321 812 intelligendum
1357 761 1448 808 est,

62 834 240 884 propter
271 833 430 868 terram
473 826 712 882 Chanaan3
747 825 807 868 sic
845 825 961 868 enim
989 840 1132 869 sermo
1165 824 1413 869 contexitur
1439 842 1449 868 ε

68 915 86 935 ς(
122 898 179 938 Et
200 895 349 937 statuit
372 892 484 936 illud
505 893 586 952 ipsi
609 894 745 938 Jacob
762 895 806 938 in
828 904 1113 954 praeceptum,
1141 913 1161 936 »
1183 904 1226 938 et
1246 895 1371 954 ipsit<
1394 897 1455 938 IS-

68 983 88 1006 »
124 962 213 1007 rael
233 963 279 1007 in
299 966 623 1007 Testamentum
648 973 860 1008 aeternum
877 999 888 1019 ,
914 965 1060 1009 dicens
1085 984 1094 1010 ε
1119 965 1217 1009 Tibi
1234 965 1348 1009 dabo
1371 974 1453 1008 ter-

69 1052 89 1075 »
125 1049 216 1077 ram
238 1034 473 1088 Chanaan‚
504 1033 752 1078 funiculum
773 1034 1036 1079 haereditatis
1057 1038 1255 1080 vestrae'2.
1280 1053 1301 1076 »
1335 1039 1455 1087 Quo-

65 1104 197 1149 modo
219 1103 559 1163 intelligendum
582 1114 646 1149 est
677 1124 698 1148 «
721 1109 952 1150 AEternum
967 1142 978 1162 ‚
1007 1125 1027 1148 »
1059 1122 1160 1150 cum
1183 1115 1354 1150 terrena
1381 1104 1457 1150 illa

66 1175 294 1219 haereditas
323 1185 485 1219 aeterna
513 1191 604 1219 esse
632 1192 722 1220 non
754 1178 915 1236 possit?
938 1180 994 1221 Et
1027 1177 1126 1222 ideo
1147 1179 1283 1221 Vetus
1315 1179 1457 1220 Testa-

66 1256 264 1290 mentum
285 1255 482 1301 voeatur‚
508 1247 609 1304 quia
630 1263 707 1303 per
728 1250 901 1291 Novum
921 1248 1136 1292 aboletur.
1167 1267 1188 1291 «
1212 1246 1335 1293 Mille
1354 1262 1458 1291 vero

70 1335 90 1357 »
107 1317 420 1374 generationes,
432 1336 448 1355 a
461 1329 542 1358 nec
559 1324 774 1357 aeternum
787 1314 993 1358 videntur
1010 1314 1175 1374 aliquid
1192 1317 1457 1373 significare3

68 1387 170 1446 quia
202 1386 355 1445 utique
384 1386 518 1429 finem
546 1385 735 1439 habent,
765 1394 808 1428 et
836 1385 891 1428 ad
921 1385 1012 1444 ipsa
1040 1385 1297 1445 temporalia
1331 1386 1462 1430 nimis

68 1456 219 1501 multae
245 1465 362 1500 sunt.
389 1454 639 1508 Quamlibet
670 1455 787 1498 enim
808 1455 956 1515 paucis
984 1456 1105 1500 annis
1132 1456 1351 1514 generatio
1378 1456 1460 1500 de-

69 1527 350 1581 terminetur,
390 1541 523 1586 quam
546 1526 685 1570 Graeci
722 1536 830 1580 γενὲκν
868 1527 1042 1584 dicunt,
1077 1542 1210 1585 quam
1235 1527 1462 1571 minimam

70 1597 252 1658 quidam
278 1596 530 1656 quindecim
561 1596 683 1639 annis
719 1596 1087 1650 terminaverunt,
1123 1611 1174 1639 ex
1209 1611 1295 1656 qua
1327 1597 1461 1641 homo

71 1668 223 1728 incipit
245 1683 368 1727 posse
391 1682 617 1724 generare,
637 1682 735 1726 quae
759 1676 861 1711 sunt
882 1668 974 1711 istae
996 1666 1115 1711 mille
1139 1668 1460 1726 generationes,

73 1754 163 1782 nou
184 1737 325 1781 solum
354 1752 376 1780 a
411 1746 606 1796 tempore
628 1736 873 1792 Abraham,
899 1737 1076 1797 quando
1098 1738 1138 1781 ei
1159 1737 1274 1782 facta
1299 1747 1364 1782 est
1383 1738 1464 1782 ista

74 1808 316 1868 promissio,
341 1823 480 1867 usque
501 1807 557 1851 ad
578 1817 750 1867 tempus
770 1809 882 1854 Novi
907 1809 1184 1864 Testamenti,
1207 1808 1282 1853 sed
1301 1810 1356 1852 ab
1370 1810 1464 1868 ipso

74 1878 236 1933 Adam,
257 1893 396 1937 usque
419 1877 475 1921 ad
496 1878 732 1921 terminum
754 1877 928 1922 saeculi?
950 1880 1054 1931 Quis
1077 1880 1192 1923 enim
1215 1880 1373 1923 audeat
1395 1879 1465 1923 di-

76 1964 193 2002 cere,
219 1947 469 2008 quindecim
489 1963 705 1991 annorum
720 1947 912 1992 millibus
934 1949 1018 1993 hoc
1037 1949 1245 1993 saeculum
1267 1949 1466 1994 extendi?

136 2021 236 2063 Vll.
255 2017 441 2062 Proinde
455 2019 560 2062 mihi
581 2018 755 2063 videtur
776 2035 867 2064 non
889 2021 959 2065 hic
982 2023 1118 2065 Vetus
1141 2024 1467 2066 Testamentum

77 2088 412 2148 intelligendum
432 2123 443 2144 ,
483 2088 604 2148 quod
638 2091 760 2134 Novo
800 2105 889 2133 esse
923 2089 1167 2135 tollendum
1201 2091 1360 2136 dicitur
1391 2108 1468 2152 per

79 2160 343 2218 Prophetam
364 2179 373 2203 ε
402 2177 423 2200 ι(
447 2161 559 2203 Ecce
574 2159 664 2203 dies
689 2161 894 2216 veniunt,
920 2161 1024 2205 dicit
1042 2163 1251 2207 Dominus
1267 2198 1278 2219 ‚
1303 2172 1347 2206 et
1367 2178 1470 2207 con-

86 2251 103 2273 »
137 2231 323 2275 firmabo
355 2229 508 2274 domui
539 2231 675 2275 Jacob
706 2234 1031 2276 Testamentum
1056 2236 1250 2290 Novum,
1287 2250 1375 2279 non
1407 2251 1470 2278 se-

85 2320 105 2342 »
140 2299 336 2345 cundum
359 2303 685 2344 Testamentum
702 2302 821 2361 quod
847 2304 1051 2347 constitui
1073 2305 1270 2364 patribus
1292 2320 1466 2361 eorum,

87 2389 107 2412 »
141 2386 243 2415 cum
264 2370 505 2414 eduxissem
522 2386 594 2415 eos
614 2372 668 2415 de
684 2381 797 2415 terra
817 2373 998 2433 AEgypti
1013 2375 1027 2400 ³
1046 2393 1056 2419 ε
1080 2393 1100 2416 »
1126 2375 1202 2419 sed
1226 2378 1470 2419 Testamen-

85 2451 180 2487 tum
212 2440 343 2495 fidei,
376 2441 496 2502 quod
517 2441 669 2487 laudat
689 2443 922 2503 Apostolus
938 2479 949 2500 ,
980 2460 1082 2490 cum
1103 2446 1324 2490 Abraham
1346 2446 1471 2491 nobis

134 2532 144 2548 ¹
167 2525 247 2559 Psal.
262 2536 326 2568 ew,
344 2536 379 2569 9,
397 2536 446 2558 10.
468 2542 510 2549 —·
527 2526 640 2559 ²1bid.
665 2537 718 2559 11.
742 2543 784 2550 —
803 2525 816 2551 3
835 2529 954 2561 Jerem.
977 2539 1068 2571 xxxt,
1083 2529 1138 2569 31,
1158 2529 1211 2562 32.
