1848 3261
344 218 426 256 166
748 228 784 257 s.
821 223 1051 259 Avensa-1111
1084 231 1263 257 EPISCOPI

337 292 545 348 recolitis,
571 292 917 340 exclamaverunt
943 312 1042 340 cum
1069 294 1239 339 Psalmo
1264 294 1425 338 viscera
1446 292 1585 338 cordis
1616 307 1717 337 nos-

338 363 409 418 tri,
434 372 478 406 et
495 362 698 407 dixerunt
712 399 723 419 ,
753 384 773 406 «
793 367 933 418 Quam
949 365 1225 425 magnificata
1244 374 1346 409 sunt
1366 380 1495 424 opera
1516 373 1609 419 tua,
1626 366 1716 408 Do-

339 452 361 476 »
396 433 537 478 mine!
569 436 725 479 Omnia
738 436 782 479 in
797 438 1005 496 sapientia
1024 436 1160 480 fecisti
1181 455 1189 480 :
1216 435 1379 495 repleta
1390 445 1454 479 est
1466 445 1578 480 terra
1597 450 1718 479 crea-

342 525 360 546 »
395 513 493 548 tura
515 506 631 548 tua1.
659 523 679 545 »
710 505 934 566 Quidquid
966 523 990 551 a
1022 510 1112 550 Deo
1135 504 1300 549 factum
1321 514 1405 560 est,
1437 505 1482 549 in
1510 504 1719 564 sapientia

337 572 502 618 factum
525 582 601 628 est,
628 583 671 617 et
692 589 769 633 per
793 576 1046 634 sapientiam
1065 574 1229 620 factum
1247 583 1324 618 est.
1352 574 1577 634 Quidquid
1598 574 1719 619 novit

337 645 607 705 sapientiam,
628 654 670 688 et
687 645 904 705 quidquid
917 663 1007 690 non
1023 647 1146 691 novit
1167 645 1436 705 sapientiam,
1457 654 1500 689 et
1517 645 1720 690 tamenin

336 724 532 760 creatura
549 715 626 758 Dei
649 723 727 770 est,
751 715 797 758 in
812 715 1019 775 sapientia
1032 716 1198 760 factum
1215 725 1293 770 est,
1314 725 1357 759 et
1373 731 1455 775 per.
1467 716 1719 775 sapientiam

336 785 503 830 factum
522 794 599 828 est.
621 785 703 838 Qui
720 796 990 844 cognoscunt
1006 787 1276 846 sapientiam,
1299 785 1443 830 lucem
1463 787 1629 829 habent
1651 801 1720 829 sa-

336 856 568 916 pientiam3
606 856 682 915 qui
705 871 794 900 non
827 866 1110 914 cognoscunt,
1145 857 1311 900 habent
1342 866 1490 901 tamen
1511 856 1719 900 artificem

335 926 605 985 sapientiam,
635 942 737 970 cum
758 928 843 972 sint
870 928 951 987 ipsi
970 927 1137 971 detenti
1159 926 1404 986 insipientia
1430 946 1438 971 ;
1463 935 1506 970 et
1528 927 1604 986 qui
1625 942 1721 970 eam

333 995 479 1040 lucem
499 996 681 1051 habent,
710 997 841 1041 etiam
873 997 1083 1041 artificem
1108 997 1300 1053 habent3
1337 1012 1426 1040 non
1454 996 1721 1056 quicumque

336 1067 546 1110 artificem
564 1066 746 1122 habent,
770 1068 897 1111 etiam
923 1067 1067 1112 lucem
1086 1067 1265 1111 habent:
1292 1069 1349 1110 Et
1370 1067 1549 1126 quidem
1570 1066 1616 1109 in
1637 1067 1720 1110 ho-

336 1136 528 1180 minibus
549 1136 677 1180 multi
694 1146 795 1181 sunt
822 1138 899 1197 qui
921 1139 1011 1197 ejus
1039 1137 1268 1196 participes
1290 1137 1419 1190 fiunt,
1445 1146 1487 1180 et
1509 1137 1721 1195 sapientes

336 1215 570 1263 vocantur3
594 1206 723 1250 multi
745 1208 835 1267 ejus
853 1217 1062 1266 expertes,
1083 1206 1204 1251 stulti
1221 1207 1517 1250 nominantur.
1541 1210 1722 1266 Propter

337 1277 420 1321 hoc
439 1276 594 1320 vitioso
614 1277 792 1320 nomine
809 1276 929 1321 stulti
945 1277 1236 1336 appellantur,
1263 1277 1362 1337 quia
1383 1278 1416 1320 si
1439 1276 1643 1320 studeant
1659 1293 1722 1320 sa-

335 1347 527 1408 pientiae,
547 1347 580 1390 si
603 1356 769 1406 petant,
791 1349 825 1391 si
847 1357 1061 1408 quaerant,
1087 1348 1119 1391 si
1146 1348 1334 1407 pulsent,
1365 1357 1547 1407 possunt
1568 1363 1721 1406 perve-

334 1418 428 1461 nire
450 1416 505 1460 ad
527 1418 618 1477 ejus
638 1417 1015 1477 participationem
1043 1437 1051 1461 :
1078 1433 1167 1461 non
1190 1418 1304 1460 enim
1334 1426 1517 1472 naturae,
1542 1418 1618 1462 sed
1641 1434 1720 1462 ne-

338 1487 557 1547 gligentiae
578 1488 832 1545 denegatur.
861 1490 967 1532 Sunt
987 1497 1131 1531 autem
1154 1487 1248 1530 aliae
1275 1497 1499 1542 creaturae,
1516 1504 1615 1548 quae
1632 1504 1722 1532 non

336 1567 519 1618 possunt
534 1558 626 1601 fieri
639 1558 867 1618 participes
888 1559 1109 1617 sapientiae
1127 1579 1138 1615 3
1158 1559 1269 1602 sicut
1285 1574 1433 1602 omnes
1447 1559 1611 1612 bestiae,
1627 1575 1722 1603 om-

337 1629 408 1672 nia
431 1644 603 1688 pecora,
629 1643 777 1672 omnes
800 1628 972 1672 arbores
987 1664 998 1683 ,
1027 1644 1125 1688 quae
1154 1645 1234 1672 nec
1269 1644 1440 1672 sensum
1463 1630 1627 1674 habent
1647 1629 1720 1673 ul-

333 1699 443 1742 lum.
465 1698 689 1757 Numquid
708 1699 810 1758 quia
827 1699 1054 1758 participes
1068 1699 1289 1758 sapientiae
1301 1714 1390 1742 esse
1407 1714 1497 1743 non
1519 1709 1716 1758 possunt,

336 1769 435 1814 ideo
456 1784 546 1812 non
573 1768 619 1811 in
641 1769 848 1827 sapientia
872 1778 914 1813 et
935 1785 1012 1828 per
1034 1769 1288 1828 sapientiam
1316 1768 1428 1813 facta
1463 1771 1590 1814 sunt?
1623 1773 1720 1815 Non

337 1854 440 1898 ergo
461 1839 592 1897 exigit
612 1842 726 1883 Deus
747 1838 1015 1883 intellectum
1031 1840 1086 1883 de
1106 1855 1219 1899 equo
1239 1849 1283 1883 et
1304 1840 1425 1884 mulo
1446 1859 1455 1884 :
1482 1839 1558 1884 sed
1577 1841 1721 1884 homi-

335 1911 465 1954 nibus
487 1909 592 1953 dicit
605 1945 615 1964 ,
642 1928 658 1949 «
679 1909 823 1954 Nolite
839 1926 928 1954 esse
940 1911 1051 1955 sicut
1064 1926 1201 1970 equus
1215 1920 1258 1954 et
1275 1910 1436 1970 mulus,
1454 1911 1614 1971 quibus
1632 1927 1722 1956 non

338 1999 359 2021 »
395 1988 458 2023 est
479 1979 726 2023 intellectus
741 1983 773 2023 2.
804 1998 824 2020 »
857 1980 982 2033 Quod
1009 1996 1122 2040 equo
1145 1990 1299 2024 natura
1332 1990 1410 2034 est,
1442 1981 1612 2024 homini
1634 1982 1720 2025 cri-

333 2065 436 2094 men
459 2059 536 2094 est.
563 2052 656 2093 Hoc
678 2065 780 2109 ergo
806 2050 910 2094 dicit
927 2054 1054 2105 Deus,
1081 2054 1179 2096 Non
1196 2051 1319 2108 exigo
1340 2051 1721 2111 participationem

334 2121 556 2181 sapientiae
576 2137 684 2165 meae
709 2123 763 2165 ab
786 2122 861 2177 eis,
887 2138 987 2182 quae
1006 2139 1094 2166 non
1115 2122 1198 2166 feci
1217 2122 1270 2165 ad
1296 2122 1528 2180 imaginem
1552 2138 1718 2180 meam3

333 2191 408 2236 sed
425 2191 501 2235 ubi
524 2190 630 2246 feci,
656 2191 759 2236 inde
785 2193 906 2250 exigo
922 2228 932 2245 ,
958 2203 1000 2237 et
1024 2208 1151 2236 usum
1173 2193 1263 2251 ejus
1285 2193 1342 2235 rei
1368 2192 1558 2251 postulo,
1586 2209 1720 2253 quam

334 2260 509 2306 donavi.
541 2262 747 2306 Homines
782 2278 884 2321 ergo
913 2262 1142 2306 reddentes
1174 2265 1262 2305 Deo
1293 2278 1393 2321 quae
1428 2262 1504 2306 Dei
1538 2272 1655 2316 sunt,
1684 2263 1719 2306 si

335 2333 491 2377 Caesari
514 2332 705 2377 reddunt
726 2333 846 2393 quod
868 2334 1046 2378 Caesaris
1068 2335 1159 2377 est3
1176 2353 1187 2385 ς
1203 2332 1249 2376 id
1269 2342 1347 2386 est,
1364 2332 1596 2377 reddentes
1617 2335 1717 2378 Cae-

333 2404 415 2447 sari
442 2404 674 2461 imaginem
708 2419 828 2447 suam
846 2439 856 2457 ,
883 2413 925 2447 et
948 2403 1176 2447 reddentes
1204 2406 1292 2447 Deo
1319 2403 1550 2461 imaginem
1576 2419 1713 2458 suam,

334 2474 507 2532 erigunt
527 2474 662 2532 ipsam
687 2483 876 2517 mentem
899 2490 1036 2529 suam,
1065 2490 1152 2518 non
1179 2473 1231 2517 ad
1254 2489 1313 2527 se,
1334 2473 1409 2517 sed
1427 2473 1481 2517 ad
1503 2474 1713 2518 artificem

386 2565 394 2580 ¹
418 2558 497 2589 Psal.
517 2569 582 2598 cni,
603 2556 655 2597 24‘.
677 2576 717 2580 —
734 2565 745 2580 ²
767 2559 812 2590 Id.
834 2569 968 2601 xx51,9.
991 2576 1031 2581 -
1054 2557 1066 2580 3
1088 2558 1199 2590 Matth.
1221 2569 1298 2599 xxn,
1317 2567 1371 2590 21.
