1848 3261
428 260 514 301 204
873 271 907 301 s.
943 270 1175 302 Aueus'rml
1207 273 1388 302 13121500121

426 347 550 394 sunt,
575 347 619 383 et
634 338 830 399 quamvis
851 354 929 399 per
950 339 1118 395 dolum⁷
1144 338 1199 383 ab
1217 339 1377 400 iniquis
1397 338 1649 384 hominibus
1668 347 1813 384 tamen

425 408 545 470 quod
564 409 643 453 sibi
666 409 790 453 reddi
811 410 991 465 debuit,
1015 408 1304 455 abstulerunt.
1332 409 1453 455 Sicut
1474 418 1620 454 autem
1641 413 1813 470 AEgyp-

424 481 587 525 tiorum
614 480 866 541 iniquitate,
903 481 961 525 sic
990 481 1172 526 istorum
1208 481 1488 535 infirmitate,
1526 480 1582 525 ad
1612 480 1659 524 id
1693 481 1816 541 quod

425 568 534 612 opus
553 561 642 596 erat
664 551 746 595 illis
769 552 891 596 factis
912 552 1193 611 figurandum
1209 561 1250 597 et
1263 550 1648 612 praenuntiandum
1668 551 1816 597 divine

424 638 527 666 usus
550 631 614 666 est
631 625 760 666 Deus.
788 641 808 664 «
828 624 885 666 Et
902 623 1139 668 eduxit-eos
1157 623 1202 668 in
1228 632 1408 682 argento
1426 631 1468 667 et
1485 638 1642 667 auro.»
1659 625 1716 667 Et
1734 623 1817 668 ista

423 694 587 738 locutio
613 694 934 753 Scripturarum
953 703 1031 739 est.
1058 699 1142 739 Pro
1165 711 1216 740 eo
1236 696 1398 755 quippe
1421 694 1587 739 dictum
1610 703 1675 738 est
1697 713 1706 739 z
1727 713 1747 737 «
1764 697 1816 740 In

426 782 446 806 »
484 772 662 823 argento
687 773 730 808 et
765 779 901 820 auro,
931 782 951 806 »
985 781 1034 810 ac
1066 766 1100 809 si
1132 765 1380 811 diceretur:
1415 767 1528 811 Cum
1559 773 1740 824 argento
1773 774 1817 810 et

424 851 544 880 auro.
580 855 600 877 ι(
626 838 682 879 Et
704 851 792 880 non
815 845 906 881 erat
936 836 983 880 in
1005 836 1208 881 tribubus
1227 852 1380 882 eorum
1401 837 1601 881 infirmus
1620 838 1634 862 1
1655 855 1665 881 2
1693 854 1713 878 »
1740 836 1817 882 sed

422 922 602 966 corpore
618 942 629 962 ‚
654 922 744 951 non
766 907 926 952 animo.
953 909 1097 953 Etiam
1119 909 1203 953 hoc
1225 924 1434 969 magnum
1452 909 1530 953 Dei
1552 908 1817 953 beneficium

422 977 506 1022 fuit
525 1013 535 1032 ‚
563 987 613 1021 ut
633 978 678 1021 in
706 977 779 1022 illa
796 978 1050 1023 necessitate
1072 979 1289 1037 migrandi
1312 979 1460 1023 nullus
1483 988 1592 1023 esset
1610 987 1814 1036 aegrotus.

479 1050 645 1092 XXIX.
677 1067 697 1090 «
720 1051 884 1092 Laetata
913 1057 975 1092 est
1010 1052 1227 1109 AEgyptus
1257 1050 1302 1093 in
1334 1047 1605 1109 profectione
1638 1063 1814 1105 eorum,

424 1137 444 1161 »
480 1119 582 1179 quia
603 1119 807 1163 incubuit
833 1119 958 1163 timor
979 1134 1131 1163 eorum
1154 1135 1284 1179 super
1300 1135 1371 1164 eos
1387 1124 1419 1163 2.
1443 1137 1464 1161 »
1493 1120 1639 1164 Timor
1660 1119 1814 1179 utique

421 1190 708 1234 Hebraeorum
726 1205 854 1248 super
876 1191 1121 1249 AEgyptiOS.
1147 1193 1245 1235 Non
1267 1190 1383 1233 enirn
1401 1210 1421 1232 «
1443 1190 1589 1234 Timor
1613 1205 1809 1245 eorum‚»

421 1276 511 1320 quo
529 1261 744 1304 timebant
766 1261 957 1315 Hebraei,
983 1260 1059 1305 sed
1077 1277 1164 1321 quo
1187 1261 1470 1305 timebantur.
1487 1261 1610 1305 Dicet
1632 1260 1810 1320 aliquis:

421 1330 651 1384 Quomodo
670 1346 770 1389 ergo
793 1330 1002 1375 nolebant
1024 1347 1095 1376 eos
1112 1331 1331 1376 dimittere
1349 1330 1573 1390 AEgyptii?
1591 1330 1813 1390 quomodo

419 1411 627 1462 tanquam
651 1402 865 1446 redituros
886 1402 1181 1447 dimiserunt?
1215 1400 1438 1463 quomodo
1466 1411 1676 1462 tanquam
1698 1401 1814 1445 redi-

420 1473 525 1517 turis
561 1482 603 1517 et
634 1473 869 1517 reddituris
901 1488 1056 1517 aurum
1089 1482 1132 1517 et
1165 1482 1393 1532 argentum
1416 1471 1665 1531 petentibus
1689 1487 1811 1516 com-

419 1542 730 1598 modaverunt,
757 1544 790 1587 si
813 1563 832 1585 «
860 1547 1023 1587 Laetata
1047 1552 1110 1587 est
1143 1546 1359 1602 AEgyptus
1381 1543 1426 1586 in
1448 1541 1718 1601 profectione
1738 1557 1812 1587 eo-

421 1633 441 1655 »
458 1659 461 1663 ,
478 1629 574 1657 rum
604 1616 621 1655 ’ἲ
659 1633 678 1655 n
721 1613 804 1658 Sed
841 1612 1175 1672 intelligendum
1220 1622 1282 1657 est
1322 1621 1420 1673 post
1451 1612 1571 1656 illam
1612 1611 1811 1656 ultimam

417 1686 727 1744 AEgyptiorum
752 1693 936 1728 mortem
954 1719 964 1739 ,
991 1693 1033 1728 et
1059 1692 1224 1728 tantam
1248 1692 1433 1741 stragem
1454 1683 1500 1726 in
1526 1682 1635 1726 mari
1656 1682 1810 1727 Rubro

417 1764 506 1799 tam
528 1755 670 1814 magni
691 1754 987 1814 persequentis
1013 1755 1250 1809 exercitus„
1274 1754 1503 1813 AEgyptios
1526 1753 1716 1797 timuisse
1737 1769 1809 1798 re-

416 1825 586 1880 siduos,
623 1840 677 1869 ne
713 1824 905 1869 redirent
933 1824 1106 1868 Hebraei
1125 1859 1135 1879 ,
1171 1833 1214 1868 et
1246 1839 1397 1868 eorum
1427 1822 1628 1883 reliquias
1650 1839 1807 1882 magna

416 1897 621 1941 facilitate
638 1905 927 1941 contererent.
952 1898 1076 1940 Tunc
1097 1895 1328 1955 impletum
1351 1903 1417 1939 est
1439 1894 1559 1954 quod
1581 1895 1776 1954 superius
1792 1930 1803 1950 ‚

416 1984 516 2013 cum
547 1967 721 2012 dixisset
752 1987 760 2012 :
789 1988 805 2007 α
836 1971 892 2012 Et
915 1967 1033 2011 auxit
1066 1966 1281 2027 populum
1303 1982 1430 2012 suum
1453 1967 1761 2022 vehementer,
1781 1984 1802 2009 n

414 2055 514 2084 mox
543 2038 741 2094 addidit,
771 2058 789 2080 u
813 2042 869 2082 Et
903 2039 1092 2082 firmavit
1120 2054 1219 2082 eum
1254 2053 1383 2097 super
1411 2036 1609 2082 inimicos
1643 2038 1747 2097 ejus.
1782 2055 1802 2079 »

416 2113 538 2154 Hanc
561 2110 676 2154 enim
700 2110 955 2153 sententiam
974 2125 1063 2155 uno
1079 2109 1292 2155 versiculo
1311 2109 1576 2169 propositam
1598 2117 1647 2152 ut
1670 2108 1807 2168 expli-

413 2191 530 2226 caret
550 2217 559 2235 ,
585 2179 806 2241 quomodo
840 2180 884 2224 id
910 2178 1071 2224 factum
1094 2181 1173 2235 sit,
1207 2179 1405 2240 adjunxit
1443 2188 1599 2224 caetera
1629 2194 1728 2239 quae
1760 2179 1805 2223 in

412 2251 494 2296 hac
522 2249 652 2294 laude
680 2249 812 2294 cladis
843 2251 1058 2305 narravit,
1097 2265 1234 2310 usque
1267 2249 1321 2294 ad
1348 2250 1479 2293 istum
1508 2249 1654 2293 locum
1674 2284 1685 2305 ‚
1725 2248 1803 2293 ubi

413 2324 471 2366 ait
493 2341 500 2366 :
540 2340 559 2362 α
586 2324 749 2365 Laetata
772 2330 835 2365 est
856 2324 1074 2380 [Egyptus
1095 2321 1141 2364 in
1178 2319 1448 2380 profectione
1480 2334 1631 2363 eorum
1652 2354 1663 2374 ‚
1700 2320 1803 2379 quia

416 2410 437 2434 »
472 2391 675 2436 incubuit
692 2391 821 2435 timor
839 2407 991 2435 eorum
1007 2407 1136 2451 super
1153 2406 1224 2435 eos
1243 2410 1251 2435 :
1275 2389 1430 2435 »velut
1448 2390 1666 2449 assignans
1682 2389 1802 2449 quod

411 2471 724 2524 proposuerat,
750 2463 851 2523 quia
873 2463 1059 2508 firmavit
1080 2462 1294 2524 populum
1328 2477 1457 2507 suum
1492 2477 1621 2522 super
1653 2462 1801 2506 inimi-

412 2550 484 2580 cos
505 2535 612 2594 ejus.

462 2625 470 2641 ¹
500 2618 579 2651 Psal.
601 2629 664 2661 civ,
680 2617 732 2660 37.
750 2631 791 2640 —*-
817 2625 828 2641 ²
845 2617 927 2651 Ibid.
954 2618 1006 2651 38.
