1848 3261
291 228 533 259 ENARRATIO
565 232 611 259 ΙΝ
642 229 844 260 PsALMUM
875 232 1036 271 cxvm,
1072 232 1209 263 SERMO
1242 239 1300 264 v1.
1396 225 1477 266 401

102 296 167 340 cia
207 295 385 355 quidem
417 306 575 342 cuncta
608 300 700 359 jam
733 307 912 342 noverat
927 332 939 353 ‚
974 299 1299 358 justificationes
1336 312 1482 348 autem

101 365 245 409 adhuc
274 365 438 411 discere
464 368 699 426 cupiebat?
727 370 821 412 Hoc
843 383 944 412 vero
967 377 1031 412 est
1051 369 1290 415 mirabilius
1306 407 1316 427 ‚
1343 373 1377 416 si
1393 375 1484 432 jam

100 434 261 480 sciebat
292 436 588 482 inscrutabilia
619 437 718 492 Dei,
753 446 798 481 et
817 452 866 481 ea
887 453 986 498 quae
1005 439 1257 484 hominibus
1279 444 1484 502 praecepit

98 503 296 551 facienda
320 508 552 552 nesciebat.
579 510 603 551 J
610 508 915 552 ustificationes
937 509 1053 552 enim
1073 518 1175 553 sunt
1190 545 1200 565 ‚
1227 526 1318 554 non
1341 512 1455 555 dicta
1469 547 1481 567 ‚

98 574 173 620 sed
194 576 309 621 facta
326 578 506 638 justitiae
523 613 533 633 ,
562 593 693 637 opera
715 577 878 622 scilicet
905 580 1122 638 justorum
1139 615 1150 635 ‚
1175 595 1275 640 quae
1303 581 1489 640 imperat

97 648 226 690 Deus.
260 647 364 691 Ideo
393 657 538 691 autem
571 648 650 692 Dei
671 647 879 692 dicuntur
894 683 905 704 ,
933 650 1130 708 quamvis
1159 668 1182 695 a
1203 650 1328 695 nobis
1350 652 1457 696 fiant
1472 687 1484 708 ,

100 717 203 776 quia
224 718 303 761 nisi
334 718 426 777 ipso
450 719 640 762 donante
661 735 752 763 non
772 720 899 763 fiunt.
922 719 1092 764 Judicia
1112 737 1241 779 porro
1269 723 1342 766 Dei
1358 731 1483 778 sunt,

96 786 257 846 quibus
275 787 330 831 ab
353 804 404 832 eo
422 789 613 832 mundus
636 798 679 832 et
700 805 819 833 nunc
845 797 888 832 et
906 789 952 832 in
974 790 1060 833 fine
1077 791 1224 835 saeculi
1241 792 1480 852 judicatur.

99 858 182 902 Sed
205 873 306 902 cum
328 859 511 918 eloquiis
533 859 611 902 Dei
633 860 778 903 omnia
801 860 1130 917 contineantur,
1155 872 1197 906 et
1208 864 1487 923 justificatio-

95 943 171 971 nes
206 928 409 972 videlicet
446 937 490 972 et
514 928 707 987 judicia;
745 945 823 973 cur
859 931 1016 989 quaerit
1038 931 1181 976 adhuc
1212 934 1488 993 justificatio-

95 1013 170 1041 nes
191 997 372 1053 discere,
392 998 469 1057 qui
492 997 664 1058 eloquia
685 999 764 1042 Dei
783 1014 826 1043 se
849 999 1125 1045 abscondisse
1142 1002 1187 1045 in
1204 1003 1334 1047 corde
1357 1003 1490 1048 dicit?

94 1068 168 1113 Ait
199 1069 316 1112 enim
342 1089 350 1114 z
381 1088 400 1111 «
427 1072 479 1113 In
498 1069 628 1113 corde
650 1085 747 1114 meo
769 1070 976 1115 abscondi
1000 1071 1172 1131 eloquia
1199 1083 1270 1116 tua
1288 1108 1298 1128 ,
1324 1083 1373 1117 ut
1394 1090 1485 1118 non

95 1156 116 1180 »
150 1154 327 1198 peccem
345 1140 439 1183 tibi.
455 1158 475 1180 »
499 1143 610 1183 Tum
639 1149 812 1184 secutus
834 1140 1032 1200 adjunxit
1054 1160 1062 1185 :
1094 1160 1114 1183 α
1138 1143 1399 1187 Benedictus
1422 1159 1483 1199 es,

95 1226 116 1250 »
151 1209 357 1265 Domine3
378 1208 486 1253 doce
508 1224 577 1252 me
597 1209 923 1268 justificationes
946 1219 1056 1254 tuas.
1076 1230 1095 1252 n
1110 1214 1172 1255 Ac
1195 1211 1369 1268 deinde,
1391 1233 1412 1255 ‹<
1433 1217 1486 1257 In

94 1296 116 1319 »
149 1278 274 1323 labiis
304 1280 410 1323 meis
426 1315 437 1331 ,
462 1279 627 1338 inquit7
655 1280 877 1323 enuntiavi
900 1281 1042 1323 omnia
1062 1280 1226 1340 judicia
1248 1283 1332 1326 oris
1354 1283 1433 1326 tui.
1458 1302 1478 1324 »

91 1349 308 1394 Videntur
325 1350 502 1410 quidem
526 1349 615 1393 duo
632 1349 711 1393 ista
733 1350 845 1393 inter
863 1366 906 1394 se
923 1366 1014 1395 non
1036 1367 1125 1395 esse
1147 1355 1377 1409 contraria,
1394 1355 1484 1399 imo

91 1435 179 1464 esse
200 1420 345 1479 potius
370 1420 504 1463 amica
527 1428 658 1478 atque
679 1421 914 1479 conjuncta
929 1455 940 1474 ‚
969 1429 1018 1463 ut
1041 1422 1249 1480 quoniam
1278 1423 1323 1466 in
1351 1425 1483 1468 corde

90 1506 169 1535 suo
191 1489 420 1535 abscondit
437 1488 608 1549 eloquia
625 1489 719 1544 Dei,
742 1490 788 1532 in
805 1489 930 1533 labiis
948 1491 1032 1534 suis
1049 1491 1213 1550 judicia
1232 1494 1324 1552 ejus
1347 1510 1483 1539 enun-

90 1562 168 1606 tiet
187 1582 197 1618 3
221 1580 241 1603 «
265 1560 408 1606 Corde
426 1561 541 1604 enim
562 1559 753 1604 creditur
778 1561 833 1604 ad
850 1561 1086 1620 justitiam,
1114 1578 1186 1606 ore
1209 1574 1355 1608 autem
1375 1581 1483 1610 con-

91 1650 112 1673 »
147 1630 272 1676 fessio
289 1632 340 1676 fit
358 1630 414 1674 ad
430 1630 614 1674 salutem
629 1632 644 1655 1
660 1648 669 1673 z
687 1648 707 1670 »
724 1629 799 1673 sed
813 1631 933 1689 quod
948 1630 1060 1674 inter
1075 1632 1169 1677 haec
1183 1632 1272 1677 duo
1285 1635 1482 1680 medium

88 1703 232 1761 posuit
249 1737 260 1757 ,
291 1701 586 1745 «Benedictus
608 1715 651 1743 es
668 1734 679 1754 ‚
699 1700 912 1757 Domine3
937 1701 1045 1744 doce
1067 1717 1137 1745 me
1148 1704 1480 1762 justificationes

90 1790 111 1813 »
146 1782 242 1816 tuas
257 1807 267 1827 ,
288 1771 549 1832 »quomodo
572 1769 801 1814 conveniat
822 1770 1006 1825 homini,
1032 1773 1152 1831 cujus
1174 1773 1219 1816 in
1241 1775 1372 1819 corde
1386 1777 1477 1835 jam

88 1853 190 1888 sunt
210 1843 384 1903 eloquia
411 1842 488 1886 Dei
508 1876 518 1895 ,
544 1850 588 1885 et
610 1841 686 1900 qui
708 1840 832 1884 labiis
863 1841 950 1885 suis
979 1844 1224 1888 enuntiavit
1245 1847 1389 1891 omnia
1405 1853 1480 1904 Ju-

87 1913 198 1957 dicia
214 1913 292 1957 Dei
312 1947 322 1967 ‚
345 1921 394 1956 ut
424 1910 566 1955 adhuc
587 1909 693 1954 velit
714 1909 876 1955 discere
894 1911 1224 1971 justificationes
1257 1915 1334 1959 Dei
1349 1952 1360 1971 ‚
1385 1933 1477 1962 non

86 1984 329 2038 invenitur,
355 1982 437 2026 nisi
468 1992 518 2025 ut
540 1997 608 2025 eas
631 1980 795 2025 discere
816 1981 927 2025 velle
958 1983 1224 2042 intelligatur
1242 1985 1441 2033 faciendo
1461 2024 1473 2044 ,

86 2070 178 2099 non
193 2052 400 2098 memoria
418 2051 646 2096 retinendo
669 2060 712 2095 et
733 2049 955 2111 loquendo
973 2074 984 2110 3
1010 2064 1053 2097 et
1074 2055 1119 2098 id
1143 2072 1165 2099 a
1188 2057 1373 2102 Domino
1395 2059 1476 2102 de-

84 2124 342 2170 monstravit
369 2123 528 2167 debere
560 2138 637 2167 nos
660 2132 829 2182 petere,
863 2124 954 2168 sine
982 2141 1070 2185 quo
1107 2126 1217 2170 nihil
1245 2143 1475 2187 possumus

84 2196 241 2241 facere.
260 2195 344 2240 Sed
365 2195 450 2238 hoc
472 2202 571 2237 ante
594 2194 725 2237 istum
743 2193 827 2238 alio
843 2195 934 2254 jam
955 2211 1151 2241 sermone
1171 2200 1470 2246 tractavimus:

85 2284 204 2312 nunc
231 2282 334 2312 vero
364 2264 585 2326 quomodo
616 2281 660 2309 se
682 2264 838 2309 dixerit
861 2267 1004 2311 omnia
1030 2268 1193 2328 judicia
1222 2270 1304 2314 oris
1327 2272 1404 2315 Dei
1424 2272 1471 2316 in

83 2339 208 2383 labiis
230 2340 316 2382 suis
337 2337 581 2381 enuntiasse
595 2372 605 2392 ,
632 2352 732 2381 cum
757 2337 871 2381 dicta
892 2337 976 2382 sint
997 2338 1290 2385 inscrutabilia
1304 2377 1319 2396 ,
1350 2352 1392 2387 et
1415 2342 1472 2387 de

84 2424 273 2471 quorum
286 2406 583 2468 profunditate
600 2406 704 2450 alibi
720 2407 930 2467 scriptum
944 2418 1027 2453 est:
1049 2413 1095 2454 «J
1102 2410 1242 2455 udicia
1257 2421 1331 2456 tua
1344 2413 1469 2471 abys-

86 2498 107 2521 »
124 2496 195 2525 sus
209 2477 347 2522 multa
355 2481 372 2504 ’Ξ
389 2513 400 2533 ,
417 2496 436 2519 »
455 2486 667 2538 quantum
684 2481 796 2522 Deus
810 2477 959 2534 donat,
979 2489 1159 2525 tractare
1181 2484 1462 2543 suscepimus.

132 2573 141 2589 ¹
158 2569 249 2599 Rom.
271 2576 304 2606 x,
326 2576 375 2598 10.
393 2582 435 2587 —
450 2571 463 2587 2
481 2564 562 2598 Psal.
580 2574 678 2604 xxxv,
698 2575 728 2605 7.

273 2629 428 2659 CXVIII.
1254 2623 1307 2665 26
