1848 3261
359 227 442 266 228
780 235 815 265 s.
849 235 1080 267 Aucusnm
1113 237 1295 264 EPISCOH

355 303 409 346 tis
431 301 578 359 graecis
599 299 820 346 codicibus
845 302 1132 347 videremus1.
1158 299 1275 354 Quid
1308 309 1371 345 est
1396 314 1525 359 ergo,
1554 317 1572 341 «
1593 303 1737 345 Inter-

356 390 378 414 »
414 370 526 416 fecta
548 381 611 417 est
632 380 745 417 terra
762 408 774 429 ,
801 392 821 415 »
841 373 921 418 nisi
943 374 1024 419 hoc
1041 371 1253 417 referatur
1271 372 1325 416 ad
1346 372 1542 416 homines
1564 372 1641 432 qui
1655 373 1738 417 ha-

355 441 558 487 bitabant
577 444 623 486 in
645 451 773 497 terra,
800 444 962 503 tropica
993 443 1237 498 locutione,
1263 458 1350 502 qua
1374 443 1641 501 significatur
1661 458 1739 502 per

354 511 401 557 id
422 512 543 573 quod
561 514 756 558 continet
773 512 819 557 id
831 513 951 574 quod
965 514 1214 558 continetur
1229 548 1240 569 ,
1256 513 1368 557 sicut
1385 511 1567 557 dicimus
1581 512 1740 556 malam

356 582 559 639 domum,
584 585 630 629 in
653 600 740 644 qua
761 584 862 627 mali
884 585 1113 641 habitant,
1139 594 1182 629 et
1216 584 1398 639 bonam,
1424 584 1467 627 in
1491 600 1577 644 qua
1600 583 1740 628 boni?

355 654 443 714 Ipsi
475 670 664 714 namque
692 654 1010 700 interficiebant
1035 656 1197 699 animas
1222 671 1319 699 suas
1344 654 1612 699 immolando
1629 653 1740 698 filios

352 741 452 770 suos
464 760 475 780 ,
496 735 540 769 et
554 724 824 770 effundendo
838 726 1094 785 sanguinem
1115 725 1400 787 parvulorum
1417 741 1440 770 a
1459 725 1740 770 consensione

351 795 466 840 issius
491 795 661 840 sceleris
683 795 926 840 alienorum
952 815 960 840 :
985 796 1104 840 unde
1128 795 1296 840 dictum
1318 805 1380 840 est
1395 832 1405 851 ,
1426 815 1445 838 «
1472 796 1742 840 Effuderunt

357 885 378 909 »
414 866 669 924 sanguinem
688 866 984 911 innocentem.
1013 885 1034 908 »
1067 869 1184 926 Ergo
1201 902 1212 921 ,
1241 886 1261 909 «
1285 866 1519 910 Interfecta
1542 876 1605 911 est
1628 875 1742 912 terra

355 955 376 980 >›
412 937 457 981 in
475 936 780 995 sanguinibus,
797 946 840 981 et
857 937 1148 982 contaminata
1159 946 1222 981 est
1238 937 1284 980 in
1299 937 1502 996 operibus
1520 952 1669 981 eorum
1685 972 1696 992 ,
1716 954 1738 979 n

355 1023 456 1053 cum
479 1008 560 1067 ipsi
581 1007 798 1052 interfecti
818 1017 919 1051 sunt
944 1008 989 1051 in
1012 1009 1176 1063 anima,
1202 1006 1246 1053 et
1270 1008 1551 1052 contaminati
1573 1007 1620 1051 in
1638 1023 1743 1067 ope-

354 1080 474 1124 ribus
496 1080 598 1123 suis.
633 1099 654 1123 «
677 1082 734 1123 Et
754 1079 958 1124 fornicati
989 1089 1092 1124 sunt
1112 1079 1159 1123 in
1181 1079 1561 1123 adinventionibus
1584 1080 1685 1123 suis.
1716 1097 1738 1121 »

357 1150 453 1196 Has
467 1150 572 1194 dicit
584 1149 936 1206 adinventiones,
953 1166 1060 1211 quas
1081 1150 1221 1194 Graeci
1244 1155 1480 1201 ἐπιτηδεύματα.
1502 1149 1739 1210 appellant.

354 1225 465 1268 Nam
486 1223 571 1266 hoc
592 1222 775 1268 verbum
799 1232 864 1267 est
890 1223 937 1266 in
960 1222 1181 1267 codicibus
1201 1222 1348 1281 graecis
1376 1230 1419 1266 et
1445 1223 1529 1280 hoc
1550 1221 1648 1267 1000
1668 1256 1680 1277 ,
1700 1230 1744 1267 et

355 1295 575 1354 superius,
600 1294 678 1338 ubi
691 1295 856 1339 dictum
880 1304 968 1350 est,
999 1313 1016 1335 «
1044 1295 1330 1339 Irritaverunt
1353 1309 1451 1338 eum
1469 1294 1514 1337 in
1533 1293 1745 1338 adinven-

359 1384 380 1407 »
397 1365 588 1410 tionibus
601 1365 687 1409 suis
704 1385 714 1411 ι
734 1384 754 1407 »
767 1382 868 1411 cum
885 1375 928 1410 et
941 1365 1029 1410 iltie
1042 1366 1166 1411 ethic
1180 1382 1249 1410 eas
1263 1366 1378 1410 dicat
1395 1365 1740 1422 adinventiones,

354 1436 401 1481 in
424 1436 584 1497 quibus
608 1436 713 1481 alios
737 1437 894 1481 imitati
922 1445 1038 1481 sunt.
1075 1439 1174 1482 Non
1196 1437 1343 1498 itaque
1380 1437 1438 1481 sic
1469 1435 1603 1481 dictas
1629 1436 1745 1481 arbi-

356 1516 522 1552 tremur
544 1506 870 1559 adinventiones
889 1543 900 1563 ,
931 1508 1054 1567 quasi
1083 1508 1139 1552 ab
1160 1508 1260 1567 ipsis
1280 1507 1522 1562 institutas,
1556 1506 1680 1552 nullo
1697 1507 1745 1552 in

355 1577 448 1623 aliis
470 1579 745 1638 praecedente
766 1578 886 1639 quod
905 1579 1178 1623 imitarentur
1195 1577 1409 1638 exemplo.
1435 1577 1561 1623 Unde
1584 1578 1654 1622 alii
1676 1579 1745 1624 in-

353 1657 563 1709 terpretes
576 1650 728 1705 nostri,
742 1665 832 1694 non
846 1650 1188 1705 adinventiones,
1205 1650 1279 1693 sed
1298 1649 1439 1693 studia
1453 1670 1463 1708 3
1483 1649 1554 1693 alii
1568 1665 1672 1694 vero
1685 1648 1746 1695 af-

355 1718 564 1765 fectiones
574 1720 644 1765 vel
655 1721 966 1776 affectationes,
980 1720 1050 1764 alii
1062 1720 1306 1780 voluptates
1320 1721 1462 1765 dicere
1474 1720 1741 1766 maluerunt:

355 1799 399 1835 et
420 1790 554 1836 iidem
574 1791 656 1851 ipsi
678 1791 754 1851 qui
772 1791 975 1835 dixerunt
996 1790 1346 1846 adinventiones,
1372 1790 1456 1835 alio
1483 1790 1581 1835 1000
1601 1791 1745 1836 studia

354 1870 610 1921 posuerunt.
637 1864 730 1906 Hoc
749 1877 1090 1907 commemorare
1118 1861 1262 1917 volui,
1292 1877 1347 1905 ne
1368 1862 1655 1922 quaestionem
1678 1860 1745 1907 fa-

357 1941 474 1976 ceret
494 1947 655 1976 nomen
678 1931 995 1977 adinventionis
1017 1933 1062 1976 in
1084 1948 1132 1976 ea
1153 1948 1199 1976 re
1213 1967 1224 1988 ,
1250 1948 1383 1992 quam
1409 1948 1501 1977 non
1523 1948 1547 1978 a
1572 1949 1615 1977 se
1643 1933 1745 1993 ipsis

358 2004 736 2061 excogitaverunt,
763 2003 839 2048 sed
861 2004 965 2048 alios
979 2003 1134 2047 imitati
1155 2011 1271 2046 sunt.

415 2076 604 2118 XXXII.
635 2093 655 2116 «
681 2077 737 2118 Et
766 2074 898 2118 iratus
931 2084 995 2119 est
1028 2075 1174 2118 furore
1209 2073 1419 2118 Dominus
1454 2074 1500 2117 in
1530 2072 1746 2133 populum

358 2162 381 2187 2)
416 2147 586 2189 suum2.
621 2163 642 2187 »
677 2144 923 2190 Noluerunt
955 2144 1133 2205 quidam
1164 2144 1420 2203 interpretes
1462 2145 1597 2188 nostri
1635 2144 1746 2189 iram

357 2231 545 2276 ponere,
572 2216 618 2260 in
644 2232 694 2261 eo
724 2216 844 2276 quod
871 2231 1035 2275 graecus
1065 2215 1199 2259 habet
1220 2222 1312 2267 θυμὲς
1333 2231 1343 2259 .·
1364 2214 1439 2259 sed
1461 2214 1641 2275 quidam
1660 2231 1744 2275 po-

357 2297 560 2345 suerunt,
592 2287 772 2348 quidam
799 2304 902 2333 vero
933 2287 1296 2346 indignationem,
1333 2285 1511 2347 quidam
1545 2286 1744 2330 animum

358 2359 632 2419 interpretati
653 2369 768 2403 sunt.
816 2358 1056 2412 Quodlibet
1077 2367 1223 2402 autem
1244 2358 1403 2402 horum
1430 2356 1612 2413 dicatur,
1646 2373 1745 2417 per-

359 2431 553 2475 turbatio
571 2445 660 2474 non
678 2429 792 2475 cadit
808 2431 853 2473 in
871 2433 1009 2474 Deum
1032 2448 1041 2474 ε
1061 2428 1136 2473 sed
1153 2427 1207 2472 de
1225 2426 1541 2472 consuetudine
1562 2428 1746 2473 transla-

362 2509 472 2556 tum,
488 2501 682 2560 potentia
702 2500 952 2545 vindicandi
974 2502 1058 2544 hoc
1076 2514 1237 2544 nomen
1255 2499 1433 2558 accepit.

414 2590 423 2607 ¹
448 2587 548 2618 Graec.
570 2584 795 2629 ἐξενικτενὴθπ.
812 2601 853 2608 -
874 2592 886 2608 ²
902 2585 982 2617 Psal.
1003 2595 1055 2626 cv,
1072 2583 1123 2626 40.
