1848 3261
327 248 409 287 556
761 258 794 288 S.
831 259 1061 290 Aucusnm
1093 262 1275 290 EPISCOPI

324 324 637 370 abundantiam
659 326 865 383 filiorum,
882 328 1215 372 foecunditatem
1235 328 1430 387 frugum.
1450 330 1608 374 Omnia
1629 330 1710 375 ista

322 396 625 457 promissiones
648 408 750 442 sunt
783 408 980 444 terrenae.
1014 403 1066 443 In
1094 402 1233 459 figura
1266 400 1512 460 spiritaliter
1545 400 1710 444 intelli-

324 477 517 527 guntur,
547 468 769 529 quomodo
801 470 1038 513 Jerusalem
1071 479 1241 514 terrena
1273 470 1430 514 umbra
1463 480 1554 514 erat
1591 472 1711 529 regni

321 538 526 593 coelestis,
551 548 593 582 et
610 554 790 596 regnum
810 548 1031 583 terrenum
1050 541 1206 585 umbra
1229 550 1320 585 erat
1341 540 1464 599 regni
1477 539 1707 585 coelorum.

322 609 476 653 Ismae'l
497 609 541 653 in
561 609 740 664 umbra,
763 613 880 654 Isaac
896 611 941 655 in
963 610 1076 655 luce.
1101 612 1142 656 Si
1165 627 1268 671 ergo
1292 611 1448 656 Ismae'l
1464 612 1509 655 in
1527 612 1710 669 umbra,

320 695 408 723 non
429 675 587 723 mirum
609 680 707 739 quia
725 680 783 724 ibi
800 681 1006 725 tenebrae.
1027 681 1277 738 Pinguiores
1296 683 1455 727 etenim
1469 681 1636 725 umbrae
1653 691 1712 726 te-

319 751 467 795 nehrae
478 760 593 796 sunt.
607 754 641 796 E
650 767 725 810 rgo
739 752 894 796 Isma'el
908 753 952 796 in
970 753 1174 808 tenebris,
1193 757 1311 798 Isaac
1325 754 1369 798 in
1381 752 1495 798 luce.
1508 754 1714 806 Quicum-

319 838 405 883 que
428 823 498 867 hic
521 824 651 867 etiam
674 824 720 867 in
736 824 927 869 Ecclesia
958 834 1175 869 terrenam
1192 825 1442 870 felicitatem
1468 834 1673 885 quaerunt
1690 841 1713 869 a

320 896 410 937 Deo
428 913 439 949 3
465 892 609 937 adhuc
632 894 687 938 ad
704 893 858 939 Isma'el
878 895 1111 954 pertinent.
1139 895 1224 955 Ipsi
1238 905 1339 939 sunt
1355 931 1365 950 ,
1392 895 1468 955 qui
1490 894 1713 939 contradi-

319 973 426 1010 cunt
447 965 712 1023 spiritalibus
744 966 1076 1025 proficientibus
1092 1002 1102 1021 ,
1128 967 1423 1012 etdetrahunt
1445 966 1553 1022 illis,
1577 975 1620 1010 et
1635 967 1715 1011 ha-

319 1035 427 1080 bent
448 1034 564 1079 labia
587 1036 736 1096 iniqua
751 1046 793 1081 et
806 1036 977 1096 linguas
991 1037 1212 1082 subdolas.
1239 1040 1403 1082 Contra
1421 1053 1530 1098 quos
1547 1037 1716 1096 rogavit

318 1107 398 1152 iste
421 1098 677 1164 ascenderis,
703 1118 745 1153 et
768 1110 953 1169 appositi
971 1118 1072 1154 sunt
1094 1109 1132 1152 ei
1151 1109 1361 1153 carbones
1384 1108 1654 1164 desolatorii,
1673 1117 1716 1153 et

319 1178 484 1235 sagittae
506 1178 694 1237 potentis
713 1193 867 1224 acutae.
896 1183 1017 1224 Inter
1040 1179 1135 1224 illos
1159 1179 1277 1224 enim
1299 1178 1442 1223 adhuc
1474 1178 1602 1234 vivit,
1631 1179 1715 1224 do-

319 1264 399 1293 nec
437 1257 523 1293 tota
563 1265 659 1293 area
687 1250 924 1295 ventiletur
951 1270 959 1295 :
983 1250 1084 1295 ideo
1118 1250 1224 1295 dixit
1254 1270 1262 1296 2
1294 1270 1309 1290 «
1340 1250 1589 1295 Inhabitavi
1614 1266 1716 1294 cum

323 1339 342 1363 »
378 1320 670 1365 tabernaculis
693 1321 848 1366 Cedar.
876 1341 894 1362 n
917 1324 1027 1368 Nam
1051 1322 1204 1381 etipsa
1229 1321 1510 1366 tabernacula
1528 1321 1685 1365 Ismae'l
1701 1355 1713 1377 ,

319 1389 461 1436 Cedar
492 1390 607 1435 dicta
645 1401 762 1436 sunt.
799 1393 866 1437 Sic
888 1393 1023 1437 habet
1058 1392 1169 1436 liber
1206 1393 1449 1449 Geneseos,
1476 1392 1534 1436 sic
1556 1391 1713 1448 habet,

320 1461 440 1522 quod
463 1461 602 1506 Cedar
620 1461 674 1506 ad
696 1463 851 1507 Ismae'l
872 1463 1102 1522 pertinet¹.
1128 1465 1244 1521 Ergo
1264 1465 1381 1506 isaac
1404 1476 1504 1506 cum
1528 1461 1685 1506 Ismael
1704 1482 1713 1507 z

319 1531 363 1576 id
385 1541 474 1587 est,
501 1533 576 1592 qni
599 1533 821 1592 pertinent
843 1533 897 1578 ad
919 1536 1058 1588 Isaac,
1080 1533 1194 1577 inter
1214 1532 1309 1577 illos
1322 1532 1502 1587 vivunt,
1528 1532 1604 1592 qui
1622 1548 1716 1592 per-

319 1603 462 1647 tinent
476 1601 530 1646 ad
554 1603 724 1647 Ismael.
752 1605 826 1647 Isti
849 1619 1021 1647 sursum
1044 1603 1200 1648 volunt
1222 1603 1479 1656 ascendere,
1504 1601 1569 1646 illi
1589 1603 1719 1648 deor-

320 1689 417 1719 sum
449 1673 604 1718 volunt
639 1690 850 1733 premere.
894 1675 970 1719 Isti
1002 1674 1159 1719 volunt
1190 1673 1337 1719 volare
1365 1673 1419 1718 ad
1454 1677 1618 1728 Deum,
1653 1673 1717 1718 illi

324 1753 540 1791 conantur
570 1759 735 1804 pennas
769 1743 968 1790 evellere.
1004 1748 1202 1805 Namque
1225 1744 1341 1803 apud
1364 1743 1623 1803 Apostolum
1657 1744 1717 1789 ita

324 1815 513 1860 dicitur:
544 1834 563 1857 «
592 1815 676 1860 Sed
707 1814 819 1859 sicut
848 1824 976 1871 tunc,
1009 1815 1085 1876 qui
1120 1812 1360 1858 secundum
1392 1829 1565 1858 carnem
1591 1823 1718 1860 natus

325 1904 349 1928 υ
382 1894 496 1941 erat,
518 1886 862 1945 persequebatur
879 1900 978 1930 eum
999 1886 1075 1946 qui
1092 1883 1335 1929 secundum
1352 1884 1576 1943 spiritum,
1595 1885 1655 1929 ita
1675 1894 1718 1929 et

327 1975 348 1999 »
382 1959 542 2002 nunc&
579 1954 797 2015 Spiritales
819 1971 922 2015 ergo
943 1955 1289 2015 persecutionem
1317 1955 1547 2013 patiuntur
1575 1971 1597 1999 a
1627 1971 1719 2000 car-

327 2047 348 2070 »
382 2027 569 2073 nalibus.
586 2026 670 2072 Sed
682 2028 787 2088 quid
804 2027 909 2072 dicit
922 2028 1168 2088 Scriptura?
1179 2027 1295 2087 Ejice
1308 2025 1508 2070 ancillam
1522 2036 1564 2071 et
1576 2026 1718 2071 filium

327 2117 347 2142 »
382 2100 495 2159 ejus,
528 2114 618 2143 non
640 2098 756 2142 enim
779 2099 915 2143 haeres
934 2098 1015 2143 erit
1036 2098 1150 2142 filius
1174 2097 1342 2142 ancillae
1380 2112 1480 2142 cum
1504 2098 1594 2141 filio
1618 2112 1717 2142 meo

326 2189 347 2214 »
383 2173 516 2215 Isaac.
540 2189 560 2212 »
582 2171 665 2215 Sed
682 2170 765 2215 hoc
788 2171 908 2230 quod
922 2169 1049 2226 dicit,
1066 2170 1200 2229 Ejice,
1217 2167 1395 2229 quando
1409 2169 1516 2213 erit?
1530 2167 1717 2221 Quando

325 2257 421 2286 area
443 2242 624 2302 coeperit
649 2241 864 2285 ventilari.
895 2240 1029 2286 Modo
1057 2249 1204 2285 autem
1232 2249 1467 2299 antequam
1492 2239 1714 2299 ejiciatur,

329 2332 349 2355 α
384 2314 480 2357 Heu
512 2328 603 2366 me,
635 2311 756 2372 quod
778 2310 992 2356 incolatus
1015 2326 1135 2355 meus
1159 2310 1428 2370 longinquus
1462 2308 1604 2354 factus
1629 2319 1714 2366 est,

326 2401 348 2425 »
380 2382 621 2427 inhabitavi
638 2398 738 2426 cum
757 2382 1044 2426 tabernaculis
1061 2380 1216 2427 Cedar.
1238 2398 1258 2421 »
1280 2383 1337 2425 Et
1351 2381 1552 2440 exponit3
1568 2380 1713 2436 nobis,

323 2453 398 2515 qui
420 2462 523 2498 sunt
540 2453 632 2509 isti,
659 2453 733 2513 qui
756 2453 977 2512 pertinent
997 2453 1051 2497 ad
1074 2450 1354 2497 tabernacula
1375 2451 1534 2496 Cedar.

375 2557 384 2573 ¹
403 2552 482 2582 Gen.
500 2560 561 2581 xxv
575 2575 583 2589 ,
602 2548 652 2581 13.
672 2566 712 2571 —
730 2550 807 2582 ²1d.
828 2549 962 2589 xv1,1.'›,
983 2553 1015 2579 et
1036 2556 1148 2588 nna,
1174 2547 1192 2579 3
1214 2550 1246 2579 et
1264 2558 1314 2579 ιο,
1332 2551 1363 2578 et
1385 2546 1453 2580 Gal.
1468 2557 1515 2588 lv,
1528 2546 1659 2586 ¹21-30.
1674 2562 1716 2570 —-

328 2605 340 2630 3
360 2608 482 2649 Nempe
501 2606 530 2638 in
546 2604 701 2638 versiculo
720 2615 749 2646 ς.
