1848 3261
246 238 489 272 ENARnAno
520 243 567 271 ΙΝ
597 238 801 271 PsALMUM
830 241 993 281 CXVIII,
1026 242 1164 272 SERMO
1194 244 1256 272 lx.
1379 232 1468 274 419

86 309 180 369 ejus
197 342 209 363 ,
232 307 278 352 id
309 318 372 353 est
391 344 402 364 ,
427 308 662 353 Ecclesiam
677 329 687 366 3
704 307 895 352 invenies
916 322 1038 366 reges
1064 317 1190 352 terrae
1213 310 1472 369 excogitasse

85 387 218 438 atque
233 379 405 439 jussisse
427 379 649 439 quomodo
671 378 902 423 Christiani
924 393 1139 438 nusquam
1156 389 1310 424 essent.
1332 399 1351 422 «
1373 384 1477 426 Ete-

87 466 108 490 >›
143 450 234 493 nim
256 449 461 494 sederunt
483 450 695 510 principes
709 484 720 504 ,
742 458 786 492 et
810 448 1037 493 adversum
1059 464 1129 493 me
1147 449 1442 509 loquebantur
1461 472 1471 498 ε

87 536 108 560 >)
143 534 289 563 servus
308 529 453 564 autem
468 529 568 563 tuus
580 518 858 562 exercebatur
872 519 917 562 in
931 519 1013 563 tuis
1024 519 1470 579 justificationibus1.»

83 589 233 642 Qualis
255 591 501 635 exercitatio
522 591 616 634 haec
640 588 793 646 fuerit,
829 591 904 650 qui
933 606 1056 635 nosse
1084 590 1298 635 desideras
1318 626 1329 646 ,
1355 591 1475 652 quod

85 659 283 720 adjunxit
300 660 492 720 intellige
513 677 522 701 ε
549 663 693 706 «Nam
717 669 760 704 et
782 661 1028 704 testimonia
1051 670 1125 705 tua
1144 661 1367 706 meditatio
1381 677 1474 705 mea

86 747 107 771 »
143 739 231 786 est,
257 740 300 774 et
333 731 561 776 consilium
594 746 740 774 meum
766 730 1094 791 justificationes
1115 741 1220 776 tuae.
1263 751 1284 774 >›
1318 733 1477 778 Recole

83 799 204 860 quod
224 802 421 860 superius
442 799 743 845 commendavi
762 801 1007 845 testimonia
1029 817 1119 846 esse
1143 803 1366 860 martyria.
1389 805 1477 846 Re-

83 869 178 914 cole
198 871 243 914 in
264 871 651 931 justificationibus
675 871 848 915 Domini
872 871 1038 916 nullam
1062 887 1152 916 esse
1188 871 1478 917 difficiliorem

82 948 126 984 et
144 940 479 996 mirabiliorem,
500 956 633 1000 quam
653 949 704 986 ut
739 956 838 985 suos
862 941 1048 1001 quisque
1081 941 1234 1001 diligat
1260 942 1473 986 inimicos.

83 1011 153 1056 Sic
169 1027 272 1070 ergo
294 1012 572 1056 exercebatur
595 1028 752 1072 corpus
787 1013 946 1058 Christi
965 1048 976 1068 ,
1010 1022 1061 1057 ut
1082 1023 1125 1057 et
1149 1014 1356 1071 martyria
1387 1014 1480 1073 ejus

81 1080 365 1126 meditaretur
384 1117 395 1137 ,
431 1091 474 1126 et
497 1082 697 1141 diligeret
724 1098 796 1127 eos
818 1099 840 1127 a
862 1083 1022 1143 quibus
1045 1081 1415 1140 opprobrantibus
1437 1092 1481 1127 et

80 1153 463 1196 contemnentibus
491 1161 669 1212 propter
696 1153 788 1212 ipsa
824 1152 1031 1208 martyria
1055 1152 1374 1212 persecutiones
1395 1168 1476 1212 pa-

80 1221 317 1266 tiebatur2.
341 1225 437 1267 Non
461 1223 576 1266 enim
598 1235 677 1279 pro
699 1235 743 1264 se
762 1256 774 1276 ,
800 1220 912 1264 sicut
934 1222 1026 1281 jam
1049 1222 1473 1278 commendavimus,

80 1291 153 1335 sed
165 1307 244 1351 pro
258 1291 358 1350 ipsis
375 1291 521 1350 potius
539 1291 691 1335 orabat
705 1291 852 1335 dicens
870 1311 908 1336 2«
924 1296 990 1336 Au
998 1291 1061 1336 fer
1076 1309 1098 1336 a
1111 1308 1180 1337 me
1192 1293 1478 1353 opprobrium

81 1380 104 1404 »
141 1372 185 1406 et
210 1371 529 1421 contemptum.
560 1361 777 1406 Sederunt
807 1377 909 1420 ergo
943 1364 1158 1423 principes
1181 1373 1224 1407 et
1248 1364 1479 1410 adversum

83 1449 105 1474 »
135 1448 207 1477 me
219 1432 515 1492 loquebantur
530 1451 538 1476 :
555 1447 702 1477 servus
719 1441 864 1476 autem
879 1442 980 1477 tuus
996 1435 1276 1478 exercebatur
1290 1435 1335 1478 in
1347 1436 1478 1495 justi-

82 1520 104 1544 »
138 1503 414 1548 ficationibus
428 1503 528 1547 tuis.
553 1520 572 1543 >›
598 1507 797 1556 Quonam
820 1501 1021 1548 modop‘«
1038 1507 1147 1549 Nam
1170 1514 1212 1549 et
1229 1506 1475 1550 testimonia

83 1593 102 1616 »
139 1584 214 1619 tua
239 1575 464 1619 meditatio
486 1589 582 1618 mea
604 1583 667 1618 est
682 1609 693 1629 ,
719 1583 762 1618 et
784 1574 1014 1619 consilium
1035 1591 1181 1619 meum
1197 1576 1474 1635 justificatio—

83 1663 103 1686 »
138 1645 276 1689 tiones
296 1647 426 1689 tuaess.
461 1663 481 1686 »
507 1644 747 1689 Consilium
770 1654 922 1688 contra
952 1644 1214 1690 consilium:
1244 1647 1474 1691 consitium

78 1715 322 1760 sedentium
358 1716 609 1774 principum
641 1713 726 1759 fuit
765 1715 966 1759 inventos
1002 1719 1215 1773 Martyres
1252 1718 1434 1776 perdere
1459 1737 1470 1764 x

28 1780 32 1783 ¹
78 1785 307 1831 consilium
339 1786 600 1845 patientium
633 1788 877 1842 Martyrum
920 1785 1006 1829 fuit
1048 1786 1243 1831 inimicos
1279 1788 1471 1846 perditos

79 1856 287 1900 invenire.
312 1854 576 1900 Reddebant
600 1854 663 1898 illi
686 1855 798 1899 mala
826 1870 906 1914 pro
932 1855 1085 1914 bonis,
1119 1856 1210 1912 isti,
1246 1857 1362 1902 bona
1392 1875 1471 1918 pro

77 1927 216 1971 malis.
241 1925 359 1980 Quid
383 1941 485 1984 ergo
499 1924 658 1968 mirum
675 1959 685 1979 ,
711 1925 744 1968 si
768 1924 830 1968 illi
846 1925 1087 1970 occidendo
1104 1925 1376 1983 defecerunt,
1399 1929 1472 1974 isti

77 1997 304 2041 moriendo
327 1988 558 2040 vicerunt?
580 1993 697 2048 Quid
714 2029 725 2050 ,
749 1995 930 2055 inquam
950 2031 960 2050 ,
986 1996 1161 2052 mirum,
1181 1998 1215 2041 si
1236 2001 1464 2056 Martyres,

77 2065 355 2111 saevientibus
383 2065 609 2124 gentibus,
646 2065 929 2124 temporalem
951 2076 1137 2110 mortem
1155 2068 1468 2127 patientissime

76 2135 374 2198 pertulerunt,
400 2143 444 2178 et
465 2143 628 2193 gentes,
654 2136 921 2193 Martyribus
932 2138 1178 2193 orantibus,
1188 2138 1242 2183 ad
1258 2148 1465 2184 aeternam

75 2209 209 2254 vitam
231 2206 458 2267 pervenire
475 2214 715 2264 potuerunt
734 2226 745 2262 3
770 2205 875 2250 dum
893 2223 1049 2268 corpus
1075 2209 1236 2255 Christi
1257 2211 1316 2255 sic
1338 2226 1464 2256 exer-

76 2289 214 2335 cetur,
234 2288 339 2324 utet
353 2278 559 2335 martyria
583 2276 834 2333 meditetur,
852 2287 895 2322 et
908 2279 1030 2323 malis
1050 2283 1296 2339 Martyrum
1315 2297 1463 2343 perse-

75 2350 301 2396 cutoribus
322 2350 438 2394 bona
460 2349 690 2408 precetur?

124 2455 133 2471 ¹
154 2447 233 2481 Psal.
251 2457 364 2486 cxvm,
382 2445 437 2488 24.
458 2462 499 2468 -
517 2452 530 2467 ²
549 2444 664 2477 Matth.
685 2456 718 2486 v,
739 2443 792 2486 44.
811 2462 852 2468 -
869 2443 882 2468 3
901 2446 978 2478 Psal.
996 2458 1107 2490 cxvm,
1130 2458 1183 2480 22.

257 2647 275 2662 ‘⁴
1185 2641 1252 2681 27.
