1848 3261
333 186 418 227 456
775 197 808 226 s.
843 196 1074 227 Aueus‘rmr
1106 199 1287 227 Emscom

338 284 357 305 »
394 263 549 322 gitavi‚
576 263 718 323 inquit
737 298 748 319 ‚
774 264 862 308 vias
884 279 998 308 meas
1020 299 1030 318 ‚
1051 273 1095 308 et
1117 263 1251 307 averti
1272 263 1402 323 pedes
1420 279 1537 309 meos
1559 265 1604 308 in
1630 273 1715 309 tes-

337 352 357 375 »
392 333 537 377 monia
560 342 634 377 tua
648 336 677 377 1.
697 335 845 378 Averti
866 354 882 375 »
902 334 1062 379 scilieet
1086 350 1108 378 a
1125 334 1202 378 viis
1223 335 1344 389 meis,
1365 351 1463 395 quae
1485 334 1718 395 displicue-

334 413 438 448 runt
459 404 590 459 mihi,
615 413 666 448 ut
684 405 795 447 irent
816 405 862 447 in
882 404 1124 448 testimonia
1146 413 1220 447 tua
1237 438 1248 459 ‚
1276 413 1406 463 atque
1423 405 1485 448 ibi
1506 405 1718 449 haberent

332 475 462 519 viam.
486 474 635 518 Plures
659 475 773 517 enim
799 473 969 518 codices
990 490 1080 519 non
1101 475 1283 528 habent,
1307 493 1323 513 «
1348 475 1459 527 Quia
1475 475 1675 533 cogitavi,
1696 494 1714 516 »
1772 517 1776 520 .

334 545 445 590 sieut
478 545 519 588 in
555 543 818 604 quibusdam
844 543 1004 603 legitur
1032 544 1144 589 :sed
1177 544 1502 600 tantummodo,
1540 564 1557 585 «
1590 545 1720 604 Cogi-

341 636 359 657 »
394 616 497 661 tavi.
529 635 545 655 »
573 614 703 667 Quod
724 625 871 659 autem
897 615 969 659 hic
990 616 1178 675 positum
1203 626 1289 670 est,
1315 635 1332 655 «
1356 618 1412 659 Et
1435 616 1568 660 averti
1589 616 1721 675 pedes

342 707 359 728 »
395 701 513 729 meos
535 706 545 743 3
575 705 592 725 »
619 685 827 729 nonnulli
848 686 1029 740 habent,
1064 705 1080 724 «
1107 686 1215 738 Quia
1237 687 1450 744 cogitavi,
1471 695 1514 730 et
1535 687 1722 730 avertisti

340 775 358 797 »
391 755 524 814 pedes
542 770 660 799 meos
687 774 694 799 :
722 775 739 796 »
764 765 815 800 ut
842 756 926 800 hoc
950 755 1026 799 Dei
1043 756 1188 814 potius
1207 756 1354 814 gratiae
1378 755 1598 799 tribuatur
1618 791 1628 810 ‚
1653 771 1723 800 se-

337 825 534 870 eundum
568 825 680 869 illud
703 825 823 886 quod
845 824 1077 885 Apostolus
1101 825 1160 869 ait
1185 845 1193 870 :
1230 844 1247 864 «
1284 829 1398 870 Deus
1420 835 1484 870 est
1505 826 1619 870 enim
1648 826 1725 886 qui

316 907 318 909 ’
343 916 361 938 »
395 906 600 956 operatur
620 896 666 940 in
688 897 837 941 vobis²
859 916 867 941 :
897 915 916 937 »
944 896 1015 940 cui
1038 896 1168 939 etiam
1191 895 1376 940 dicitur:
1402 915 1419 936 «
1443 900 1599 940 Averte
1621 912 1728 941 ocu-

344 986 363 1008 »
398 966 462 1011 los
486 983 604 1011 meos
624 1002 634 1021 ‚
660 983 715 1011 ne
737 967 914 1011 videant
934 967 1213 1010 vanitatem.»
1243 966 1285 1011 Si
1308 966 1456 1010 oculos
1478 981 1533 1010 ne
1553 966 1729 1010 videant

341 1039 593 1094 vanitatem,
613 1055 692 1083 cur
713 1054 803 1083 non
825 1047 868 1082 et
888 1037 1020 1097 pedes
1042 1053 1098 1081 ne
1118 1046 1337 1081 sectentur
1355 1040 1576 1082 errorem?
1600 1042 1731 1097 Prop-

346 1121 408 1154 ter
432 1109 553 1169 quod
576 1119 618 1153 et
639 1108 749 1152 illud
776 1109 986 1168 seriptum
1005 1117 1068 1152 est
1092 1127 1100 1152 :
1127 1107 1255 1152 Oculi
1278 1109 1362 1151 mei
1385 1124 1553 1168 semper
1575 1108 1628 1152 ad
1646 1114 1731 1153 Do-

348 1201 367 1223 »
403 1181 588 1241 minum,
609 1180 816 1240 quoniam
834 1180 924 1239 ipse
948 1179 1104 1222 evellet
1127 1179 1181 1222 de
1200 1182 1356 1238 laqueo
1378 1179 1510 1239 pedes
1532 1195 1648 1224 meos
1668 1181 1729 1224 ³.»

346 1249 431 1294 Sed
461 1250 548 1293 sive
575 1269 592 1289 «
635 1249 840 1294 Avertisti
872 1249 1003 1308 pedes
1038 1264 1177 1302 meos,
1210 1268 1226 1289 »
1254 1249 1341 1292 sive
1368 1267 1385 1288 «
1418 1249 1566 1293 Averti
1602 1250 1734 1308 pedes

351 1340 368 1361 »
406 1336 524 1364 meos
560 1340 576 1360 »
613 1319 810 1378 legatur,
836 1319 891 1362 ab
913 1319 989 1362 illo
1020 1319 1070 1361 fit
1095 1328 1146 1361 ut
1167 1317 1372 1362 faciamus
1393 1353 1404 1372 ‚
1428 1320 1550 1379 cujus
1581 1319 1734 1364 faciem

346 1400 547 1450 precatus
565 1399 627 1434 est
648 1391 694 1433 in
715 1388 845 1434 eorde
867 1405 945 1433 suo
960 1424 970 1443 ‚
997 1398 1040 1432 et
1056 1388 1127 1432 cui
1151 1387 1257 1432 dixit
1277 1405 1286 1430 ε
1311 1408 1326 1427 «
1345 1389 1549 1433 Miserere
1571 1391 1654 1434 mei
1676 1405 1738 1434 se-

353 1480 372 1502 »
408 1461 604 1505 eundum
625 1460 848 1520 eloquium
871 1470 997 1504 tuum
1015 1495 1025 1514 ‚
1043 1477 1062 1499 »
1085 1459 1168 1503 hoc
1190 1468 1269 1514 est,
1289 1459 1530 1503 secundum
1553 1461 1736 1505 verbum

348 1533 640 1592 promissionis
660 1541 763 1576 tuae.
792 1531 891 1575 Filii
923 1531 1085 1591 quippe
1107 1530 1399 1590 promissionis
1417 1531 1462 1574 in
1484 1532 1644 1576 semine
1666 1532 1737 1577 de-

350 1612 562 1662 putantur
584 1602 773 1646 Abrahae
789 1603 821 1644 4.

410 1676 492 1716 III.
520 1673 716 1732 Denique
740 1672 824 1715 hoc
858 1672 1089 1730 impetrato
1124 1671 1271 1730 gratiae
1294 1672 1534 1727 beneficio,
1564 1692 1580 1713 «
1608 1677 1738 1718 Para-

357 1763 374 1783 »
412 1751 479 1786 tus
514 1757 609 1786 sum
625 1776 636 1795 ‚
662 1741 833 1801 inquit,
862 1750 905 1784 et
927 1756 1017 1784 non
1045 1756 1140 1784 sum
1163 1741 1365 1785 turbatus
1381 1776 1391 1796 ‚
1424 1750 1475 1785 ut
1496 1742 1736 1786 custodiam

358 1836 375 1853 .·›
411 1813 616 1857 mandata
644 1815 744 1856 tua⁵
773 1831 781 1857 ;
812 1832 829 1853 »
856 1810 977 1871 quod
1009 1810 1143 1871 aliqui
1173 1811 1444 1871 interpretati
1479 1824 1604 1867 sunt,
1629 1833 1645 1853 «
1671 1813 1740 1858 Ad

357 1903 375 1925 »
411 1883 743 1928 custodiendum
770 1881 974 1926 mandata
997 1890 1096 1931 tua;
1117 1901 1135 1922 »
1148 1880 1297 1942 aliqui,
1319 1901 1335 1921 «
1358 1884 1413 1927 Ut
1429 1883 1735 1939 custodirem,»

353 1954 486 2015 aliqui
508 1990 518 2010 ,
548 1974 564 1995 «
590 1954 820 1998 Custodire
847 1973 855 1998 :
887 1973 904 1994 »
931 1952 1052 2013 quod
1074 1968 1237 2010 graecus
1259 1953 1429 2012 posuit,
1449 1967 1499 1995 τοῦ
1525 1963 1736 2007 φυλάξασθαι..

412 2027 488 2068 IV.
507 2028 648 2078 Quam
662 2040 765 2068 vero
782 2033 957 2083 paratus
978 2022 1117 2067 faetus
1139 2023 1192 2066 sit
1215 2021 1269 2066 ad
1287 2023 1570 2068 custodienda
1593 2025 1740 2069 divina

353 2094 557 2139 mandata
579 2093 774 2139 ‘subdidit
790 2129 801 2149 ‚
835 2093 982 2138 dicens
1008 2113 1017 2138 z
1048 2112 1065 2132 «
1093 2095 1236 2136 Funes
1254 2103 1530 2152 peccatorum
1553 2095 1741 2139 circum-

356 2186 375 2208 »
410 2168 525 2227 plexi
562 2176 664 2211 sunt
686 2181 754 2210 me
771 2201 781 2221 ,
814 2175 857 2209 et
877 2165 981 2223 legis
1003 2173 1091 2208 tuae
1114 2180 1203 2208 non
1226 2179 1321 2208 sum
1344 2165 1504 2209 oblitus
1519 2167 1578 2208 ⁰.»
1596 2169 1740 2210 Funes

352 2247 632 2297 peecatorum
651 2272 661 2291 ,
695 2235 1005 2295 impedimenta
1038 2244 1140 2279 sunt
1168 2234 1445 2279 inimicorum
1465 2271 1476 2291 ,
1502 2236 1589 2279 sive
1611 2236 1739 2295 spiri-

349 2308 527 2362 talium⁷
558 2308 669 2351 sieut
690 2305 851 2351 diaboli
886 2314 928 2349 et
950 2304 1204 2364 angelorum
1227 2305 1317 2363 ejus
1337 2340 1347 2360 ,
1368 2306 1454 2349 sive
1477 2305 1735 2361 carnalium,

350 2378 396 2423 in
419 2379 579 2439 quibus
602 2377 699 2421 filiis
716 2376 982 2420 infidelitatis
1005 2375 1204 2419 diabolus
1227 2384 1432 2434 operatur
1447 2377 1477 2419 ⁷.
1503 2378 1601 2421 Non
1624 2377 1736 2419 enim

400 2481 410 2497 ¹
437 2475 517 2508 psal.
545 2472 745 2516 cxvijS,
762 2473 815 2516 59.
832 2489 871 2495 --
892 2479 904 2495 ²
924 2472 1035 2515 Philip.
1052 2484 1087 2514 ιι,
1109 2472 1159 2504 13.
1182 2487 1220 2494 ν·-
1242 2469 1255 2494 3
1273 2471 1351 2503 Psal.
1373 2482 1462 2513 niv,
1483 2472 1536 2504 15.
1555 2489 1595 2495 ——-
1610 2470 1626 2501 4
1645 2473 1735 2504 Rom.

350 2542 394 2573 ix,
413 2533 446 2572 8,
471 2542 504 2574 9.
525 2549 566 2556 —
588 2529 602 2556 ⁵
617 2530 697 2564 Psal.
717 2540 824 2570 cxviii,
841 2529 893 2562 60.
921 2545 962 2552 --
979 2526 994 2552 6
1010 2527 1158 2562 1bid.61.
1184 2543 1222 2550 -
1243 2534 1255 2560 7
1274 2526 1389 2568 Ephes.
1417 2537 1455 2567 u,
1471 2535 1502 2559 2.
