1848 3261
370 200 422 239 24
795 208 827 234 S.
865 209 1091 236 AUGUSTINI
1125 207 1304 234 Eptscom

366 275 420 320 ad
448 290 547 319 eum
577 273 779 318 accedere
807 289 907 318 eum
935 284 1009 318 tua
1040 271 1317 316 mendicitate
1345 283 1435 312 non
1457 267 1652 312 auderes.
1678 265 1746 310 Ibi

367 347 530 406 accepit
549 381 559 400 ‚
584 346 761 405 inquam
777 380 788 400 ,
824 346 1005 389 formam
1033 343 1172 396 servi,
1210 341 1270 384 ibi
1309 349 1453 384 nostra
1477 338 1656 382 indutus
1681 346 1748 381 est

366 426 619 478 paupertate
635 452 645 470 ‚
680 417 740 459 ibi
771 432 813 459 se
844 416 1095 475 pauperavit
1113 449 1123 468 ‚
1149 412 1210 456 ibi
1232 427 1310 455 nos
1332 410 1500 455 ditavit.
1526 412 1621 453 Jam
1644 423 1747 466 ergo

366 488 708 548 propinquamus
727 485 780 529 de
797 485 871 530 illo
888 487 981 529 haee
995 484 1250 542 intelligere.
1274 484 1586 525 Verumtamen
1604 478 1748 522 adhuc

366 574 455 602 non
481 567 542 601 est
561 569 716 599 temere
737 554 1111 615 pronuntiandum
1134 573 1142 596 2
1171 561 1319 611 partus
1341 549 1516 608 virginis
1539 558 1617 603 est,
1640 548 1748 607 lapis

365 629 454 672 sine
485 627 684 670 manibus
717 625 770 669 de
801 634 948 669 monte
971 624 1196 683 praecisus¹
1216 657 1226 677 ,
1252 622 1328 665 ubi
1351 620 1499 664 nullus
1520 620 1749 664 hominum

366 706 567 755 operatus
599 706 687 749 est,
729 694 849 738 nulla
889 693 1099 738 transfusa
1135 691 1483 750 eoncupiscentia
1502 725 1512 745 ,
1549 688 1624 733 sed
1659 687 1749 732 sola

367 768 471 811 fides
493 781 684 820 aceensa,
710 775 752 808 et
769 765 900 808 Verbi
923 781 1022 808 earo
1039 771 1265 821 concepta.
1287 760 1452 805 Deinde
1469 759 1675 819 processit
1696 774 1750 801 ex

367 847 489 881 utero
506 859 516 894 3
535 836 671 880 locuti
693 845 794 881 sunt
816 836 930 890 coeli,
953 834 1105 893 Angeli
1127 832 1370 893 pastoribus
1392 831 1749 884 nuntiaverunt2,

367 907 486 952 stella
521 907 575 951 ad
603 906 871 951 adorandum
906 921 1052 963 regem
1085 907 1234 962 Magos
1261 904 1416 947 traxit³
1436 938 1446 957 ‚
1475 902 1647 946 Simeon
1670 900 1753 943 im-

366 978 507 1038 pletus
528 978 687 1037 Spiritu
708 976 919 1020 infantem
940 979 1078 1019 Deum
1100 975 1146 1018 in
1166 974 1313 1018 matris
1335 973 1536 1017 manibus
1558 971 1746 1029 agnovit.

370 1049 558 1093 Accessit
580 1057 703 1101 zetas,
725 1062 814 1091 non
832 1045 1070 1098 niv-innati,
1098 1043 1173 1087 sed
1191 1043 1323 1088 carni.
1350 1046 1540 1087 Horrent
1554 1077 1563 1095 ‚
1589 1041 1753 1084 miran-

371 1129 527 1179 turque
546 1117 796 1177 sapientiam
822 1116 944 1176 pueri
967 1115 1236 1169 duodennis,
1261 1114 1451 1173 imperiti
1473 1113 1639 1157 senes4.
1666 1115 1755 1156 Aut

369 1191 531 1234 etiamsi
551 1188 675 1248 periti
699 1203 842 1241 senes,
866 1187 973 1247 quid
995 1185 1171 1230 illorum
1190 1185 1340 1245 peritia
1363 1184 1419 1228 ad
1437 1183 1629 1227 Verbum
1651 1183 1754 1226 Dei?

368 1261 475 1321 quid
498 1260 672 1304 illorum
692 1260 843 1319 peritia
862 1259 915 1303 ad
942 1258 1204 1317 Sapientiam
1226 1257 1335 1302 Dei?
1358 1259 1511 1301 Nonne
1533 1264 1576 1298 et
1592 1254 1719 1314 periti
1738 1289 1750 1309 ,

370 1332 449 1375 nisi
470 1330 545 1374 illo
570 1330 870 1383 subveniente,
890 1329 1042 1389 utique
1054 1327 1437 1388 perituri?Crescit
1459 1325 1602 1370 adhuc
1625 1333 1753 1367 aetate

370 1401 582 1460 eorporis.
601 1401 718 1444 venit
738 1399 792 1444 ad
806 1400 989 1443 fluvium
1007 1397 1310 1457 baptizandus⁵
1327 1419 1338 1455 3
1355 1397 1596 1455 baptizator
1612 1398 1753 1439 Deum

371 1471 576 1528 agnoseit,
594 1470 743 1528 indign
753 1485 823 1513 um
844 1485 887 1513 se
905 1469 1122 1514 solvendae
1140 1467 1420 1511 calceamenti
1437 1466 1628 1522 corrigiae
1646 1480 1753 1509 eon-

371 1543 557 1585 fiteturss.
587 1544 682 1585 Jam
707 1540 807 1584 inde
825 1541 927 1584 caeci
948 1539 1279 1593 illuminantur,
1306 1537 1447 1582 surdis
1465 1536 1656 1596 aperitur
1677 1551 1756 1579 au-

371 1612 510 1665 ditus,
544 1612 787 1671 loquuntur
820 1611 931 1654 muti
948 1646 958 1664 ,
984 1609 1254 1653 mundantur
1274 1608 1458 1667 leprosi,
1484 1608 1756 1664 stringuntur

372 1682 598 1741 paralytici
617 1717 626 1736 ‚
646 1681 955 1725 convalescunt
972 1679 1190 1739 languidi,
1219 1688 1450 1737 resurgunt
1471 1677 1632 1721 mortui
1647 1678 1678 1720 ⁷.

433 1756 490 1796 ΙΙ.
517 1755 611 1796 Jam
642 1751 820 1812 quidem
847 1753 892 1795 in
925 1751 1058 1794 Verbi
1088 1750 1203 1793 illius
1223 1785 1232 1803 ,
1269 1765 1345 1808 per
1366 1749 1486 1809 quod
1510 1747 1623 1792 facta
1655 1757 1757 1791 sunt

375 1823 544 1876 omnia,
576 1822 895 1881 comparatione
923 1820 1171 1864 divitiarum
1204 1835 1388 1877 agnosco
1420 1827 1720 1878 paupertatem
1744 1837 1753 1861 ;

375 1892 449 1937 sed
467 1908 595 1952 quam
619 1892 746 1950 longe
769 1891 910 1935 adhue
933 1907 955 1934 a
975 1892 1117 1934 cinere
1140 1901 1182 1933 et
1204 1891 1312 1933 fletu
1328 1905 1427 1933 cum
1449 1887 1757 1948 potuPAdhue

377 1964 507 2006 timeo
530 1962 671 2005 dicere
690 1983 697 2006 2
727 1965 820 2020 {pse
841 1972 921 2005 est:
939 1971 982 2004 et
1000 1971 1144 2004 tamen
1166 1961 1280 2005 volo.
1308 1964 1416 2005 Sunt
1438 1960 1508 2003 hic
1525 1960 1639 2003 enim
1658 1976 1757 2019 quae

377 2049 446 2076 me
469 2043 626 2091 cogant
647 2032 758 2075 velle
774 2067 784 2085 ,
811 2041 854 2075 et
884 2048 1028 2075 rursus
1060 2031 1262 2091 quaedam
1298 2046 1397 2091 quae
1418 2046 1488 2073 me
1519 2040 1678 2088 cogant
1702 2031 1759 2074 ti-

375 2118 508 2146 mere.
536 2106 631 2162 Ipse
653 2112 714 2145 est
733 2137 742 2155 ,
771 2111 812 2145 et
834 2118 921 2145 non
944 2112 1005 2145 est
1027 2102 1132 2160 ipse.
1165 2105 1261 2145 Jam
1294 2101 1339 2144 in
1374 2099 1510 2144 forma
1535 2100 1646 2143 servi
1665 2110 1754 2156 est,

371 2175 462 2233 jam
484 2172 709 2217 mortalem
733 2171 1014 2232 fragilemque
1036 2188 1208 2216 earnem
1232 2181 1390 2230 portat,
1412 2172 1501 2230 jam
1523 2171 1759 2215 moriturus

380 2243 577 2297 advenit,
614 2252 655 2286 et
689 2252 832 2285 tamen
863 2242 1057 2286 nondum
1089 2241 1344 2300 intelligitur
1366 2242 1411 2285 in
1440 2242 1521 2285 hac
1552 2250 1754 2299 egestate.

383 2333 403 2355 «
438 2314 635 2358 Cinerem
655 2313 765 2356 sieut
786 2328 942 2371 panem
963 2312 1238 2367 manducavi,
1256 2321 1298 2355 et
1315 2321 1467 2371 potum
1490 2326 1635 2355 meum
1658 2327 1758 2355 eum

381 2402 401 2424 »
438 2384 543 2427 ssetu
565 2383 813 2426 miscebam.
841 2401 861 2422 »
887 2381 1030 2426 Addat
1053 2399 1155 2442 ergo
1177 2391 1474 2442 paupertatem
1493 2383 1755 2441 paupertati,

428 2487 436 2502 ¹
458 2483 535 2511 Dan.
555 2491 586 2520 11,
604 2479 656 2520 34.
670 2497 710 2500 -
728 2486 740 2500 ²
758 2481 833 2509 Lim.
851 2489 894 2519 xi,
916 2478 1050 2520 7-14.-
1071 2478 1082 2502 3
1102 2480 1225 2512 Matth.
1244 2492 1279 2520 11,
1304 2492 1332 2519 1,
1353 2488 1383 2511 ρ.
1404 2496 1443 2501 -
1460 2478 1475 2508 4
1491 2481 1566 2511 Luc.
1584 2491 1620 2519 11,
1643 2478 1752 2521 25-47.

383 2553 422 2557 —
440 2535 452 2557 5
470 2538 566 2567 Marc.
587 2548 608 2572 1,
638 2547 727 2576 71-
752 2534 766 2552 ⁶
792 2535 903 2567 matth.
925 2547 971 2568 111.
993 2547 1041 2566 11.
1063 2553 1102 2558 v—
1124 2536 1271 2568 71&st
1292 2536 1317 2565 3.
