1848 3261
389 226 630 258 ENARRA-no
661 230 707 256 IN
737 224 941 257 PsALMUM
970 227 1074 254 exn.
1343 217 1423 256 331

52 316 72 341 »
85 298 139 342 de
151 306 336 341 stercore
345 294 503 339 exaltat
511 309 746 354 pauperem
764 311 773 338 :
788 301 838 336 ut
846 291 1030 336 collocet
1043 305 1144 334 eum
1161 305 1260 335 cum
1273 293 1430 352 princi-

53 391 72 413 »
85 370 226 431 pibus,
241 384 343 414 cum
355 368 623 428 principibus
636 365 783 427 populi
793 365 873 409 sui³
883 398 892 408 .
904 385 921 406 »
932 366 1030 409 Non
1039 363 1187 423 itaque
1196 361 1430 422 dedignen-

49 450 121 485 tur
140 455 230 484 esse
253 438 434 483 humilia
453 439 592 498 capita
622 436 885 481 excelsorum
900 469 910 489 ,
936 433 1017 478 sub
1039 432 1215 477 dextera
1236 433 1426 478 Domini.

49 511 249 565 Quamvis
264 510 377 569 enim
395 509 633 554 collocetur
649 506 788 552 fidelis
802 505 1033 550 dominicae
1045 503 1242 564 pecuniae
1262 502 1432 563 dispen-

49 590 164 627 sator
185 596 285 625 cum
307 579 576 640 principibus
593 577 744 638 populi
768 577 864 631 Dei,
885 575 1081 636 quamvis
1102 589 1292 618 sessurus
1315 573 1368 618 sit
1385 573 1432 618 in

50 652 283 697 duodecim
304 650 494 705 sedibus,
520 658 562 693 et
580 648 770 708 Angelos
791 662 968 708 quoque
986 645 1287 706 judicaturus²
1313 664 1323 690 ε
1347 662 1367 686 »
1408 660 1433 690 a

49 731 163 767 terra
184 731 330 766 tamen
347 722 472 780 inops
496 720 691 779 erigitur,
721 728 766 762 et
790 717 846 762 de
871 726 1059 761 stercore
1074 731 1240 775 pauper
1269 715 1433 759 exalta-

49 802 136 837 tur.
163 795 231 836 An
248 790 361 835 forte
382 807 471 835 non
494 799 558 834 est
581 789 791 833 exaltatus
813 788 868 832 de
895 795 1103 841 stercore,
1129 786 1204 846 qui
1223 785 1434 830 serviebat

49 862 270 907 desideriis
292 870 335 905 et
355 860 652 920 voluptatibus
673 859 835 904 variis?
866 857 949 903 Sed
972 856 1086 902 forte
1118 871 1219 901 cum
1246 856 1325 899 ista
1343 857 1433 916 jam

49 932 231 987 diceret,
267 947 358 976 non
385 940 477 975 erat
509 931 658 990 inops,
691 945 778 974 non
807 943 988 988 pauper.
1022 926 1136 981 Quid
1164 942 1267 985 ergo
1291 926 1435 971 adhuc

48 1001 290 1061 ingemiscit
318 1011 517 1060 gravatus
532 1036 543 1053 ‚
582 998 881 1045 habitaculum
914 998 1031 1058 quod
1058 998 1112 1041 de
1136 997 1251 1041 coelo
1274 1005 1338 1040 est
1359 1012 1436 1040 su-

50 1073 251 1134 perindui
272 1073 508 1132 cupiens3?
529 1074 618 1117 Cur
643 1087 698 1115 ne
720 1070 832 1115 forte
853 1085 896 1113 se
918 1068 1094 1112 extollat
1121 1066 1433 1127 colaphizatur,

51 1153 94 1188 et
111 1143 314 1188 subditur
335 1142 489 1201 angelo
514 1145 682 1187 Satanae
710 1139 886 1184 stimulo
909 1139 1047 1184 carnis
1064 1154 1151 1183 suae
1164 1139 1206 1181 ⁴?
1228 1138 1354 1182 Altus
1373 1147 1438 1182 est

51 1213 228 1275 quidem
251 1213 476 1257 habitante
497 1213 544 1256 in
565 1227 608 1256 se
631 1211 815 1256 Domino
829 1245 839 1265 ,
866 1219 909 1254 et
924 1209 1090 1253 habens
1109 1224 1210 1253 eum
1229 1209 1438 1268 Spiritum

51 1285 127 1347 qui
149 1293 366 1329 scrutatur
387 1283 553 1338 omnia,
585 1283 715 1327 etiam
740 1281 1014 1326 altitudinem
1039 1281 1116 1324 Dei
1132 1282 1146 1306 ⁵
1175 1299 1184 1324 ε
1220 1280 1368 1340 itaque
1390 1279 1438 1323 in

52 1355 165 1400 coelo
187 1364 277 1412 est,
301 1354 376 1398 sed
393 1363 436 1397 et
453 1355 498 1397 in
517 1353 630 1397 coelo
649 1352 858 1397 Dominus
874 1350 1054 1395 humilia
1078 1350 1266 1410 respicit.

111 1428 233 1469 VIII.
269 1425 386 1478 Quid
418 1439 541 1482 ergo,
574 1424 751 1478 fratres,
795 1423 827 1466 si
857 1423 946 1482 jam
977 1421 1222 1466 audivimus
1255 1420 1438 1465 humilia

52 1512 152 1557 quae
188 1496 235 1539 in
264 1494 375 1539 coelo
397 1504 499 1539 sunt
516 1530 526 1549 ,
553 1494 736 1538 exaltata
758 1493 812 1537 de
843 1502 1030 1537 stercore
1047 1527 1057 1547 ,
1083 1501 1134 1536 ut
1163 1507 1264 1536 cum
1286 1491 1439 1552 populi

53 1566 371 1612 collocarentur
391 1565 682 1625 principibus,
708 1563 900 1607 nihil-ne
921 1572 1240 1623 consequenter
1277 1562 1442 1607 audivi-

52 1653 150 1683 mus
178 1637 233 1681 de
252 1636 489 1681 humilibus
505 1671 515 1690 ,
541 1651 641 1696 quae
661 1636 706 1679 in
733 1642 846 1679 terra
867 1634 1040 1694 respicit
1061 1635 1301 1679 Dominus?
1324 1638 1439 1679 Pau-

54 1710 189 1755 ciores
211 1709 324 1752 enim
348 1717 449 1752 sunt
467 1708 531 1752 illi
549 1708 673 1752 amici
684 1706 920 1767 judicaturi
942 1722 1042 1750 cum
1061 1706 1247 1751 Domino
1262 1741 1273 1761 ,
1293 1705 1440 1766 plures

54 1789 199 1830 autem
221 1779 291 1823 isti
312 1795 421 1840 quos
443 1779 658 1837 recipiunt
689 1778 735 1822 in
761 1777 1041 1821 tabernacula
1069 1786 1245 1821 aeterna.
1272 1780 1440 1830 Quam-

53 1851 117 1895 vis
148 1850 263 1893 enim
292 1858 382 1893 tota
417 1847 624 1892 frumenti
651 1863 785 1891 massa
822 1847 866 1890 in
892 1848 1215 1906 comparatione
1233 1848 1441 1907 sejunctae

53 1920 190 1980 paleae
213 1935 373 1979 paucos
402 1919 563 1962 habere
594 1918 816 1975 videatur,
847 1920 960 1960 «Per
997 1932 1040 1960 se
1069 1926 1214 1960 tamen
1241 1916 1441 1961 conside-

57 2008 79 2031 »
114 1999 205 2033 rata
219 2024 229 2044 ,
256 1989 428 2048 copiosa
451 1998 527 2032 est.
554 1987 683 2032 Multi
705 1988 820 2031 enim
839 1985 915 2030 filii
931 1985 1111 2031 desertae
1127 2023 1138 2041 ,
1160 1989 1295 2047 magis
1309 2003 1442 2048 quam

60 2080 78 2102 »
114 2061 206 2120 ejus
227 2075 326 2119 quae
347 2059 481 2102 habet
497 2059 639 2102 virum
655 2059 686 2101 ⁰.
716 2076 736 2099 »
762 2057 888 2102 Multi
912 2056 990 2100 filii
1012 2059 1101 2118 ejus
1123 2074 1222 2118 quae
1243 2074 1320 2118 per
1342 2074 1441 2117 gra-

56 2130 159 2174 tiam
192 2130 238 2172 in
263 2137 484 2173 senectute
516 2128 741 2187 concepit,
775 2143 908 2187 quam
933 2129 1024 2188 ejus
1052 2145 1150 2189 quae
1180 2130 1234 2173 ab
1263 2130 1442 2173 ineunte

57 2208 184 2243 aetate
206 2199 330 2258 Legis
348 2198 521 2242 vinculo
541 2199 741 2243 maritata
763 2207 839 2241 est.
866 2201 922 2242 Et
950 2214 1028 2257 ego
1049 2199 1228 2260 quidem
1254 2199 1375 2255 dico,
1396 2201 1443 2243 in

57 2279 280 2315 senectute
313 2270 512 2330 concepit
540 2271 747 2315 :intuens
785 2272 932 2314 Saram
960 2280 1142 2315 matrem
1175 2281 1363 2316 nostram
1397 2271 1443 2315 in

57 2357 148 2386 uno
170 2345 308 2396 Isaac,
336 2356 411 2400 per
433 2357 580 2386 omnes
604 2351 752 2400 gentes
782 2350 965 2385 matrem
987 2342 1199 2387 fidelium.
1226 2349 1330 2397 Quae
1362 2359 1443 2387 au-

57 2421 146 2457 tem
169 2427 351 2471 persona
373 2422 434 2457 est
457 2414 575 2472 apud
596 2415 752 2457 Isaiam
771 2447 782 2467 ,
806 2412 951 2456 videte
975 2432 984 2457 :
1005 2414 1128 2473 quasi
1152 2415 1329 2459 omnino
1353 2429 1443 2458 non

107 2515 117 2531 ¹
139 2507 217 2539 Psal.
239 2518 313 2548 exn,
334 2518 366 2550 7,
380 2510 411 2540 8.
428 2525 469 2530 —
485 2515 498 2530 ²
516 2508 630 2540 Matth.
652 2519 717 2550 xix,
736 2511 790 2542 28.
804 2525 844 2531 —-
866 2507 878 2532 3
897 2517 916 2541 2
935 2510 1006 2542 Cor.
1028 2520 1059 2551 v,
1081 2519 1113 2542 2.
1136 2527 1176 2533 —
1193 2509 1210 2540 4
1227 2522 1238 2543 1
1255 2513 1328 2544 Cor.
1350 2521 1438 2552 x1,7.

62 2580 103 2586 —·
118 2562 132 2587 5
153 2564 200 2596 Id.
217 2575 252 2606 n,
271 2575 322 2596 10.
342 2581 384 2587 -
402 2563 416 2586 ὓ
436 2566 506 2596 lsai.
529 2564 591 2596 Liv.
611 2577 631 2596 1.
