1848 3261
368 253 449 292 164
795 264 829 292 s.
865 264 1095 293 AUGUSTINI
1128 266 1308 292 EPISCOPI

361 330 531 374 rideant
552 332 575 374 J
582 329 695 374 udaei
713 330 966 375 crucifixum
989 329 1211 374 Christum
1228 365 1239 384 ,
1265 330 1366 390 quia
1399 327 1652 374 scandalum
1680 334 1744 370 est

363 399 448 456 eis3
472 399 680 444 irrideant
710 400 868 458 Pagani
890 400 1144 443 crucifixum
1165 399 1384 444 Christum
1405 435 1415 454 ,
1441 399 1542 459 quia
1563 395 1746 441 stultitia

363 479 427 515 est
443 471 502 515 eis
529 491 537 516 z
568 490 587 513 «
611 474 696 516 Nos
720 480 881 526 autem,
907 470 1065 530 inquit,
1091 470 1376 529 praedicamus
1398 471 1615 515 Christum
1642 483 1745 512 cru-

364 558 385 582 »
421 541 617 596 cifixum,
643 541 806 585 Judaeis
831 539 1008 600 quidem
1035 539 1286 584 scandalum
1306 575 1317 595 ,
1348 540 1561 584 Gentibus
1599 546 1747 582 autem

369 629 390 652 ))
423 610 670 668 stultitiam3
688 610 787 670 ipsis
810 625 912 654 vero
928 610 1090 654 vocatis
1111 613 1134 654 J
1139 610 1273 654 udaeis
1291 619 1334 654 et
1350 610 1511 654 Graecis
1525 607 1747 653 Christum

362 700 383 724 =›
419 681 496 725 Dei
517 682 735 725 Virtutem
769 689 812 725 et
837 680 915 725 Dei
939 680 1204 741 Sapientiam
1220 683 1250 724 ¹.
1283 681 1442 725 Omnia
1468 680 1514 724 in
1541 677 1746 736 sapientia

366 769 387 793 )›
421 750 575 795 fecisti.
600 770 620 793 »

417 824 581 865 XXVI.
612 840 632 864 «
658 821 840 881 Repleta
857 830 921 866 est
942 830 1056 866 terra
1076 830 1273 866 creatura
1294 831 1370 866 tua
1385 823 1417 864 2.
1446 839 1466 862 »
1484 820 1667 879 Repleta
1684 828 1748 864 est

360 901 474 936 terra
496 901 693 937 creatura
719 893 894 938 Christi.
920 895 977 936 Et
999 892 1250 953 quomodo?
1273 890 1499 945 Quomodo
1529 890 1744 935 videmus.

360 963 477 1016 Quid
498 964 612 1007 enim
634 979 724 1008 non
744 980 767 1008 a
786 967 912 1008 Patre
928 980 1004 1024 per
1026 964 1186 1008 Filium
1205 973 1399 1008 creatum
1417 965 1510 1007 est?
1526 959 1748 1021 Quidquid

359 1034 556 1078 ambulat
578 1044 620 1079 et
642 1035 755 1094 repit
774 1035 982 1090 interris,
1002 1034 1220 1095 quidquid
1241 1043 1362 1078 natat
1383 1034 1427 1078 111
1450 1033 1571 1094 aquis
1588 1068 1598 1088 ,
1625 1031 1750 1093 quid-

360 1103 468 1164 quid
485 1104 602 1149 volat
618 1105 662 1149 in
685 1109 796 1160 ί1616,
813 1105 1031 1165 quidquid
1048 1105 1093 1149 in
1115 1104 1228 1150 coelo
1247 1105 1568 1163 circumagitur,
1585 1111 1749 1163 quanto

361 1176 494 1233 magis
527 1185 667 1232 terra,
702 1186 819 1221 totus
851 1175 1040 1220 mundus
1074 1184 1268 1220 ereatura
1290 1175 1362 1219 Dei
1383 1184 1461 1220 est.
1490 1174 1572 1220 Sed
1605 1174 1749 1218 nescio

361 1247 469 1307 quid
488 1247 557 1290 hic
578 1247 792 1304 significat
815 1247 869 1291 de
890 1247 1078 1307 quadam
1103 1256 1298 1291 ereatura
1326 1262 1439 1290 nova
1459 1281 1470 1301 ,
1495 1246 1549 1290 de
1571 1261 1657 1306 qua
1680 1244 1749 1289 di-

361 1317 421 1362 cit
443 1316 676 1376 Apostolus
704 1336 713 1362 ;
743 1336 759 1357 «
792 1317 835 1361 Si
857 1333 944 1377 qua
966 1318 1012 1361 in
1037 1317 1208 1362 Christo
1232 1332 1343 1361 nova
1366 1325 1583 1371 creatura,
1604 1325 1751 1360 vetera

363 1407 385 1431 »
420 1388 708 1443 transierunt,
730 1402 828 1431 ecce
848 1387 962 1431 facta
985 1396 1086 1430 sunt
1110 1387 1255 1431 omnia
1277 1402 1388 1431 nova
1405 1421 1416 1441 ,
1442 1387 1587 1431 omnia
1605 1395 1749 1430 autem

363 1479 385 1504 >›
422 1476 472 1505 ex
500 1461 635 1504 De03.
662 1478 681 1500 »
709 1461 829 1504 Nova
863 1467 1060 1503 creatura
1084 1474 1183 1518 quse
1214 1457 1330 1501 faeta
1367 1466 1456 1512 est,
1483 1473 1631 1502 omnes
1654 1473 1750 1501 cre-

361 1531 513 1576 dentes
542 1530 587 1574 in
622 1530 847 1575 Christum
865 1565 875 1584 ,
921 1537 1125 1573 exuentes
1153 1544 1196 1572 se
1218 1537 1409 1572 veterem
1432 1528 1654 1572 hominem
1672 1563 1683 1585 ,
1708 1537 1751 1572 et

362 1601 593 1646 induentes
610 1615 774 1645 novum
790 1601 821 1643 4.
854 1602 874 1641 ’(1
898 1598 1081 1658 Repleta
1098 1608 1162 1643 est
1178 1607 1291 1642 terra
1313 1607 1509 1642 creatura
1530 1607 1620 1642 tua.
1650 1616 1669 1640 n
1698 1602 1751 1642 In

363 1689 453 1717 uno
468 1672 564 1716 loco
587 1680 713 1715 terrae
736 1671 967 1715 crucifixus
991 1678 1096 1724 erat,
1121 1669 1167 1712 in
1190 1685 1278 1713 uno
1300 1670 1454 1726 exiguo
1476 1668 1574 1713 loco
1596 1668 1750 1713 cecidit

364 1758 546 1801 granum
568 1740 678 1784 illud
701 1741 746 1784 in
765 1749 941 1795 terram,
957 1749 999 1784 et
1015 1740 1323 1783 mortificatum
1346 1748 1409 1783 est
1425 1759 1436 1797 3
1451 1740 1526 1783 sed
1545 1755 1749 1797 maguum

364 1812 557 1858 fructum
573 1811 718 1855 attulit
737 1830 745 1855 z
769 1809 1007 1869 Singularis
1024 1826 1130 1865 eras,
1148 1810 1330 1853 Domine
1348 1812 1371 1853 J
1376 1825 1466 1864 esu,
1481 1808 1620 1854 donec
1638 1818 1751 1853 tran-

364 1887 467 1930 sires
495 1904 502 1929 :
528 1899 714 1943 agnosco
736 1883 782 1926 in
805 1882 888 1927 alio
913 1881 1083 1926 Psalmo
1114 1896 1266 1926 vocem
1289 1890 1408 1925 tuam
1426 1916 1437 1936 ,
1463 1898 1548 1941 qua
1571 1881 1711 1925 dixisti
1738 1900 1747 1925 2

370 1975 391 1998 «
428 1955 662 2014 Singularis
678 1970 757 2013 ego
779 1969 871 1997 sum
888 1988 898 2008 ,
921 1951 1060 1997 donec
1081 1952 1334 1996 transeam⁵.
1351 1969 1371 1992 η
1391 1951 1627 2010 Singularis
1649 1966 1751 2010 ergo

365 2042 456 2072 eras
472 2062 482 2082 ,
509 2026 647 2070 donec
670 2026 896 2083 transires,
927 2023 1154 2083 singularis
1176 2039 1266 2067 eras
1283 2058 1293 2078 ,
1317 2039 1417 2067 cum
1441 2023 1654 2081 agnovisti
1676 2038 1752 2067 oc-

367 2112 515 2143 casum
536 2106 661 2141 tuum
688 2115 696 2140 :
723 2095 799 2140 sed
817 2095 871 2139 ab
895 2111 1050 2140 occasu
1070 2095 1116 2139 111
1137 2104 1280 2139 ortum
1302 2094 1505 2138 transisti.
1534 2095 1664 2137 Ortus
1689 2108 1748 2148 es,

366 2168 643 2229 splenduisti,
673 2166 929 2211 clarificatus
951 2182 1016 2222 es,
1051 2181 1151 2211 cum
1178 2166 1223 2209 in
1245 2165 1408 2209 eoelum
1429 2164 1683 2219 ascendisti,
1709 2174 1753 2209 et

372 2260 393 2284 «
427 2240 607 2300 Repleta
630 2249 693 2283 est
714 2247 827 2283 terra
841 2248 1036 2283 creatura
1061 2248 1177 2282 tua.»
1200 2237 1440 2291 Psalmum,
1458 2235 1624 2290 fratres,
1645 2252 1753 2280 non-

368 2311 475 2356 dum
493 2311 711 2355 finivimus
733 2329 741 2355 :
769 2310 843 2354 sed
876 2310 1041 2369 aliquid
1061 2309 1162 2354 inde
1182 2308 1228 2352 in
1248 2307 1424 2352 nomine
1444 2306 1604 2353 Christi
1621 2307 1751 2351 etiam

370 2381 426 2427 ad
442 2382 558 2426 diem
578 2381 853 2426 Dominieum
876 2380 1143 2424 differamus.

418 2485 429 2502 ¹
456 2490 468 2510 1
489 2480 560 2511 Cor.
576 2489 600 2520 1,
616 2476 676 2518 23,
694 2476 749 2519 24.
769 2493 809 2499 —
824 2483 836 2499 ²
855 2476 934 2509 Psal.
949 2487 1023 2519 cni,
1042 2475 1096 2519 2³⁷1·
1115 2493 1157 2499 —
1176 2473 1189 2499 3
1208 2483 1227 2507 2
1245 2476 1317 2508 Cor.
1336 2484 1440 2517 V,17‚
1460 2476 1510 2507 18.
1546 2471 1615 2503 —4
1633 2471 1747 2515 Ephes.

371 2545 418 2578 iv,
438 2534 606 2576 22-2‚'}.—
625 2532 639 2558 5
656 2532 735 2570 psat.
755 2544 824 2575 ext,
848 2544 895 2567 10.
