1848 3261
255 234 496 264 ENARRATIO
527 237 560 263 11
591 237 638 264 m
668 234 871 265 asur-mn
901 237 939 263 cr
957 253 969 276 ‚
1003 233 1142 265 Sanno
1173 238 1221 265 11.
1387 225 1443 265 59

64 302 186 347 dacia
206 311 297 346 tam
323 299 473 345 infelix
489 300 677 346 filiorum
698 301 1074 356 subnascentium,
1099 309 1143 345 et
1163 302 1325 346 recenti
1341 317 1442 349 suc-

64 374 253 418 cessione
276 372 570 431 gloriantium,
589 389 688 433 quae
705 372 861 417 audeat
877 373 1020 417 dicere
1041 391 1051 417 z
1075 374 1161 416 Nos
1182 372 1244 415 ibi
1266 373 1440 429 erimus,

63 443 258 503 Apostoli
272 443 332 486 ibi
348 459 436 487 non
453 445 605 487 erunt?
621 444 745 488 Absit
756 445 839 488 hoc
857 460 880 487 a
900 444 1057 502 pietate
1072 442 1277 495 filiorum,
1295 444 1407 487 absit
1419 460 1444 488 a

62 513 150 558 fide
167 513 464 573 parvulorum,
476 513 584 557 absit
599 514 654 557 ab
670 513 953 573 intelligentia
975 511 1218 572 grandium.
1232 513 1298 556 Ibi
1316 522 1445 557 erunt

63 593 107 628 et
138 584 365 643 Apostoli:
397 584 547 628 arietes
568 584 852 644 praecedunt,
884 586 981 642 agni
1011 593 1269 644 sequuntur.
1299 588 1444 638 Quare

63 669 190 713 ergo,
221 673 241 695 ι(
266 653 361 697 Filii
387 670 606 698 servorum
630 664 831 712 tuorum3
859 674 877 695 »
904 664 946 698 et
971 671 1059 699 non
1089 656 1143 698 de
1164 654 1440 714 compendio.

65 724 182 769 Servi
204 725 297 767 tui‘?
319 727 375 767 Et
392 723 453 767 illi
472 726 582 767 servi
609 725 684 779 tui,
703 734 745 769 et
767 724 844 768 filii
864 740 1015 769 eorum
1037 726 1145 768 servi
1163 725 1254 780 tui,
1275 734 1318 769 et
1340 725 1443 769 isto-

63 809 159 837 rum
183 794 260 837 filii
281 803 459 853 nepotes
476 794 666 849 illorum,
688 794 809 854 quid,
823 795 903 839 nisi
919 795 1028 838 servi
1047 795 1311 839 tuiYOmnes
1329 811 1445 840 com-

61 863 222 923 pendio
244 863 502 918 includeres,
528 864 566 908 si·
579 863 741 908 diceres
763 884 770 909 ε
795 865 913 909 Servi
936 865 999 908 tui
1024 865 1347 909 inhabitabunt.
1365 866 1444 909 Vi-

61 933 240 977 deamus
268 933 374 992 quid
405 949 482 977 nos
504 933 692 978 voluerit
715 934 963 979 admonere.
1001 937 1078 979 Est
1100 935 1214 978 enim
1237 935 1444 995 quiddam

62 1012 227 1060 gestum
252 1004 296 1046 in
317 1003 536 1062 prioribus
562 1003 744 1048 saeculis.
782 1007 864 1048 Per
891 1003 1174 1064 quadraginta
1211 1020 1345 1049 annos
1367 1004 1444 1048 filii

62 1072 193 1117 Israel
213 1073 346 1116 attriti
363 1082 465 1116 sunt
486 1073 531 1116 in
549 1089 693 1117 eremo
721 1093 729 1117 :
751 1073 897 1118 nullus
920 1089 1069 1117 eorum
1092 1074 1269 1118 intravit
1290 1075 1336 1118 in
1357 1084 1444 1119 ter-

61 1159 153 1187 ram
182 1143 497 1202 promissionis,
522 1143 597 1187 sed
622 1143 700 1187 filii
730 1159 881 1188 eorum
903 1163 910 1188 :
942 1145 1160 1188 intrarunt
1182 1160 1312 1199 sane,
1343 1146 1445 1205 quia

60 1215 120 1258 ita
143 1214 421 1258 recordamur
441 1249 451 1268 ,
472 1214 553 1258 nisi
575 1213 702 1258 fallor
717 1250 727 1269 ,
754 1216 842 1258 duo
860 1250 870 1270 ,
898 1216 1042 1259 caeteri
1062 1218 1192 1260 non1.
1221 1219 1446 1260 Intrarunt

60 1285 114 1329 de
136 1294 200 1329 tot
222 1284 413 1328 millibus
435 1284 538 1328 duo.
568 1285 832 1328 Laboratum
860 1277 923 1328 est
940 1301 1040 1329 cum
1064 1286 1121 1330 eis
1143 1295 1315 1330 tantum
1337 1306 1345 1330 ε
1371 1286 1446 1330 sed

59 1359 172 1400 Deus
194 1371 283 1399 non
303 1355 496 1412 laborat3
516 1365 632 1399 certe
653 1355 965 1399 laboraverunt
983 1357 1093 1400 servi
1115 1357 1445 1415 ipsius.Quanta

59 1426 262 1485 pertulit,
295 1435 459 1486 quanta
491 1425 656 1469 audivit
683 1428 854 1483 Moyses
884 1442 963 1485 pro
992 1427 1242 1471 hominibus
1264 1443 1355 1471 non
1381 1428 1447 1471 in-

60 1496 234 1540 traturis
257 1496 302 1539 in
337 1505 494 1539 terram
528 1496 854 1554 promissionis?
894 1500 1118 1542 Intrarunt
1150 1497 1228 1541 filii
1264 1513 1444 1553 eorum,

60 1566 167 1627 quid
188 1567 427 1624 significat?
455 1569 679 1610 Intrarunt
699 1567 802 1610 novi
822 1567 1020 1612 homines
1035 1603 1045 1623 ‚
1070 1577 1235 1612 veteres
1260 1584 1350 1613 non
1374 1568 1445 1612 in-

59 1647 244 1682 trarunt.
272 1637 379 1681 Inde
408 1646 554 1681 tamen
576 1637 794 1681 intrarunt
816 1636 905 1682 duo
921 1673 932 1693 ,
956 1654 1070 1682 unus
1093 1647 1136 1682 et
1156 1639 1322 1694 unitas,
1347 1648 1447 1683 tan-

59 1723 190 1768 quam
213 1717 345 1767 caput
382 1718 425 1752 et
447 1723 627 1767 corpus,
659 1708 856 1752 Christus
877 1717 921 1752 et
953 1708 1168 1762 Ecclesia,
1202 1724 1304 1753 cum
1326 1709 1446 1754 omni

58 1769 131 1824 illa
161 1778 352 1824 novitate
372 1815 382 1833 ,
418 1778 463 1822 id
491 1788 579 1833 est,
615 1777 822 1823 filiorum.
854 1782 997 1838 Ergo,
1038 1798 1059 1821 «
1089 1778 1188 1823 Filii
1222 1795 1445 1824 servorum

61 1867 82 1891 »
116 1858 294 1893 tuorum
321 1848 647 1892 inhabitabunt.
682 1848 780 1892 Filii
809 1864 1031 1893 servorum
1049 1885 1061 1905 ‚
1088 1867 1110 1890 »
1141 1865 1272 1909 opera
1301 1865 1447 1895 servo-

58 1935 156 1964 rum
177 1929 279 1964 sunt
302 1939 311 1963 :
349 1934 477 1963 nemo
500 1919 561 1962 ibi
583 1919 824 1974 habitabit,
852 1919 935 1963 nisi
959 1935 1036 1979 per
1058 1934 1188 1978 opera
1210 1935 1302 1964 sua.
1329 1920 1446 1974 Quid

57 1990 191 2049 igitur
212 1999 296 2044 est,
336 1998 378 2032 et
399 1989 475 2032 filii
496 1989 792 2032 habitabunt?
814 1991 951 2034 Nemo
974 1989 1182 2048 glorietur
1204 2005 1248 2033 se
1268 1990 1445 2035 habita-

58 2070 208 2105 turum
226 2095 237 2115 ,
264 2060 297 2104 si
319 2060 423 2104 dicit
449 2075 492 2103 se
514 2075 685 2103 servum
708 2052 813 2114 Dei,
839 2069 882 2103 et
907 2075 1037 2119 opera
1059 2076 1148 2104 non
1167 2061 1300 2105 habet
1322 2080 1331 2106 ε
1356 2077 1447 2107 non

59 2131 174 2174 enirn
191 2130 457 2174 habitabunt
473 2129 553 2173 nisi
571 2129 648 2173 filii
691 2128 807 2182 Quid
828 2139 891 2174 est
912 2145 1030 2189 ergo,
1057 2149 1076 2172 t(
1101 2129 1201 2174 Filii
1222 2147 1446 2176 servorum

65 2222 82 2242 »
117 2210 294 2245 tuorum
327 2199 665 2243 inhabitabunt?
687 2219 706 2240 »
741 2200 859 2244 Servi
883 2216 960 2260 per
983 2217 1113 2260 opera
1134 2217 1209 2245 sua
1231 2201 1447 2246 inhabita-

60 2272 198 2325 bunt,
225 2270 334 2314 servi
364 2286 441 2329 per
474 2270 585 2314 filios
616 2286 715 2314 suos
749 2270 1075 2315 inhabitabunt.
1113 2271 1211 2316 Noli
1233 2287 1335 2331 ergo
1357 2287 1447 2316 esse

60 2340 238 2394 sterilis,
273 2341 305 2383 si
334 2340 396 2384 vis
425 2340 623 2384 habitare
653 2359 660 2384 :
686 2341 902 2400 praemitte
924 2339 1074 2397 foetus,
1095 2358 1204 2402 quos
1226 2342 1444 2402 sequaris,

60 2412 387 2472 praemittendo,
414 2427 504 2454 non
521 2410 759 2455 efferendo.
773 2411 871 2455 Filii
889 2412 954 2455 tui
976 2422 1018 2456 te
1040 2412 1259 2457 deducant
1282 2412 1337 2457 ad
1360 2422 1448 2456 ter-

60 2498 152 2527 ram
174 2482 486 2541 promissionis,
523 2491 683 2527 terram
720 2482 984 2539 viventium,
1019 2499 1108 2528 non
1146 2484 1442 2529 morientium.

109 2574 119 2590 ¹
139 2568 231 2599 Num.
254 2578 320 2608 xlv,
342 2575 397 2609 29,
416 2567 469 2599 30.
