1848 3261
444 246 683 278 ENAnnAno
715 248 761 274 m
792 244 995 275 PsALMUM
1025 247 1109 274 eix.
1361 238 1439 276 281

73 334 94 358 »
128 315 308 370 faceret,
340 314 483 374 inquit
496 349 507 370 ‚
543 330 566 358 a
608 312 963 374 persequentibus
1000 313 1187 356 animam
1218 327 1375 357 meam.
1420 331 1440 355 »

71 385 195 431 Salva
215 385 266 429 fit
297 393 442 429 autem
463 400 486 428 a
507 382 866 444 persequentibus
888 382 1052 437 anima,
1087 381 1122 426 si
1143 397 1233 426 non
1261 383 1319 426 eis
1340 398 1445 428 con-

69 455 278 500 sentiatur
307 454 362 498 ad
393 454 558 498 malum
595 474 604 499 ι
629 469 718 498 non
746 453 806 497 eis
836 462 981 497 autem
1013 452 1309 508 consentitur,
1345 468 1445 497 cum

70 525 224 569 assistit
244 525 454 569 Dominus
476 540 499 568 a
520 523 677 568 dextris
709 524 908 583 pauperis
925 558 936 578 ,
971 539 1026 567 ne
1048 523 1138 583 ipsa
1160 531 1414 582 paupertate
1432 557 1443 577 ‚

70 594 117 638 id
135 603 199 638 est
219 630 229 649 ,
246 595 496 639 infirmitate
517 593 788 638 succumbat.
819 596 912 638 Hoc
929 594 1191 653 adjutorium
1208 593 1446 652 praestitum

69 673 133 709 est
154 665 324 725 corpori
345 665 505 712 Christi
525 665 569 709 in
593 664 748 710 sanctis
769 664 1034 722 Martyribus
1052 664 1265 709 omnibus.

69 855 279 873 mmm}
284 856 492 873 wvtvvvtvvm
497 857 633 873 WWQMQ
637 857 1058 874 mmmxm=wuwn
1064 858 1128 874 ννὶσὶ
1135 858 1271 874 ᾺἉΜ
1276 856 1443 873 WUWUU

565 1013 947 1077 maizi-{Ario

468 1188 527 1225 IN
571 1186 869 1227 PSALMUM
931 1187 989 1227 CI
1007 1188 1055 1225 X„

543 1350 692 1393 Sermo
715 1349 770 1393 ad
787 1348 975 1408 plebem.

130 1508 165 1550 Ι.
193 1510 412 1559 Qum-rum
441 1505 647 1550 Dominus
675 1504 835 1550 donat¹
855 1540 866 1560 ,
892 1505 967 1565 qui
990 1521 1068 1549 nos
1091 1505 1306 1550 ministros
1326 1521 1453 1550 cons-

69 1576 190 1620 tituit
223 1576 347 1620 verbi
368 1584 411 1619 et
440 1575 695 1619 sacramenti
718 1576 784 1619 sui
806 1576 964 1619 servire
992 1576 1114 1620 vobis
1141 1577 1186 1619 in
1223 1576 1349 1636 adipe
1369 1577 1454 1620 mi-

71 1645 313 1691 sericordiae
331 1661 440 1701 suae,
461 1645 726 1704 suscepimus
746 1645 967 1689 Psalmum
990 1645 1120 1690 istum
1141 1681 1151 1700 ‚
1177 1662 1306 1706 quem
1325 1648 1455 1691 modo

72 1717 339 1761 cantavimus
356 1751 366 1771 ‚
393 1715 569 1760 brevem
606 1731 789 1761 numero
812 1717 1074 1772 verborum,
1116 1732 1322 1776 magnum
1345 1732 1456 1776 pon—

71 1786 174 1831 dere
195 1786 508 1831 sententiarum
523 1820 534 1839 ‚
563 1786 794 1845 adjuvante
816 1786 890 1830 illo
919 1787 995 1846 qui
1014 1802 1090 1831 vos
1114 1786 1216 1831 fecit
1238 1787 1426 1832 intentos
1442 1823 1452 1842 ,

70 1866 122 1901 ut
142 1866 185 1901 et
213 1872 291 1901 nos
312 1856 442 1900 faciat
458 1855 637 1900 idoneos
653 1891 663 1909 ‚
689 1856 800 1900 sicut
816 1872 1065 1915 possumus,
1093 1856 1365 1902 considerare
1388 1867 1455 1902 at-

70 1942 157 1987 que
179 1936 377 1971 tractare.
397 1926 524 1970 Vivat
541 1926 683 1970 anima
697 1936 833 1971 vestra
845 1962 855 1982 ‚
872 1936 916 1971 et
933 1927 1136 1985 vigiletin
1152 1930 1305 1972 Deum.
1328 1931 1455 1972 Tem-

70 2012 152 2057 pus
169 1997 285 2041 enim
298 1996 522 2041 constituit
538 1999 652 2040 Deus
671 1997 886 2056 promissis
905 1998 1005 2052 suis,
1026 2007 1068 2041 et
1087 2007 1256 2058 tempus
1275 1999 1332 2042 eis
1355 2015 1455 2059 quae

71 2067 270 2126 promisit
304 2065 553 2126 implendis.
583 2067 924 2111 Promissionum
952 2076 1123 2127 tempus
1148 2078 1238 2112 erat
1264 2079 1474 2128 tempore.

71 2138 391 2197 Prophetarum
412 2153 550 2197 usque
581 2136 637 2181 ad
665 2140 879 2181 Joannem
902 2139 1140 2198 Baptistam
1167 2159 1174 2182 :
1207 2139 1262 2183 ab
1287 2138 1362 2184 illo
1378 2156 1457 2184 au-

70 2217 160 2252 tem
182 2217 225 2251 et
246 2206 449 2266 deinceps
464 2222 600 2266 usque
622 2206 677 2250 ad
698 2208 846 2262 finem,
864 2217 1034 2268 tempus
1046 2219 1109 2253 est
1125 2208 1336 2269 implendi
1358 2225 1456 2270 quae

70 2278 278 2337 promissa
301 2287 417 2321 sunt.
443 2277 602 2321 Fidelis
625 2281 739 2322 Deus
761 2279 836 2338 qui
857 2294 900 2323 se
919 2289 1115 2324 nostrum
1137 2280 1377 2325 debitorem
1392 2279 1456 2324 fe-

72 2349 128 2392 cit
145 2369 155 2405 3
173 2364 262 2392 non
284 2347 448 2407 aliquid
470 2364 494 2392 a
516 2349 643 2392 nobis
665 2348 916 2408 accipiendo
932 2386 942 2403 ‚
968 2350 1043 2395 sed
1060 2360 1180 2396 tanta
1204 2351 1329 2395 nobis
1351 2365 1456 2410 pro-

72 2417 301 2463 mittendo.
330 2421 488 2462 Parum
523 2428 614 2463 erat
635 2420 860 2478 promissio
877 2456 887 2471 ‚
914 2422 1042 2466 etiam
1066 2422 1225 2482 scripto
1253 2437 1297 2465 se
1320 2422 1458 2465 teneri

71 2488 237 2542 voluit,
262 2488 398 2533 veluti
425 2487 586 2533 faciens
609 2489 838 2534 nobiscum
856 2491 1195 2551 chirographum
1224 2491 1456 2550 promisso-

122 2585 131 2602 ¹
152 2584 231 2618 Vide
245 2587 282 2618 D.
302 2584 427 2618 Guillon
441 2611 449 2627 ‚
475 2589 552 2618 tom.
575 2597 651 2628 xxxv,
667 2596 740 2628 pag.
765 2586 815 2618 32.
