1848 3261
365 190 452 232 450
801 204 835 231 s.
870 200 1101 232 Aueusnm
1132 202 1316 231 Emscon

362 267 576 321 rantibus,
592 275 644 311 ut
660 265 890 312 evadentes
911 268 965 313 de
986 268 1229 328 muscipula
1249 267 1507 314 venantium
1527 265 1745 314 dicerent:

366 357 388 382 «
420 337 510 384 Nisi
531 337 633 399 quia
656 338 865 383 Dominus
888 349 980 386 erat
1006 340 1054 385 in
1075 339 1201 385 nobis
1217 374 1228 396 ‚
1253 338 1433 384 fortasse
1459 338 1580 384 vivos
1599 338 1749 384 absor-

369 427 390 452 »
426 409 622 455 buissent
643 425 722 455 nos
738 413 768 454 ¹.
796 428 817 452 »

425 482 502 525 IV.
535 483 605 525 An
626 479 739 525 forte
760 480 881 540 quod
903 481 962 526 ait
991 501 1000 527 :
1028 500 1048 524 «
1069 484 1174 526 Haec
1195 496 1265 525 me
1282 480 1502 526 consolata
1519 489 1581 524 est
1601 481 1647 524 in
1665 481 1751 525 hu-

365 568 387 592 »
422 551 603 595 militate
619 566 715 595 mea
730 586 741 606 ‚
769 569 790 592 »
816 550 936 596 illam
956 551 1061 597 dicit
1077 552 1370 597 humilitatem
1386 587 1397 607 ,
1421 567 1509 611 qua
1533 552 1665 595 homo
1687 560 1752 596 est

360 619 554 681 dejectus
580 629 624 664 et
655 624 875 682 projectus
905 621 952 666 in
986 632 1169 667 mortem
1186 658 1196 678 ‚
1224 638 1274 666 ex
1295 630 1473 683 peccato
1506 621 1604 677 illo,
1629 620 1751 681 quod

358 691 486 736 valde
504 690 736 736 infeliciter
756 692 802 735 in
825 692 1012 752 paradisi
1031 693 1240 738 felicitate
1258 693 1539 738 commissum
1561 702 1625 736 est
1638 694 1653 716 ²
1670 694 1752 736 PIn

358 762 440 806 hac
462 761 626 822 quippe
647 762 893 807 humilitate
911 798 922 818 ‚
947 763 994 806 in
1023 779 1111 824 qua
1133 765 1266 808 homo
1290 763 1472 807 vanitati
1489 762 1636 806 similis
1654 760 1749 805 fac-

359 841 428 876 tus
446 841 530 888 est,
557 842 601 877 et
621 832 711 878 dies
732 835 822 894 ejus
844 834 958 878 sicut
979 836 1138 879 umbra
1161 843 1430 894 praetereunt
1447 835 1479 888 3,
1501 849 1650 878 omnes
1673 832 1752 876 filii

358 902 433 946 irae
466 912 569 947 sunt
587 938 598 957 ,
635 903 716 947 nisi
746 920 823 963 per
849 904 1136 949 Mediatorem
1169 904 1507 949 reconcilientur
1537 907 1649 957 Deo,
1676 903 1752 962 qui

358 972 656 1033 praedestinati
676 984 778 1034 sunt
799 975 846 1019 in
867 985 1076 1019 aeternam
1097 975 1282 1020 salutem
1305 986 1405 1019 ante
1439 973 1593 1018 mundi
1623 989 1752 1017 cons-

358 1045 612 1089 titutionem
627 1046 642 1071 4
670 1064 679 1090 :
704 1046 749 1089 in
777 1062 867 1106 quo
888 1047 1129 1092 Mediatore
1161 1056 1204 1091 et
1219 1046 1389 1107 antiqui
1399 1046 1506 1106 justi
1529 1060 1650 1104 spem
1673 1045 1754 1088 ha-

358 1115 526 1159 bebant
543 1115 721 1176 quando
736 1131 836 1159 eum
858 1117 905 1160 in
926 1133 1056 1162 carne
1078 1126 1314 1161 venturum
1337 1116 1578 1176 prophetiae
1598 1115 1754 1174 spiritu

358 1185 675 1245 praevidebant.
710 1185 837 1240 Quod
866 1202 969 1246 ergo
994 1188 1180 1231 verbum
1214 1187 1270 1232 ad
1299 1203 1371 1232 eos
1408 1187 1542 1230 fiebat
1570 1186 1624 1229 de
1647 1185 1751 1241 illo,
1780 1185 1783 1188 ⁴

357 1256 487 1300 etiam
516 1257 599 1301 hoc
632 1256 744 1300 bene
774 1258 843 1302 hic
880 1258 1140 1318 intelligitur
1170 1259 1385 1312 verbum,
1425 1258 1460 1301 si
1493 1267 1543 1302 et·
1556 1258 1753 1316 ipsorum

358 1326 591 1385 accipimus
613 1327 741 1370 istam
762 1342 942 1386 vocem3
966 1328 1021 1372 de
1043 1344 1132 1389 quo
1153 1329 1289 1372 verbo
1312 1327 1480 1371 dictum
1504 1337 1585 1382 est,
1614 1346 1634 1369 «
1658 1331 1753 1372 Me-

364 1414 385 1438 »
420 1406 569 1440 mento
591 1397 714 1441 verbi
742 1397 807 1441 tui
841 1413 963 1443 servo
995 1407 1092 1454 tuo,
1128 1399 1174 1442 in
1196 1414 1285 1458 quo
1307 1413 1429 1457 spem
1447 1396 1604 1441 dedisti
1625 1397 1748 1441 mihi.

364 1485 384 1509 »
421 1470 525 1512 Haec
547 1483 616 1512 me
639 1468 860 1514 consolata
882 1479 946 1514 est
967 1470 1013 1514 in
1029 1469 1273 1514 humilitate
1295 1485 1389 1513 mea
1411 1490 1422 1527 3
1449 1486 1469 1510 »
1496 1469 1579 1513 hoc
1601 1478 1679 1523 est,
1706 1469 1754 1512 in

360 1539 440 1583 ista
463 1539 725 1584 mortalitate
754 1556 851 1585 mea
878 1561 886 1586 :
917 1560 937 1583 «
961 1543 1073 1595 Quia
1109 1541 1336 1601 eloquium
1363 1550 1491 1585 tuum
1518 1541 1754 1585 vivificavit

363 1627 385 1651 »
420 1624 513 1666 me3
529 1627 549 1650 »
567 1618 618 1653 ut
632 1625 752 1668 spem
774 1611 875 1654 vitae
898 1612 1103 1656 haberem
1126 1613 1341 1672 projectus
1363 1612 1410 1655 in
1430 1620 1663 1655 mortem.«
1677 1613 1753 1656 Su-

363 1698 385 1722 »
419 1679 544 1739 perbi
576 1680 724 1740 inique
758 1681 945 1738 agebant
980 1698 1119 1743 usque
1146 1682 1274 1727 valde
1300 1702 1308 1726 :
1345 1700 1365 1723 »
1392 1681 1752 1742 quandoquidem

363 1765 515 1795 eorum
537 1750 785 1809 superbiam
807 1766 888 1795 nec
906 1753 1128 1796 humilitas
1149 1753 1422 1797 mortalitatis
1444 1752 1655 1796 edomuit.
1677 1771 1695 1792 «
1715 1755 1753 1796 Α

364 1839 385 1863 »
420 1820 517 1880 lege
550 1830 697 1865 autem
728 1831 803 1866 tua
830 1838 922 1867 non
942 1822 1156 1868 declinavi
1172 1825 1186 1849 ⁵
1209 1843 1218 1868 ε
1247 1842 1267 1865 »
1288 1821 1408 1883 quod
1430 1838 1500 1867 me
1516 1821 1659 1867 facere
1681 1838 1752 1867 co-

363 1891 524 1951 gebant
542 1891 734 1950 superbi.

424 1963 477 2005 V.
505 1964 711 2005 «Memor
728 1960 791 2005 fui
807 1961 1073 2022 judiciorum
1096 1972 1272 2007 tuorum
1295 1979 1319 2007 a
1343 1963 1526 2017 saeculo,
1550 1962 1748 2018 Domine,

366 2050 387 2073 »
422 2040 466 2076 et
487 2031 734 2076 consolatus
750 2035 869 2076 sum6
887 2052 895 2077 ε
919 2032 1018 2077 »vel
1038 2033 1149 2077 sicut
1171 2033 1240 2076 alii
1262 2033 1432 2077 codices
1453 2033 1634 2087 habent,
1655 2051 1671 2072 «
1695 2035 1753 2076 Et

369 2122 387 2145 »
423 2103 672 2147 exhortatus
695 2119 804 2147 sum.
818 2124 834 2144 »
857 2103 909 2147 Id
927 2113 990 2147 est
1005 2139 1015 2159 ‚
1036 2104 1381 2148 exhortationem
1403 2104 1563 2163 accepi.
1578 2106 1751 2147 Utrum-

365 2188 451 2233 que
489 2175 605 2217 enim
633 2174 778 2233 potuit
798 2174 1073 2234 interpretari
1105 2174 1159 2217 de
1190 2174 1324 2217 verbo
1349 2189 1490 2232 graeco
1507 2209 1518 2228 ,
1543 2173 1666 2233 quod
1687 2182 1751 2217 est

363 2251 586 2300 παρεκλήθην,
627 2263 645 2284 «
674 2247 712 2288 Α
745 2244 904 2288 saeculo
934 2264 951 2285 »
977 2258 1101 2301 ergo,
1133 2258 1183 2286 ex
1219 2259 1307 2303 quo
1336 2258 1469 2301 genus
1504 2244 1750 2287 humanum

365 2315 548 2376 sumpsit
577 2315 801 2360 exordium
819 2351 829 2370 ,
859 2334 877 2355 «
913 2318 1082 2360 Memor
1103 2313 1167 2358 fui
1188 2314 1455 2373 judiciorum
1480 2324 1654 2359 tuorum
1675 2329 1750 2357 su-

365 2402 443 2446 per
464 2402 564 2431 vasa
591 2387 688 2441 irae,
716 2402 815 2446 quae
839 2384 1029 2444 perfecta
1066 2393 1167 2428 sunt
1190 2385 1234 2427 in
1263 2385 1578 2443 perditionen1⁷
1601 2404 1609 2428 :
1647 2403 1663 2423 «
1692 2386 1748 2427 Et

417 2490 424 2506 ¹
448 2483 527 2515 psal.
549 2474 667 2524 cuim,
692 2491 725 2524 2,
746 2483 777 2514 3.
804 2499 839 2505 «-
865 2490 877 2505 ²
895 2485 974 2515 Gen.
995 2493 1044 2523 111,
1066 2483 1119 2514 23.
1143 2499 1183 2503 —
1203 2480 1215 2504 3
1233 2482 1316 2513 Psal.
1336 2493 1455 2522 cxmu,
1475 2481 1505 2523 4.
1528 2499 1567 2505 —-
1586 2481 1602 2511 4
1630 2481 1744 2524 ΕΡΙ165.

367 2550 390 2581 1,
409 2538 442 2581 4,
469 2539 500 2571 5.
520 2556 560 2562 ——
580 2537 594 2562 5
618 2538 699 2571 Psal.
718 2549 830 2580 cxvin,
844 2537 964 2580 49-51.
985 2555 1027 2561 —-
1045 2535 1060 2560 ⁶
1080 2537 1161 2570 Ibid.
1182 2537 1237 2570 52.
1254 2554 1287 2560 —
1315 2544 1327 2570 7
1349 2540 1438 2570 Rom.
1459 2548 1504 2579 ix,
1523 2545 1578 2579 22,
1603 2538 1657 2569 23.
