1848 3261
287 254 530 284 ENARRA‘no
562 257 608 284 ΙΝ
640 251 843 284 PsALMUM
874 253 1035 292 cxvm,
1071 252 1208 283 SERMo
1239 255 1302 282 Χῐ.
1397 241 1486 289 425.

93 322 234 366 verbo
262 336 403 380 graeco
439 337 462 364 a
492 319 724 364 latitudine
743 319 870 363 nobis
893 319 1084 378 accepit3
1115 320 1320 378 quoniam
1346 334 1484 377 graece

99 398 196 444 γλατῠ
216 391 375 435 dicitur
391 390 547 434 latum.
570 393 648 434 Hae
670 398 772 434 sunt
788 405 912 449 aquae
925 389 980 432 de
994 388 1155 449 quibus
1172 390 1381 433 Dominus
1399 390 1485 434 cla-

97 470 212 505 mat:
239 461 360 513 «Qui
382 461 486 514 sitit,
501 461 648 504 veniat
672 459 726 503 ad
754 474 838 502 me.
862 459 948 512 Qui
969 458 1109 502 credit
1124 458 1170 502 in
1192 473 1284 512 me,
1302 460 1485 503 flumina

100 550 119 573 »
155 547 280 591 aquae
307 531 416 575 vivae
442 532 582 574 fluent
606 530 661 574 de
677 539 828 574 ventre
856 531 946 590 ejus
967 549 975 574 :
999 547 1020 571 »
1050 538 1094 574 ct
1111 545 1330 589 exponens
1346 532 1485 573 Evan-

96 600 246 658 gelista
269 601 378 661 quid
394 601 564 655 dixerit,
589 619 608 642 «
630 602 724 644 Hoc
746 609 907 655 autem,
933 599 1075 660 inquit
1093 635 1103 654 ‚
1129 599 1300 643 dicebat
1316 599 1371 643 de
1386 600 1484 658 Spi-

101 688 120 710 n
157 672 243 714 ritu
266 706 276 725 ‚
315 687 446 730 quem
479 670 699 729 accepturi
741 679 891 725 erant,
925 670 1001 729 qui
1038 669 1244 714 credituri
1274 678 1398 713 erant
1440 670 1486 713 in

99 759 119 781 »
157 756 256 784 eum
277 743 305 784 ¹.
336 760 354 782 >›
392 741 533 785 Multa
562 740 647 785 dici
678 750 852 800 possent
879 740 933 785 de
962 742 1041 785 ista
1064 740 1203 785 cordis
1226 739 1482 794 latitudine,

95 810 170 854 sed
203 812 332 870 hujus
355 812 564 857 sermonis
581 813 671 871 jam
694 810 1005 857 contradicitur
1034 810 1315 870 longitudini.

622 1079 843 1120 SERMO
882 1081 959 1118 XI.

156 1234 189 1274 Ι.
214 1233 264 1274 ΙΝ
288 1231 459 1276 Psalmo
481 1231 564 1275 isto
598 1245 757 1287 magno
789 1232 986 1290 sequitur
1007 1229 1127 1290 quod
1164 1230 1314 1284 nobis,
1355 1229 1483 1290 adju-

96 1309 225 1346 vante
262 1301 449 1345 Domino
470 1337 480 1356 ‚
520 1301 886 1345 considerandum
927 1312 1058 1362 atque
1091 1300 1366 1346 tractandum
1404 1311 1482 1346 est.

101 1392 122 1415 ι(
155 1375 313 1430 Legem
336 1389 450 1433 pone
471 1373 606 1427 mihi,
627 1374 838 1428 Domine,
873 1374 988 1418 viam
1005 1373 1363 1433 justificationum
1387 1383 1486 1418 tua-

99 1461 119 1484 »
155 1459 276 1498 rum,
313 1453 356 1487 et
389 1443 611 1504 exquiram
648 1459 742 1486 eam
770 1448 984 1503 semper‘2.
1026 1463 1045 1485 »
1079 1443 1311 1504 Apostolus
1346 1444 1480 1488 dicit:

101 1532 122 1556 «
156 1516 281 1557 Justo
297 1513 365 1557 lex
379 1530 468 1558 non
487 1523 550 1557 est
567 1514 705 1572 posita
719 1549 729 1567 ⁷
750 1514 918 1573 injustis
932 1524 1076 1558 autem
1092 1523 1135 1558 et
1152 1530 1240 1558 non
1254 1514 1482 1567 subditis,»

96 1593 138 1627 et
163 1593 317 1629 caetera
332 1621 347 1640 ,
372 1601 471 1645 quae
494 1584 555 1627 ibi
575 1583 840 1628 concludens
865 1584 939 1639 ait,
965 1603 983 1624 «
1004 1585 1095 1627 Etsi
1109 1583 1217 1642 quid
1239 1583 1355 1626 aliud
1369 1600 1482 1627 sanae

99 1673 119 1695 u
155 1655 365 1699 doctrinae
398 1657 673 1709 adversatur,
703 1670 802 1714 quae
825 1663 888 1698 est
923 1654 1166 1698 secundum
1198 1654 1480 1711 Evangelium

98 1744 119 1766 »
156 1725 302 1784 gloriae
325 1726 441 1770 beati
456 1727 531 1770 Dei
550 1761 560 1780 ‚
582 1725 703 1785 quod
727 1725 940 1769 creditum
964 1734 1027 1768 est
1048 1725 1200 1767 mihi3.
1223 1724 1485 1784 »Numquid

97 1810 198 1852 ergo
215 1795 311 1840 talis
327 1805 419 1839 erat
435 1796 513 1838 iste
527 1795 603 1853 qui
616 1795 743 1849 dicit,
766 1798 959 1852 «Legem
975 1810 1089 1853 pone
1100 1794 1206 1837 mihi
1223 1829 1233 1848 ,
1254 1795 1480 1848 Domine„

96 1865 299 1925 qualibus
330 1866 480 1908 beatus
515 1864 672 1908 Paulus
703 1864 807 1907 dicit
841 1864 1024 1923 positam
1058 1863 1233 1922 legem?
1270 1864 1408 1907 Absit.
1443 1864 1485 1908 Si

97 1936 212 1979 enim
238 1935 331 1979 talis
349 1945 482 1990 esset,
504 1951 593 1979 non
616 1935 812 1995 superius
833 1935 1005 1979 dixisset
1024 1937 1041 1978 Ρ
1064 1954 1083 1975 (ι
1108 1935 1232 1978 Viam
1252 1935 1485 1979 mandato-

105 2024 125 2045 »
162 2020 257 2048 rum
284 2015 457 2049 tuorum
474 2005 647 2049 cucurri
669 2040 678 2059 ,
705 2020 805 2048 cum
828 2004 1013 2048 dilatasti
1038 2020 1112 2048 cor
1137 2020 1297 2048 meum.
1326 2023 1346 2045 »
1368 2005 1483 2058 Quid

97 2083 160 2118 est
177 2089 279 2132 ergo
294 2074 414 2133 quod
432 2085 527 2118 orat
549 2084 599 2118 ut
628 2075 709 2117 sibi
740 2073 810 2117 lex
840 2091 861 2118 a
886 2075 1070 2118 Domino
1104 2085 1312 2134 ponatur,
1341 2075 1373 2118 si
1397 2090 1486 2118 non

99 2144 276 2204 ponitur
293 2146 439 2203 justo?
463 2148 531 2187 An
553 2159 605 2187 eo
626 2144 756 2187 modo
779 2160 865 2188 nori
889 2146 1216 2204 poniturjusto,
1245 2160 1333 2206 quo
1355 2144 1487 2189 modo

98 2215 235 2274 posita
258 2223 321 2258 est
339 2213 502 2273 populo
520 2214 791 2265 contumaci,
817 2215 862 2257 in
889 2214 1045 2258 tabulis
1067 2215 1270 2274 lapideis·³
1293 2250 1303 2270 ‚
1336 2214 1487 2258 nonin

102 2286 258 2330 tabulis
280 2285 420 2330 cordis
434 2285 680 2330 carnalibus
698 2287 736 2335 ⁵3
754 2286 994 2329 secundum
1012 2289 1335 2330 Testamentum
1356 2288 1486 2329 Vetus

100 2372 151 2400 ex
172 2366 320 2400 monte
347 2357 445 2400 Sina
463 2392 472 2411 ‚
495 2356 615 2416 quod
633 2357 679 2399 in
698 2357 949 2400 servitutem
975 2359 1178 2415 geuerat⁶
1195 2393 1205 2412 ,
1225 2373 1314 2401 non
1331 2373 1488 2400 sccun-

101 2426 207 2471 dum
235 2430 557 2470 Testamentum
578 2429 750 2471 Novum
771 2462 781 2482 ,
807 2426 862 2470 de
890 2443 977 2487 quo
997 2428 1204 2488 scriptum
1228 2437 1290 2471 est
1316 2443 1391 2487 per
1413 2431 1489 2471 Je-

151 2529 158 2545 ¹
179 2524 268 2554 Joan.
291 2521 471 2564 v11‚32·-39.
496 2539 536 2544 —
557 2529 570 2544 ²
590 2522 668 2553 Psril.
689 2533 796 2561 cxviii,
819 2522 873 2553 33.
895 2539 936 2545 —-
961 2521 973 2545 3
999 2535 1010 2555 1
1033 2524 1113 2555 Tim.
1134 2533 1155 2556 1.
1176 2534 1268 2565 9-11.
1302 2540 1330 2546 -ι
1354 2514 1368 2544 4
1389 2524 1487 2555 Exoul.

102 2588 191 2620 xxxi,
214 2579 263 2611 18.
282 2596 322 2601 -
342 2577 356 2601 5
374 2587 393 2610 9.
413 2580 485 2611 Cor.
506 2589 556 2620 111,
574 2577 605 2610 3.
625 2595 665 2601 --
685 2576 700 2601 6
722 2578 789 2611 Gal.
811 2589 858 2619 iv,
878 2578 933 2621 21.
