1848 3261
462 199 704 231 ENARuAno
733 202 780 230 m
811 199 1016 230 PsALMUM
1045 202 1132 229 cv1.
1382 193 1469 232 239

86 263 242 309 mundi
255 298 267 320 ‚
293 272 338 309 et
351 264 584 311 mortiferis
604 266 964 311 delectationibus
985 266 1263 324 consopitum
1286 284 1297 312 ε
1321 276 1372 311 ut
1393 283 1469 312 ex-

85 335 242 380 citetur
257 335 336 380 iste
356 337 413 380 ad
431 336 711 397 quaerendam
739 336 919 394 gratiam
938 335 1038 391 Dei,
1065 344 1116 379 ut
1136 335 1213 379 fiat
1233 336 1465 394 sollicitus,

87 415 132 449 et
151 415 358 466 tanquam
387 405 442 450 de
468 422 621 452 somno
642 406 835 466 evigilet,
860 421 1007 451 nonne
1026 421 1181 451 manus
1201 407 1280 451 Dei
1315 410 1471 454 excitat

86 477 215 520 eum?
239 475 323 521 Sed
345 485 491 521 tamen
510 494 533 521 a
554 494 643 538 quo
667 478 721 522 sit
738 476 970 532 excitatus,
993 477 1181 536 ignorat.
1208 477 1368 536 Incipit
1389 494 1471 522 au-

85 555 175 591 tem
197 562 287 591 esse
311 548 401 608 jam
429 549 527 603 Dei,
572 564 673 593 cum
706 548 958 606 cognoverit
990 548 1179 592 veritatis
1204 547 1350 591 fidem.
1387 548 1472 593 Sed

87 626 323 678 antequam
357 628 610 678 cognoscat,
636 618 755 663 dolet
782 632 973 662 errorem
994 633 1139 662 suum.
1164 618 1334 663 Invenit
1355 618 1472 662 enim

85 702 130 731 se
146 687 193 732 in
209 703 368 743 errore,
382 688 478 733 vult
493 704 752 749 cognoscere
774 689 1024 744 veritatem,
1047 687 1192 748 pulsat
1213 688 1290 732 ubi
1308 697 1467 748 potest,

84 766 225 802 tentat
244 757 366 818 quod
383 768 547 818 potest,
565 768 748 818 vagatur
765 775 851 820 qua
867 767 1032 818 potest,
1058 758 1217 803 famem
1238 759 1370 803 etiam
1391 775 1473 819 pa-

86 829 191 872 titur
224 829 359 888 ipsius
395 829 603 874 veritatis.
637 831 779 875 Prima
810 845 914 889 ergo
942 830 1125 874 tentatio
1158 839 1221 874 est
1243 831 1398 874 erroris
1429 839 1474 874 et

85 898 228 943 famis.
267 899 350 943 Ubi
388 899 435 943 in
467 900 550 945 hac
581 901 820 945 tentatione
850 899 1055 959 fatigatus
1082 899 1385 945 exclamaverit
1417 899 1474 944 ad

86 971 223 1013 Deum
240 1004 252 1021 ,
275 969 530 1029 perducitur
546 970 602 1014 ad
620 971 730 1014 viam
748 970 850 1014 fidei
864 1005 875 1026 ,
894 970 1014 1014 unde
1025 970 1204 1029 incipiat
1216 985 1396 1030 pergere
1418 969 1475 1014 ad

79 1039 296 1084 civitatem
307 1040 477 1100 quietis.
496 1041 753 1086 Perducitur
775 1056 880 1100 ergo
903 1040 959 1085 ad
970 1041 1191 1086 Christum
1205 1076 1216 1096 ‚
1236 1041 1313 1102 qui
1329 1041 1439 1085 dixit
1457 1060 1468 1086 2

84 1127 105 1151 «
137 1112 232 1168 Ego
253 1125 349 1154 sum
370 1111 439 1155 via
454 1112 485 1153 1.
511 1127 531 1151 »

138 1182 192 1224 V.
227 1182 339 1225 Cum
362 1196 464 1239 ergo
484 1181 547 1224 ibi
576 1181 729 1236 fuerit,
754 1182 846 1241 jam
860 1181 999 1226 sciens
1021 1181 1130 1242 quid
1146 1182 1374 1226 observare
1393 1181 1473 1226 de-

80 1251 206 1307 beat,
243 1267 563 1312 nonnunquam
590 1251 781 1297 multum
813 1253 896 1297 sibi
918 1252 1180 1309 tribuendo,
1203 1262 1247 1297 et
1269 1254 1392 1313 quasi
1419 1252 1474 1298 de

79 1321 165 1366 suis
190 1322 356 1367 viribus
388 1322 713 1381 praesumendo,
739 1323 893 1383 incipit
916 1323 1153 1382 confligere
1174 1322 1285 1367 velle
1321 1333 1473 1368 contra

80 1401 254 1450 peccata
270 1427 282 1446 ,
312 1401 356 1436 et
385 1402 564 1452 propter
595 1393 844 1452 superbiam
866 1394 1073 1452 superari.
1098 1393 1273 1438 Invenit
1299 1408 1403 1452 ergo
1427 1408 1471 1437 se

79 1461 261 1520 ligatum
289 1462 621 1510 difficultatibus
651 1462 971 1522 cupiditatum,
1011 1472 1055 1507 et
1083 1479 1174 1507 non
1200 1478 1324 1522 posse
1355 1463 1473 1508 viam

79 1542 258 1592 propter
278 1534 509 1592 compedes
534 1533 759 1577 ambulare
784 1552 794 1578 ε
819 1533 1036 1578 inclusum
1058 1549 1103 1578 se
1124 1534 1256 1578 sentit
1276 1532 1472 1578 difficul-

79 1611 168 1647 tate
190 1604 394 1648 vitiorum
415 1624 426 1661 3
461 1613 505 1647 et
527 1613 737 1664 tanquam
759 1619 885 1648 muro
912 1604 1269 1663 impossibilitatis
1298 1613 1469 1660 erecto,

81 1673 305 1733 portisque
321 1672 474 1718 clausis
491 1708 502 1728 ‚
528 1689 615 1734 qua
635 1672 790 1718 evadat
811 1682 862 1717 ut
883 1683 999 1718 recte
1019 1674 1153 1729 vivat,
1175 1689 1267 1718 non
1286 1674 1469 1719 invenit.

80 1746 177 1787 Jam
199 1744 277 1788 scit
299 1744 521 1803 quomodo
549 1745 695 1789 vivere
719 1743 879 1788 debeat
903 1763 912 1789 :
941 1745 1059 1804 prius
1091 1745 1210 1789 enim
1243 1744 1290 1789 in
1326 1760 1471 1790 errore

81 1822 200 1869 erat,
237 1824 281 1858 et
311 1813 471 1858 famem
500 1815 688 1859 veritatis
710 1814 984 1873 patiebatur3
1015 1815 1182 1873 accepit
1209 1823 1356 1858 autem
1381 1815 1473 1875 jam

82 1884 231 1928 cibum
247 1884 438 1928 veritatis
453 1919 463 1937 ,
492 1894 535 1928 et
556 1885 719 1944 positus
744 1894 808 1927 est
829 1885 875 1928 in
895 1884 963 1928 via
989 1903 999 1929 :
1030 1883 1153 1928 audit
1166 1919 1178 1941 ‚
1204 1885 1312 1929 Vive
1329 1885 1442 1930 bene
1457 1920 1470 1941 ‚

82 1955 323 1998 secundum
344 1955 466 2014 quod
489 1955 625 2012 nosti3
646 1963 773 1998 antea
795 1955 911 1998 enim
940 1971 1030 1999 non
1051 1970 1233 2000 noveras
1256 1955 1471 2016 quemad-

82 2025 264 2070 modum
295 2025 486 2081 viveres,
521 2025 653 2070 modo
684 2024 884 2085 accepisti
917 2035 961 2070 et
987 2027 1117 2071 nosti.
1144 2028 1355 2082 Conatur⁷
1381 2043 1472 2072 non

82 2104 248 2156 potest3
266 2094 449 2154 ligatum
470 2111 514 2140 se
526 2096 672 2150 sentit,
694 2095 906 2140 exclamat
920 2097 975 2140 ad
996 2097 1247 2141 Dominum.
1272 2097 1472 2142 Secunda

82 2182 186 2226 ergo
204 2167 386 2210 tentatio
408 2175 473 2211 cst
495 2166 767 2212 difficultatis
788 2168 833 2210 in
857 2168 969 2211 bene
990 2167 1213 2228 operando
1227 2203 1238 2223 ‚
1266 2169 1377 2212 sicut
1398 2168 1472 2213 ilia

83 2239 222 2298 prima
245 2238 399 2282 erroris
426 2248 469 2283 et
490 2238 628 2284 famis.
651 2238 876 2283 Exclamat
893 2249 937 2283 et
957 2240 1004 2283 in
1022 2240 1102 2283 hac
1125 2240 1180 2283 ad
1203 2240 1436 2284 Dominum
1459 2259 1469 2286 2

84 2308 244 2353 liberat
265 2309 473 2353 Dominus
501 2309 556 2353 de
583 2309 911 2354 necessitatibus
927 2345 938 2363 ‚
968 2311 1132 2369 rumpit
1154 2310 1327 2355 vincula
1350 2309 1470 2354 diffi-

83 2378 257 2424 cultatis
273 2414 284 2433 ‚
305 2380 530 2423 constituit
549 2380 596 2424 in
616 2380 867 2440 operatione
888 2381 1118 2441 aequitatis.
1145 2381 1304 2440 Incipit
1326 2380 1365 2424 ei
1379 2382 1470 2440 jam

84 2449 212 2495 facile
239 2465 329 2494 esse
350 2450 472 2510 quod
500 2449 680 2496 difficile
715 2450 884 2509 suerat,
908 2451 1126 2497 abstinere
1149 2468 1174 2497 a
1205 2451 1350 2508 malis,
1379 2467 1470 2499 non

138 2541 147 2558 ¹
167 2536 260 2567 Joan.
273 2545 341 2577 x1v,
358 2535 390 2567 6.
