1848 3261
389 222 473 270 534
815 239 849 268 s.
884 239 1115 269 Aucus‘rrm
1146 242 1328 270 Emscom

387 314 490 350 runt
507 314 683 364 pactum
703 339 715 360 ,
738 315 911 350 secutus
933 305 1128 366 adjunxit
1153 324 1162 351 z
1192 324 1211 346 «
1245 306 1357 359 Quia
1377 305 1552 366 eloquia
1582 315 1658 351 tua
1679 321 1769 350 non

390 396 408 418 >2
444 374 761 421 custodierunt.
798 396 817 418 »
852 379 916 420 Ea
952 377 1116 437 quippe
1154 376 1201 420 in
1242 375 1597 422 tribulationibus
1637 392 1770 435 nega-

383 455 556 491 verunt.

443 520 543 562 VII.
572 519 628 561 Et
656 516 936 561 commendat
957 532 1002 562 se
1023 518 1103 562 iste
1125 517 1331 562 differens
1351 518 1408 562 ab
1436 517 1495 562 eis
1512 553 1524 574 ,
1557 534 1606 563 ac
1628 517 1732 562 dicit
1756 537 1765 562 z

389 610 408 632 «
444 589 555 633 Vide
577 588 784 648 quoniam
802 588 1007 633 mandata
1030 599 1105 634 tua
1127 589 1304 634 dilexi1.
1321 610 1338 631 »
1363 593 1461 635 Non
1483 590 1542 634 ait
1559 589 1769 650 :Eloquia

382 659 451 705 vel
474 659 719 703 testimonia
741 667 816 703 tua
844 675 935 703 non
958 660 1133 718 negavi,
1151 661 1272 720 quod
1293 665 1506 719 Martyres
1529 661 1670 706 facere
1693 677 1768 705 co-

385 730 624 790 gebantur,
645 738 687 774 et
711 745 800 774 non
823 728 1031 775 facientes
1054 730 1341 776 intolerabilia
1358 732 1638 792 patiebantur
1661 752 1669 776 :
1694 732 1770 776 sed

383 801 467 846 hoc
490 800 596 845 dixit
616 801 694 845 ubi
718 799 885 846 fructus
907 810 971 846 est
992 802 1189 846 omnium
1207 804 1456 862 passionum
1474 822 1482 848 :
1503 803 1611 855 Quia
1628 803 1661 846 si
1679 811 1770 846 tra-

382 872 534 916 didero
556 887 714 932 corpus
746 887 894 916 meum
921 882 971 917 ut
1004 873 1178 916 ardeam
1197 908 1208 928 ,
1235 874 1490 918 charitatem
1513 882 1659 917 autem
1681 889 1769 918 non

379 943 590 998 habeam,
614 942 724 987 nihil
740 943 848 987 mihi
870 943 1093 1003 prodest‘2.
1108 946 1231 988 Hanc
1248 946 1327 988 iste
1349 943 1660 988 commendans
1683 944 1766 989 ait:

383 1032 402 1055 «
438 1013 549 1058 Vide
571 1014 778 1074 quoniam
802 1014 1007 1059 mandata
1028 1024 1103 1059 tua
1129 1013 1275 1059 dilexi.
1306 1035 1324 1057 »
1345 1015 1512 1059 Deinde
1534 1014 1770 1074 postulavit

378 1085 639 1144 praemium:
669 1105 686 1125 «
715 1085 921 1140 Domine,
946 1085 992 1129 in
1025 1094 1100 1129 tua
1128 1085 1421 1130 misericordia
1439 1085 1607 1129 vivifica
1631 1100 1716 1129 me.
1747 1105 1766 1127 »

380 1154 456 1199 Isti
476 1155 771 1210 mortificant,
808 1164 857 1199 tu
882 1155 1067 1200 vivifica.
1097 1154 1181 1201 Sed
1201 1155 1236 1200 si
1258 1155 1487 1215 praemium
1510 1155 1703 1214 poscitur
1722 1154 1769 1199 in

378 1218 691 1280 misericordia,
727 1226 849 1285 quod
872 1225 1054 1270 reddere
1076 1227 1208 1271 debet
1225 1227 1390 1287 justitia
1411 1247 1422 1283 3
1446 1235 1612 1286 quanto
1635 1227 1769 1284 magis

378 1295 572 1355 impensa
589 1304 652 1340 est
674 1296 982 1352 misericordia,
998 1307 1048 1342 ut
1064 1298 1337 1342 obtineretur
1357 1297 1427 1341 cui
1447 1297 1674 1357 praemium
1697 1297 1768 1341 de·
1819 1350 1829 1355 ,

378 1366 557 1410 beretur
572 1401 584 1421 ,
609 1366 701 1426 ipsa
721 1366 936 1411 victoria?

434 1439 558 1481 VIII.
581 1456 598 1477 «
622 1438 889 1498 Principium
908 1473 918 1492 ‚
943 1438 1088 1498 inquit
1103 1473 1115 1493 ,
1137 1438 1375 1483 verborum
1397 1433 1573 1483 tuorum
1591 1438 1764 1495 veritas,

381 1528 400 1550 »
435 1517 479 1553 et
500 1508 545 1552 in
560 1517 774 1552 aeternum
792 1509 937 1553 omnia
955 1507 1120 1569 judicia
1137 1509 1318 1569 justitiae
1337 1510 1495 1553 tuae3.»
1508 1512 1546 1554 Α
1566 1510 1764 1566 veritate,

375 1578 545 1639 inquit,
581 1587 656 1622 tua
685 1578 820 1622 verba
851 1578 1098 1638 procedunt
1116 1614 1128 1634 ‚
1159 1590 1203 1624 et
1234 1579 1333 1624 ideo
1361 1580 1531 1625 veracia
1560 1589 1687 1636 sunt,
1724 1589 1768 1625 et

377 1649 597 1693 neminem
620 1648 780 1693 sallum
794 1683 805 1704 ‚
830 1649 991 1709 quibus
1013 1650 1336 1709 praenuntiatur
1357 1651 1446 1695 vita
1463 1652 1583 1711 justo
1602 1686 1613 1706 ,
1633 1666 1767 1710 poena

376 1719 526 1780 impio.
552 1722 657 1765 Haec
683 1728 786 1765 sunt
807 1720 970 1781 quippe
997 1719 1042 1764 in
1063 1728 1277 1766 aeternum
1290 1721 1454 1782 judicia
1467 1721 1647 1782 justitiae
1671 1721 1762 1766 Dei.

849 2000 1069 2044 SERMO
1110 2002 1292 2043 xxxl.

432 2134 468 2177 Ι.
496 2134 613 2185 QnAs
634 2131 955 2191 persecutiones
990 2147 1013 2176 a
1041 2131 1216 2191 regibus
1237 2140 1363 2176 terrae
1385 2147 1539 2192 corpus
1565 2133 1758 2190 Christi,

371 2204 456 2248 hoe
477 2211 562 2257 est,
588 2211 731 2246 sancta
754 2202 944 2246 Ecclesia
964 2202 1208 2262 pertulerit,
1234 2203 1762 2263 novimus.Agnoscamus

373 2289 476 2333 ergo
494 2273 565 2317 hic
583 2272 714 2316 etiam
734 2273 825 2332 ejus
843 2273 974 2317 verba
998 2273 1182 2318 dicentis
1205 2293 1214 2318 ε
1245 2293 1265 2316 «
1293 2274 1513 2334 Principes
1545 2276 1761 2335 persecuti

376 2364 395 2386 »
430 2354 532 2389 sunt
550 2359 618 2388 me
641 2344 786 2402 gratis,
801 2353 845 2388 et
866 2359 889 2388 a
909 2344 1051 2389 verbis
1070 2335 1155 2389 tuis
1173 2343 1425 2390 formidavit
1447 2361 1681 2390 cormeum
1694 2347 1756 2390 4.»

371 2414 487 2468 Quid
509 2415 624 2458 enim
646 2414 879 2460 Christiani
900 2413 1099 2460 laeserant
1120 2431 1249 2474 regna
1273 2420 1469 2471 terrena,¹
1482 2418 1677 2477 quamvis
1699 2417 1759 2461 eis

371 2501 554 2544 regnum
592 2485 803 2529 coelorum
826 2486 1072 2545 promiserit
1104 2503 1176 2530 rex
1201 2489 1381 2532 eorum?
1398 2487 1528 2543 Quid,
1551 2489 1752 2548 inquam,

421 2587 429 2603 ¹
458 2581 538 2613 psal.
559 2593 673 2620 cxviii,
690 2582 832 2624 159.—-²
852 2595 863 2615 1
881 2585 954 2616 Cor.
972 2594 1047 2623 nn,
1063 2583 1140 2616 3.-
1157 2581 1169 2606 3
1188 2584 1269 2616 Psal.
1288 2594 1402 2626 cxviii,
1420 2584 1538 2617 160.-
1552 2583 1658 2618 Albid.
1678 2584 1753 2617 161.
