1848 3261
353 236 381 274 6
774 244 806 272 s.
843 243 1073 273 ‚umus-nm
1105 244 1287 273 nmscom

352 309 659 356 sericordiam?
679 307 794 354 Audi
815 308 1037 370 quomodo
1068 324 1146 353 nos
1168 309 1305 368 erigat
1336 327 1345 354 :
1366 310 1457 353 «Ut
1481 309 1528 353 in
1546 324 1634 365 me,
1657 309 1728 353 in-

353 400 374 423 »
397 381 510 441 quit,
533 379 779 424 ostenderet
791 380 984 425 Christus
1003 382 1125 424 Jesus
1147 394 1319 423 omnem
1333 378 1725 438 longanimitatem,

352 471 373 495 >›
394 452 448 496 ad
470 451 822 496 informationem
844 466 994 495 eorum
1007 451 1083 512 qui
1097 450 1303 495 credituri
1324 460 1426 495 sunt
1447 451 1507 494 illi
1530 451 1576 494 in
1595 452 1727 495 vitam

352 543 373 566 »
391 525 662 568 aeternam1.»
680 522 795 575 Quid
810 532 887 577 est,
910 525 961 566 In
983 537 1052 566 me
1070 520 1316 567 ostenderet
1328 521 1730 581 longanimitatem?

350 597 408 639 Ut
420 593 716 654 unusquisque
733 602 933 652 peccator
960 601 1004 636 et
1024 592 1255 637 sceleratus
1272 591 1440 636 videret
1454 592 1557 652 quia
1570 592 1729 637 Paulus

349 665 514 724 accepit
529 665 715 718 veniam,
739 672 781 706 et
803 679 892 708 non
914 662 968 707 de
990 679 1034 707 se
1053 664 1315 722 desperaret.
1332 665 1445 707 Ecce
1462 663 1652 707 ostendit
1666 679 1726 716 se,

349 735 481 779 erexit
514 743 556 778 et
579 733 696 778 alios.
729 733 842 777 Ubi?
869 736 921 777 In
948 742 1142 792 tempore
1180 732 1497 777 misericordiae.
1531 733 1647 777 Audi
1684 733 1731 778 in

347 814 542 864 tempore
562 802 714 864 judicii
736 803 843 862 quid
865 803 981 847 dieat
1007 803 1062 846 de
1084 803 1209 847 bonis
1223 839 1234 858 ‚
1258 803 1416 847 iterum
1446 803 1592 848 dicens
1614 803 1668 848 de
1686 819 1730 848 se

348 883 390 919 et
414 874 468 917 de
498 873 603 917 aliis.
642 873 785 917 Primo
808 873 1144 917 misericordiam
1163 883 1420 918 consecutus
1443 883 1521 918 est.
1555 876 1730 927 Quare?

348 943 459 997 Quia
482 941 566 986 fuit
589 942 863 1001 blasphemus
900 952 943 986 et
973 952 1223 1002 persecutor
1250 953 1292 987 et
1322 944 1567 1003 injuriosus.
1600 944 1731 987 Venit

346 1015 556 1060 Dominus
575 1023 626 1057 ut
646 1013 828 1057 donaret
850 1013 1000 1069 Paulo,
1026 1030 1114 1059 non
1136 1024 1186 1058 ut
1206 1014 1419 1058 redderet.
1446 1017 1554 1059 Nam
1573 1014 1606 1058 si
1627 1014 1729 1059 red-

348 1085 450 1129 dere
469 1084 621 1139 vellet,
647 1083 752 1144 quid
774 1083 988 1128 inveniret
1009 1085 1130 1145 quod
1157 1084 1357 1128 redderet
1382 1085 1623 1144 peccatori,
1649 1085 1732 1129 nisi

347 1171 522 1216 poenam
546 1164 588 1198 et
616 1153 909 1214 supplicium?
938 1154 1088 1199 Noluit
1117 1154 1299 1199 reddere
1321 1171 1498 1214 poenam
1513 1191 1523 1209 ‚
1556 1155 1630 1199 sed
1652 1155 1733 1200 do-

346 1227 467 1271 navit
485 1226 679 1285 gratiam.
701 1225 816 1269 Audi
837 1226 937 1285 quia
955 1225 1027 1269 ille
1048 1227 1118 1270 cui
1142 1226 1339 1280 donavit,
1361 1235 1478 1270 tenet
1495 1226 1730 1269 Dominum

347 1298 477 1342 etiam
501 1297 758 1340 debitorem.
786 1296 958 1340 Invenit
981 1312 1080 1339 eum
1104 1296 1360 1340 donatorem
1381 1305 1576 1355 tempore
1605 1297 1732 1340 mise-

347 1368 546 1412 ricordiae
562 1403 572 1422 ‚
594 1377 713 1411 tenet
734 1366 972 1411 debitorem
997 1377 1192 1426 tempore
1208 1366 1376 1426 judicii.
1394 1367 1625 1420 Quomodo
1648 1368 1732 1412 hoc

347 1438 451 1484 dicit
467 1474 477 1493 ,
504 1438 663 1483 videte.
689 1457 709 1480 ‹<
733 1441 826 1497 Ego
849 1438 964 1481 enim
984 1440 1073 1498 jam
1100 1437 1317 1492 immolor,
1343 1437 1471 1493 dixit,
1497 1447 1540 1482 et
1562 1448 1732 1498 tempus

352 1530 371 1552 »
406 1508 678 1553 resolutionis
699 1523 807 1552 meae
830 1509 1073 1568 proximum
1097 1518 1174 1552 est.
1202 1511 1374 1552 Bonum
1391 1518 1612 1553 certamen
1633 1524 1730 1553 cer-

350 1599 372 1622 »
406 1580 519 1634 tavi,
544 1595 719 1623 cursum
742 1581 1061 1635 consummavi,
1089 1579 1220 1623 fidem
1237 1580 1416 1624 servavi.
1436 1598 1456 1621 >›
1484 1583 1577 1624 Hoc
1593 1616 1604 1636 ‚
1627 1590 1732 1625 tem-

345 1666 451 1711 pore
474 1649 777 1694 misericordiae
797 1670 805 1694 :
826 1649 927 1694 audi
950 1650 1004 1693 de
1021 1650 1203 1710 judicio.
1233 1669 1253 1691 «
1278 1653 1339 1694 De
1362 1659 1519 1694 caetero
1540 1660 1733 1710 superest

347 1740 370 1764 >›
405 1722 512 1765 mihi
534 1737 691 1766 corona
707 1721 901 1782 justitiae,
919 1737 1052 1781 quam
1070 1721 1222 1765 reddet
1239 1721 1345 1765 mihi
1366 1722 1575 1766 Dominus
1596 1722 1642 1765 in
1658 1721 1732 1766 illa

349 1811 370 1834 »
406 1791 476 1835 die
489 1793 630 1851 justus
657 1791 791 1851 judex
805 1795 837 1835 ².
866 1810 886 1832 »
912 1794 1009 1837 Non
1036 1790 1146 1835 dixit
1169 1811 1176 1836 :
1203 1794 1378 1848 Donat3
1413 1791 1487 1835 sed
1505 1827 1515 1845 ,
1542 1792 1728 1836 Reddet.

347 1861 533 1916 Quando
558 1862 771 1917 donabat,
797 1862 1033 1906 misericors
1063 1872 1155 1906 erat
1176 1881 1185 1907 :
1207 1862 1385 1922 quando
1407 1861 1579 1917 reddet,
1597 1863 1733 1923 judex

348 1933 429 1976 erit
450 1951 458 1976 z
476 1933 592 1992 quia,
614 1951 633 1973 «
658 1931 995 1976 Misericordiam
1009 1943 1057 1991 ¹et
1073 1932 1289 1992 judicium
1308 1932 1494 1976 cantabo
1517 1932 1618 1987 tibi,
1645 1936 1733 1977 Do-

349 2021 370 2044 »
406 2002 537 2046 mine.
567 2021 586 2043 »
617 2003 698 2046 Sed
732 2001 936 2047 donando
963 2003 1142 2057 delicta,
1169 2002 1272 2047 fecit
1294 2019 1337 2046 se
1363 2019 1534 2047 coronae
1557 2004 1731 2048 debito-

346 2088 438 2121 rem
460 2091 468 2116 :
490 2071 551 2115 ibi
569 2091 588 2113 «
608 2072 948 2116 Misericordiam
970 2082 1226 2117 consecutus
1244 2088 1355 2117 sum.
1373 2073 1613 2118 Misericors
1630 2089 1731 2132 ergo

349 2161 369 2184 »
405 2142 617 2186 Dominus
637 2142 797 2201 primo,
828 2143 899 2186 hic
922 2152 1066 2186 autem
1084 2143 1237 2187 reddet
1254 2144 1357 2187 mihi
1376 2159 1581 2188 coronam
1600 2145 1731 2204 justi-

349 2232 370 2255 »
405 2213 490 2256 tiae.
518 2231 538 2253 »
566 2212 691 2256 Unde
721 2213 900 2258 reddet?
928 2233 947 2255 «
974 2215 1084 2267 Quia
1108 2216 1249 2274 justus
1270 2214 1407 2274 judex
1430 2224 1507 2259 est.
1538 2233 1558 2255 »
1588 2218 1731 2268 Quare

340 2285 483 2344 justus
508 2282 639 2343 judex
662 2285 678 2325 ‘3
700 2303 719 2325 «
745 2285 851 2337 Quia
883 2285 1049 2329 bonum
1081 2295 1297 2329 certamen
1325 2287 1484 2329 certavi
1508 2322 1518 2339 ‚
1554 2302 1730 2331 cursum

345 2372 366 2395 »
403 2354 724 2408 consummavi,
750 2354 881 2398 fidem
917 2356 1095 2399 servavi.
1123 2375 1143 2397 »
1170 2354 1273 2400 Ideo
1295 2357 1437 2416 justus
1469 2372 1558 2400 non
1587 2366 1730 2416 potest

338 2424 419 2468 nisi
442 2440 649 2468 coronare
672 2425 766 2469 ista.
791 2427 963 2470 Invenit
985 2427 1100 2471 enim
1115 2427 1195 2471 ista
1212 2443 1311 2487 quae
1329 2436 1578 2472 coronaret:
1600 2438 1727 2472 antea

334 2511 437 2540 vero
464 2495 570 2555 quid
597 2496 854 2540 invenerat?
884 2516 903 2538 «
929 2498 1009 2549 Qui
1031 2498 1149 2557 prius
1171 2497 1235 2542 fui
1257 2497 1537 2558 blasphemus
1559 2508 1602 2542 et
1624 2514 1726 2558 per—

391 2589 401 2604 ¹
425 2593 437 2613 1
458 2582 537 2613 Tim.
558 2594 579 2623 ι,
602 2582 654 2614 16.
674 2599 716 2605 -
734 2589 746 2604 ²
761 2591 779 2613 2
799 2581 878 2614 Tim.
902 2594 949 2623 ιν,
973 2583 1051 2616 6-8,
