1848 3261
427 213 669 244 ENARRATIO
699 216 745 244 IN
777 211 981 243 PsALMUM
1009 215 1097 241 (ΠΧ.
1369 202 1453 242 303

65 282 100 325 si
119 281 227 327 visio
248 278 451 341 quaedam
467 290 662 325 servatur
678 315 690 336 ‚
711 279 766 324 de
783 295 869 339 qua
887 278 1012 323 nobis
1034 277 1200 322 dictum
1212 285 1302 322 est:
1329 295 1351 319 «
1377 280 1456 322 Te-

68 369 90 393 »
125 367 226 396 cum
247 351 555 411 principium.»
569 354 621 395 In
634 366 722 411 quo
739 351 904 408 regno?
927 350 1087 409 Utique
1107 348 1154 392 in
1172 347 1260 392 vita
1273 356 1451 391 aeterna.

64 423 173 468 Nam
191 422 244 467 ad
263 420 486 465 dexteram
504 422 651 481 positis
673 422 757 465 hoc
778 419 975 464 dicturus
996 428 1060 463 est
1085 437 1094 464 ε
1123 437 1145 460 «
1169 417 1326 462 Venite
1345 452 1356 473 ‚
1376 418 1457 461 be-

67 510 88 534 »
123 491 284 537 nedicti
307 493 444 537 Patris
460 493 546 537 mei
566 528 577 548 ‚
602 492 811 552 percipite
834 506 1017 550 regnum
1035 488 1156 551 quod
1178 488 1304 533 vobis
1326 503 1455 547 para·
1510 477 1521 487 .

66 580 87 604 »
123 573 219 607 tum
247 572 312 607 est
339 564 393 607 ab
422 563 547 608 initio
577 562 774 606 mundi¹.
807 581 827 604 »
853 560 1019 606 Deinde
1051 559 1263 604 damnatis
1283 559 1452 618 impiis,¹

63 634 295 692 segregatis
311 634 437 693 justis
455 642 585 693 atque
603 632 789 677 laudatis
805 668 816 688 ‚
841 631 948 692 quid
969 632 1168 692 sequitur
1188 629 1310 691 quod
1332 629 1456 673 dixe-

63 712 155 747 rat:
181 722 200 744 «
223 704 435 762 Percipite
463 705 674 761 regnum?
697 706 820 747 Tune
840 704 972 747 ibunt
992 702 1114 761 impii
1136 702 1183 745 in
1213 700 1455 745 ambustio-

65 790 86 814 »
121 788 222 816 nem
247 782 455 817 aeternam
473 808 483 828 ,
500 774 607 832 justi
626 782 773 817 autem
794 774 840 817 in
860 773 994 818 vitam
1010 775 1258 815 aeternam2.
1289 789 1309 812 »
1328 770 1456 823 Quod

62 841 253 898 dixerat,
278 861 299 886 «
324 846 544 900 Regnum,
567 860 588 882 »
608 843 693 886 hoc
709 841 847 896 dixitg
871 842 1053 886 «Vitam
1071 851 1302 896 aeternam,
1323 859 1342 882 »
1365 856 1454 901 quo

60 929 150 959 non
164 914 294 957 ibunt
314 913 452 972 impii.
478 911 634 957 Videte
655 913 689 956 si
711 912 914 972 quaedam
937 912 1045 957 visio
1067 921 1131 956 est
1152 912 1239 957 vita
1261 920 1450 956 aeterna:

65 1003 86 1026 «
121 986 226 1028 Haec
248 992 311 1027 est
333 992 481 1027 autem
501 982 590 1027 vita
606 992 768 1027 aeterna
784 1018 794 1038 ‚
821 992 871 1027 ut
889 991 1150 1040 cognoscant
1165 991 1208 1025 te
1224 981 1366 1025 solum
1383 996 1456 1025 ve-

64 1072 86 1095 »
121 1069 217 1098 rum
240 1056 401 1109 Deum,
426 1062 469 1098 et
490 1069 622 1112 quem
645 1053 795 1097 misisti
811 1056 960 1097 Jesum
978 1051 1201 1097 Christum
1219 1053 1252 1094 3.
1276 1069 1297 1092 »
1323 1051 1451 1106 Quia,

66 1143 87 1168 a
122 1128 284 1169 Tecum
306 1124 567 1184 principium
588 1124 633 1167 in
651 1124 722 1168 die
742 1124 914 1168 virtutis
936 1132 1038 1167 tuae.
1058 1141 1079 1163 »
1096 1124 1228 1180 Ergo,
1247 1140 1269 1164 «
1292 1123 1453 1165 Tecum

65 1215 84 1238 »
121 1197 382 1255 principium
397 1196 443 1239 in
461 1195 531 1239 die
544 1196 713 1240 virtutis
728 1205 832 1250 tuae⁷
848 1196 895 1238 in
907 1193 1137 1254 splendore
1151 1202 1449 1237 sanctorum.»

115 1269 235 1310 XVI.
256 1265 341 1310 Sed
357 1267 441 1308 hoc
454 1265 672 1319 differtur,
688 1267 774 1308 hoc
791 1275 939 1323 postea
958 1265 1156 1308 dabitur:
1179 1263 1287 1324 quid
1302 1264 1453 1306 nunc?

62 1355 82 1378 «
115 1339 181 1380 Ex
199 1345 324 1380 utero
345 1343 445 1379 ante
466 1333 698 1378 luciferum
723 1334 853 1392 genui
875 1343 934 1378 te.
963 1352 983 1375 »
1005 1333 1123 1386 Quid
1146 1334 1245 1377 hic?
1270 1334 1313 1378 Si
1335 1337 1452 1377 Deus

60 1407 199 1451 filium
221 1407 354 1450 habet
369 1441 380 1460 ‚
411 1404 630 1465 numquid
657 1414 701 1449 et
717 1414 891 1449 uterum
909 1406 926 1448 P
943 1404 1062 1449 Sicut
1078 1404 1218 1448 carnis
1240 1419 1422 1463 corpora
1437 1438 1449 1459 ,

60 1494 150 1523 non
172 1478 332 1535 habet3
352 1477 453 1537 quia
471 1492 551 1521 nec
569 1476 712 1520 sinum
736 1496 745 1521 :
776 1476 944 1520 dictum
958 1484 1022 1519 est
1042 1484 1190 1519 tamen
1211 1493 1219 1519 z
1242 1494 1262 1516 «
1282 1475 1368 1527 Qui
1389 1482 1454 1518 est

61 1567 83 1590 »
118 1549 164 1592 in
186 1549 284 1593 sinu
304 1548 440 1593 Patris
456 1583 467 1603 ,
491 1548 582 1607 ipse
612 1547 869 1591 enarravit4.
899 1565 918 1588 »
944 1546 1029 1598 Qui
1051 1554 1115 1589 est
1134 1553 1280 1588 autem
1301 1545 1421 1588 sinus
1437 1579 1448 1600 ‚

57 1619 149 1678 ipse
166 1629 230 1663 est
254 1628 400 1663 uterus
422 1637 431 1662 z
457 1627 501 1661 et
522 1618 639 1661 sinus
657 1627 700 1661 et
722 1626 871 1661 uterus
892 1631 972 1676 pro
992 1624 1157 1660 secreto
1180 1614 1346 1674 positus
1369 1623 1448 1658 est.

57 1689 172 1743 Quid
193 1699 281 1744 est,
313 1708 333 1731 «
358 1692 422 1733 Ex
443 1697 569 1732 utero
586 1689 603 1730 ⁶?
619 1706 640 1729 »
668 1691 735 1732 Ex
767 1696 957 1742 secreto,
983 1701 1037 1730 ex
1063 1685 1238 1731 occuito
1260 1706 1271 1743 3
1304 1684 1358 1728 de
1380 1699 1450 1728 me

58 1762 168 1821 ipso,
183 1761 238 1805 de
261 1761 500 1805 substantia
524 1775 648 1817 mea3
672 1761 756 1804 hoc
778 1768 858 1814 est,
878 1778 899 1800 «
912 1761 976 1803 Ex
1000 1767 1152 1802 utero:
1176 1757 1280 1817 quia
1295 1790 1306 1812 ‚
1331 1774 1352 1798 «
1369 1757 1453 1800 Ge-

60 1850 82 1873 »
117 1832 388 1877 nerationem
422 1832 514 1890 ejus
542 1830 640 1890 quis
673 1830 958 1874 enarrabit⁵P
989 1848 1009 1870 »
1040 1828 1318 1888 Accipiamus
1345 1842 1450 1886 ergo

58 1908 230 1949 Patrem
262 1903 479 1948 dicentem
509 1901 564 1946 ad
599 1901 789 1946 Filium:
823 1920 841 1942 «
863 1904 927 1946 Ex
944 1909 1070 1945 utero
1093 1909 1193 1944 ante
1214 1897 1450 1943 luciferum

60 1994 81 2017 »
118 1976 246 2033 genui
267 1984 324 2018 te.
351 1992 371 2015 »
397 1972 514 2026 Quid
535 1982 600 2017 est
621 1989 746 2032 ergo,
775 1992 796 2015 «
811 1976 924 2017 Ante
940 1970 1207 2017 luciferum?
1232 1990 1252 2012 »
1274 1969 1450 2014 Lucifer

58 2062 138 2107 pro
159 2045 371 2090 sideribus
392 2045 557 2104 positus
580 2053 643 2088 est
659 2079 669 2099 ,
696 2053 906 2104 tanquam
928 2059 952 2088 a
973 2052 1095 2102 parte
1117 2051 1259 2087 totum
1284 2040 1450 2099 signifi-

58 2126 183 2162 cante
208 2117 429 2176 Scriptura
444 2150 454 2170 ,
480 2124 524 2159 et
548 2130 599 2159 ex
626 2115 835 2159 eminenti
857 2114 980 2159 stella
1005 2115 1150 2159 omnia
1170 2113 1324 2158 sidera.
1365 2110 1449 2156 Sed

57 2187 130 2232 illa
149 2186 289 2232 sidera
311 2185 534 2247 quomodo
557 2184 671 2230 facta
693 2187 825 2229 sunt?
854 2203 874 2226 (ι
898 2187 956 2229 Ut
983 2184 1068 2229 sint
1092 2185 1139 2228 in
1160 2183 1292 2242 signis
1312 2218 1322 2238 ,
1343 2191 1385 2226 et
1401 2181 1448 2224 in

61 2277 82 2300 »
118 2258 413 2318 temporibus,
432 2266 476 2301 et
493 2257 540 2300 in
563 2256 716 2300 diebus
732 2291 742 2311 ,
768 2265 811 2300 et
832 2256 878 2300 in
900 2256 1064 2299 annisss.
1091 2273 1112 2297 »
1142 2255 1185 2301 Si
1207 2269 1310 2313 ergo
1342 2261 1386 2296 et
1401 2251 1447 2295 in

59 2330 189 2388 signis
212 2339 255 2373 et
274 2330 320 2374 in
343 2328 614 2389 temporibus
635 2329 773 2388 posita
793 2337 895 2372 sunt
917 2327 1055 2371 sidera
1072 2362 1082 2382 ‚
1107 2336 1150 2371 et
1178 2323 1334 2370 lucifer
1361 2338 1446 2367 no-

59 2401 249 2445 minatus
278 2410 342 2445 est
365 2416 442 2461 pro
468 2400 707 2458 sideribus3
735 2400 856 2460 quod
877 2407 941 2444 est
962 2408 1062 2444 ante
1082 2397 1337 2451 luciferum,
1363 2395 1447 2439 hoc

108 2505 118 2522 1
137 2498 334 2531 Matt11.xxv
348 2523 358 2540 ‚
379 2497 432 2541 34.
456 2514 498 2520 -
525 2497 710 2539 ²1bid.46.
735 2514 776 2521 —
805 2496 818 2520 3
842 2499 934 2530 Joan.
953 2508 1043 2540 xvn,
1059 2497 1089 2529 3.
1114 2493 1186 2525 -4
1204 2494 1251 2527 Id.
1269 2505 1303 2535 1,
1332 2495 1382 2526 18.
1417 2512 1446 2518 -

64 2552 166 2587 51511'1‘.
186 2565 257 2596 uu,
281 2553 314 2588 8.
331 2570 372 2577 -
392 2551 408 2576 6
425 2555 504 2586 Gen.
524 2564 549 2595 1,
572 2552 622 2594 14.
