1848 3261
385 206 438 246 88
808 214 842 245 s.
877 212 1107 247 Aucus-nm
1138 217 1335 245 Emscom.

379 282 527 327 locum
568 281 615 327 in
647 290 920 327 testamento.
955 283 1113 328 «Sicut
1139 282 1366 327 miseratur
1387 291 1510 343 pater
1540 283 1676 340 filios,
1703 283 1762 329 sic

384 372 402 392 »
438 353 663 397 miseratus
685 362 748 397 est
770 354 980 398 Dominus
1002 354 1201 398 timentes
1224 369 1338 398 eum.
1366 371 1386 395 »

437 426 559 468 XXI.
578 424 793 477 Quoniam
811 424 901 483 ipse
923 425 1126 483 cognovit
1142 425 1398 483 figmentum
1422 427 1696 470 nostrum12»
1718 425 1764 470 id

379 502 459 549 est,
474 493 770 537 infirmitatem
779 503 984 538 nostram.
997 495 1126 539 Novit
1136 493 1242 554 quid
1252 493 1416 549 fecerit,
1437 494 1658 555 quomodo
1670 494 1765 555 lap-

378 579 475 608 sum
497 565 551 609 sit
565 600 576 619 ‚
596 564 818 625 quomodo
832 565 1114 610 reficiendum
1132 566 1206 619 sit,
1228 565 1449 625 quomodo
1463 565 1763 626 adoptandum

379 635 448 689 sit,
466 634 687 694 quomodo
700 634 930 678 ditandum
942 635 1008 679 sit.
1025 634 1248 680 Eccel'acti
1261 651 1409 679 sumus
1424 635 1616 681 delimo:
1633 655 1653 678 «
1671 637 1766 680 Pri-

380 721 505 749 »mus
517 706 649 749 homo
658 704 712 748 de
721 714 850 759 terra,
867 715 1079 762 terrenus3
1092 705 1307 750 sccundus
1318 707 1450 751 homo
1465 707 1518 750 de
1532 706 1662 761 coelo,
1680 723 1766 751 coc-

376 775 494 820 lestis
507 779 541 820 2.
560 794 580 817 »
597 776 768 820 Misitet
781 775 940 819 Filium
954 791 1098 830 suum,
1119 776 1195 836 qui
1216 777 1356 821 factus
1371 786 1434 820 est
1455 777 1671 821 secundus
1689 777 1766 821 ho-

377 861 467 901 mo,
485 847 560 906 qui
579 855 678 890 ante
691 846 835 890 onmia
848 849 978 890 Deus.
998 846 1224 891 Secundus
1241 847 1408 891 enimin
1419 847 1626 902 adventu,
1648 847 1766 907 prior

378 917 423 960 in
435 916 606 961 reditu:
624 925 720 976 post
738 915 899 961 multos
917 925 1115 962 mortuus
1135 926 1213 972 est,
1232 927 1331 963 ante
1349 933 1498 962 omnes
1515 919 1760 962 resurrexit.

381 1005 402 1029 «
428 990 525 1048 Ipse
547 987 751 1045 cognovit
772 988 1032 1046 figmentum
1050 997 1262 1033 nostrum.
1284 1010 1301 1030 »
1328 988 1458 1042 Quod
1482 990 1765 1048 figmentum?

376 1060 478 1103 Nos.
515 1056 641 1103 Unde
678 1057 889 1117 loqueriS,
923 1058 1024 1116 quia
1052 1059 1280 1117 cognovit?
1303 1060 1413 1113 Quia
1436 1061 1660 1104 miseratus
1683 1068 1762 1104 cst.

382 1147 403 1171 «
437 1131 659 1172 Memento
686 1127 788 1187 quia
809 1125 952 1185 pulvis
989 1143 1151 1171 sumus.
1181 1147 1201 1169 »
1239 1128 1308 1172 Ad
1332 1130 1474 1187 ipsum
1496 1132 1635 1173 Deum
1658 1145 1766 1174 con-

376 1214 524 1244 versus
563 1199 644 1254 ait,
675 1200 960 1253 «Memento,
984 1216 1004 1239 »
1042 1198 1165 1258 quasi
1202 1197 1480 1242 obliviscatur
1510 1203 1624 1244 Deus
1667 1220 1675 1244 :
1707 1201 1766 1244 sic

378 1269 617 1328 cognoscit,
635 1268 693 1312 sic
708 1268 846 1322 novit,
863 1276 913 1312 ut
924 1283 1012 1312 non
1022 1267 1316 1312 obliviscatur.
1337 1269 1421 1313 Sed
1438 1268 1546 1329 quid
1559 1279 1635 1322 est,
1653 1272 1767 1315 «Me-

377 1341 552 1383 mento?
580 1359 597 1380 »
638 1342 886 1383 Perseveret
923 1354 1024 1397 erga
1057 1355 1135 1383 nos
1157 1339 1446 1384 misericordia
1471 1349 1560 1384 tua.
1588 1343 1767 1400 Cogno-

376 1410 475 1455 visti
496 1411 754 1469 figmentum
778 1417 977 1453 nostrum
1003 1409 1195 1469 quodam
1218 1409 1349 1455 modo
1375 1430 1384 1455 ε
1411 1426 1466 1454 ne
1502 1410 1767 1457 obliviscaris

377 1481 637 1539 figmentum
655 1489 869 1535 nostrum,
892 1495 946 1523 ne
962 1479 1271 1525 obliviscamur
1289 1481 1470 1540 gratiam
1486 1490 1622 1526 tuam.
1648 1486 1768 1528 «Me-

380 1569 401 1592 »
438 1561 587 1596 mento
605 1552 707 1612 quia
727 1550 870 1611 pulvis
892 1566 1056 1595 sumus.
1083 1570 1102 1592 »

433 1625 562 1666 XXII
621 1641 638 1663 «
672 1624 814 1666 Homo
840 1656 850 1677 ,
881 1630 1092 1683 tanquam
1131 1622 1300 1667 foenum
1333 1622 1423 1668 dies
1445 1623 1600 1669 illiusss.
1629 1642 1648 1666 »
1683 1628 1766 1670 At-

380 1692 530 1738 tendat
552 1691 660 1753 quid
691 1692 743 1735 sit
764 1692 924 1750 homo3
959 1708 1049 1737 non
1071 1693 1293 1752 superbiat
1314 1695 1447 1739 homo
1473 1715 1481 1739 :
1507 1698 1766 1756 «Tanquam

383 1784 401 1805 »
437 1762 611 1807 foenum
653 1761 744 1806 dies
777 1761 939 1806 illius3.
971 1781 991 1804 »
1040 1763 1151 1816 Quid
1184 1764 1380 1824 superbit
1423 1764 1593 1808 foenum
1634 1766 1767 1811 modo

379 1835 537 1878 florens
554 1869 564 1888 ‚
591 1843 691 1893 post
713 1833 941 1893 paululum
976 1836 1202 1886 arescens?
1240 1835 1352 1888 Quid
1379 1836 1573 1896 superbit
1594 1835 1766 1881 foenum

377 1904 432 1949 ad
472 1914 643 1963 tempus
679 1905 849 1960 virens,
895 1915 939 1950 et
975 1906 1058 1950 hoc
1094 1905 1149 1950 ad
1191 1921 1373 1965 parvum
1402 1916 1595 1967 tempus,
1627 1907 1766 1953 donec

377 1974 441 2019 sol
474 1974 731 2019 candescat?
754 1978 925 2019 Bonum
951 1985 1013 2020 est
1050 1991 1153 2035 ergo
1188 1977 1313 2021 nobis
1335 2012 1345 2031 ‚
1386 1987 1436 2021 ut
1473 1978 1766 2023 misericordia

375 2045 509 2105 ipsius
552 2045 607 2089 sit
643 2061 771 2105 super
808 2062 912 2101 nos,
944 2055 987 2089 et
1026 2047 1081 2091 dc
1109 2046 1230 2092 foeno
1260 2063 1415 2092 aurum
1450 2047 1593 2092 faciat.
1626 2052 1763 2104 Nam,

381 2137 401 2159 «
437 2120 580 2161 Homo
601 2152 611 2172 ‚
652 2126 861 2177 tanquam
898 2117 1069 2162 foenum
1106 2119 1195 2162 dies
1236 2120 1348 2179 ejus3
1386 2120 1497 2164 sicut
1528 2121 1608 2164 flos
1647 2121 1764 2179 agri,

380 2206 400 2228 »
436 2187 495 2231 ita
518 2188 748 2231 efflorebit.
777 2206 796 2228 »
825 2191 957 2232 Totus
982 2187 1187 2248 splendor
1205 2189 1370 2247 generis
1392 2189 1573 2233 humani
1590 2225 1600 2245 ‚
1622 2191 1766 2235 hono-

377 2272 442 2301 res
460 2293 471 2312 ,
492 2266 725 2317 potestates
742 2293 753 2314 ⁷
779 2256 957 2313 divitiae,
983 2259 1126 2318 typhi,
1152 2259 1297 2314 minae,
1322 2260 1401 2303 flos
1424 2259 1533 2303 foeni
1552 2270 1630 2304 est.
1660 2261 1765 2305 Flo-

377 2336 442 2371 rct
467 2326 539 2371 illa
563 2327 718 2372 domus
734 2363 751 2384 ,
774 2337 817 2371 ct
840 2343 997 2387 magna
1018 2329 1092 2373 illa
1114 2328 1268 2373 domus
1287 2348 1295 2374 :
1323 2330 1449 2374 floret
1473 2330 1546 2374 illa
1572 2331 1733 2375 familia
1750 2367 1761 2386 ‚

377 2407 420 2442 ct
443 2413 575 2457 quam
604 2398 733 2443 multi
764 2399 948 2455 florent,
985 2409 1059 2444 aut
1091 2415 1222 2460 quam
1255 2400 1401 2444 multis
1427 2402 1548 2445 annis
1581 2402 1759 2446 vivunt!

424 2511 434 2527 ¹
465 2504 543 2539 Psal.
563 2515 621 2548 cn,
639 2504 691 2549 14.
709 2523 750 2529 -—-
768 2512 779 2528 ²
806 2518 816 2538 1
839 2508 909 2540 Cor.
930 2517 986 2549 xv,
1006 2506 1059 2549 47.
1088 2525 1125 2530 -
1152 2505 1262 2539 3Psal.
1280 2519 1331 2549 cn,
1357 2509 1404 2540 15.
