1848 3261
390 246 631 280 ENARRATIO
662 251 707 278 nv
740 247 942 278 PsALMvM
971 251 1054 278 civ.
1333 243 1418 281 209

45 338 64 361 »
99 331 211 362 rum.
228 316 357 361 Dedit
375 325 533 361 terram
550 333 700 362 eorum
721 331 861 371 ranas,
885 315 932 359 in
952 316 1245 376 penetralibus
1266 333 1421 378 regum

45 407 64 430 »
98 388 304 448 ipsorum.
330 387 441 432 Dixit
464 396 506 431 et
530 388 648 432 venit
666 387 913 445 cynomyia,
939 395 981 430 et
1002 386 1231 447 sciniphes,
1257 387 1304 431 in
1325 405 1422 433 om-

45 478 64 501 »
99 458 228 502 nibus
249 457 410 502 finibus
433 473 598 502 eorum.
624 457 772 502 Posuit
792 456 960 516 pluvias
977 473 1128 502 eorum
1152 457 1424 517 grandinem,

46 549 65 571 »
99 529 243 586 ignem
267 528 597 573 comburentem
619 528 665 572 in
687 537 800 572 terra
823 527 1031 587 ipsorum.
1054 531 1112 572 Et
1133 528 1343 588 percussit
1358 529 1426 573 vi-

47 621 66 643 »
101 616 202 645 neas
225 615 391 656 eorum,
413 610 456 645 et
476 600 681 644 ficulneas
704 615 852 644 eorum
872 635 882 655 ,
910 609 953 644 et
974 601 1179 645 contrivit
1200 616 1329 645 omne
1351 601 1430 660 lig-

49 692 67 715 »
102 687 208 716 num
229 672 381 716 finium
400 688 566 717 corum.
592 672 727 727 Dixit,
754 681 797 716 et
818 672 938 716 venit
959 672 1125 717 locusta
1145 681 1187 717 et
1208 674 1401 718 bruchus
1416 708 1427 728 ,

50 763 68 785 »
104 743 227 802 cujus
249 757 339 787 non
366 752 457 787 erat
490 757 710 786 numerus.
739 746 795 787 Et
818 741 1007 787 comedit
1028 758 1157 788 omne
1186 742 1359 789 foenum
1386 744 1432 788 in

51 833 69 855 »
104 821 218 856 terra
235 827 408 868 eorum,
434 821 479 856 et
498 812 688 857 comedit
704 828 878 857 omnem
901 811 1095 858 fructum
1114 823 1239 859 terrae
1262 830 1429 860 eorum.

51 904 70 926 »
104 887 162 928 Et
182 884 392 943 percussit
419 899 548 928 omne
574 884 913 944 primogenitum
935 884 982 928 in
1003 893 1116 930 terra
1138 901 1315 943 eorum,
1342 887 1434 947 pri-

52 975 70 998 »
105 955 247 999 mitias
265 955 404 1000 omnis
419 954 580 1000 laboris
597 971 763 1000 eorum.
785 958 844 1000 Et
864 954 1014 1000 eduxit
1036 972 1107 1001 eos
1124 957 1170 1002 in
1188 967 1369 1016 argento
1392 968 1435 1002 et

53 1045 72 1067 »
108 1041 237 1080 auro,
263 1034 306 1069 et
326 1041 416 1070 non
439 1035 530 1070 erat
560 1026 605 1070 in
636 1026 838 1069 tribubus
861 1041 1012 1070 eorum
1031 1027 1244 1072 infirmus.
1271 1031 1438 1073 Laetata

54 1118 73 1140 »
108 1105 173 1141 est
187 1099 405 1156 AEgyptus
426 1097 471 1141 in
492 1096 764 1155 profectione
786 1097 1069 1157 eorum,quia
1090 1099 1291 1143 incubuit
1307 1100 1440 1144 timor

55 1188 73 1211 »
111 1183 262 1213 eorum
284 1183 413 1228 super
434 1183 505 1212 eos
522 1170 551 1211 ¹.
569 1187 586 1210 »
609 1171 722 1212 Ecce
740 1167 963 1228 quomodo
984 1169 1200 1229 populum
1217 1186 1345 1216 suum
1364 1172 1440 1216 fir-

50 1239 185 1283 mavit
203 1254 331 1297 super
348 1238 544 1282 inimicos
567 1239 674 1298 ejus.

110 1312 205 1354 XL.
230 1311 343 1354 Cum
374 1318 520 1353 autem
552 1309 734 1353 inimicis
757 1324 908 1354 eorum
934 1311 1012 1356 ista
1033 1310 1147 1355 mala
1164 1311 1328 1372 justitia
1351 1313 1442 1373 ejus

53 1379 289 1438 inflixerit,
320 1395 420 1440 quae
447 1379 549 1439 ipsis
574 1378 726 1437 largita
760 1380 814 1424 sit
842 1380 971 1425 etiam
999 1381 1255 1441 temporalia
1276 1383 1444 1427 miseri-

56 1451 203 1496 cordia
224 1452 316 1511 ejus
339 1451 518 1510 accipite
542 1469 551 1495 :
590 1468 606 1489 «
634 1448 853 1509 Expandit
875 1451 1038 1495 nubem
1060 1452 1105 1495 in
1129 1453 1445 1512 protectionem

61 1542 80 1565 »
115 1537 263 1567 eorum
281 1556 292 1577 ,
318 1530 362 1565 ct
382 1522 527 1580 ignem
544 1530 594 1565 ut
612 1520 778 1565 luceret
800 1521 858 1565 eis
879 1537 955 1580 per
976 1532 1166 1567 noctem.
1194 1524 1442 1580 Petierunt,

63 1614 81 1637 »
116 1603 160 1638 et
181 1592 301 1637 venit
324 1594 524 1637 coturnix
539 1626 550 1646 ,
577 1600 617 1635 et
648 1607 758 1651 pane
781 1591 881 1636 coeli
910 1593 1118 1638 saturavit·
1139 1610 1226 1639 eos.
1253 1595 1446 1656 Disrupit

64 1685 81 1706 »
116 1672 284 1723 petram
303 1697 314 1717 ,
340 1671 384 1706 et
405 1663 625 1706 fluxerunt
646 1678 792 1722 aquae,
817 1662 1021 1707 abierunt
1041 1664 1086 1707 in
1109 1664 1220 1709 sicco
1244 1665 1442 1710 flumina.

65 1754 83 1777 »
119 1733 335 1788 Quoniam
364 1748 530 1777 memor
550 1731 636 1776 fuit
663 1732 784 1777 verbi
807 1733 942 1776 sancti
963 1734 1056 1788 sui,
1083 1734 1203 1794 quod
1221 1736 1375 1781 habuit
1393 1737 1448 1781 ad

66 1824 84 1847 »
119 1804 341 1849 Abraham
362 1818 548 1863 puerum
574 1818 715 1847 suum.
745 1805 802 1847 Et
827 1803 979 1848 eduxit
1007 1805 1220 1864 populum
1252 1822 1380 1851 suum
1403 1808 1449 1851 in

68 1895 86 1916 »
122 1873 406 1927 exultatione,
434 1882 478 1917 et
494 1872 652 1917 electos
675 1888 773 1917 suos
795 1873 841 1917 in
861 1872 1024 1918 laet'itia.
1051 1878 1107 1919 Et
1130 1875 1250 1921 dedit
1273 1876 1355 1922 illis
1379 1894 1448 1921 re-

69 1966 87 1988 »
124 1946 271 2005 giones
294 1944 489 2004 gentium
504 1980 514 2000 ,
541 1953 585 1988 et
604 1944 774 1989 labores
797 1945 1060 2004 populorum
1083 1946 1409 2006 possederunt2.
1430 1970 1447 1990 »

64 2019 163 2062 Non
184 2025 234 2059 ut
257 2024 432 2075 propter
448 2015 527 2059 ista
544 2030 644 2058 eum
663 2014 808 2059 colant
823 2050 833 2069 ,
858 2014 933 2059 sed
954 2025 1004 2060 ut
1025 2031 1072 2060 ea
1096 2033 1274 2078 quoque
1296 2018 1351 2063 ad
1368 2019 1452 2064 bo-

65 2102 174 2132 num
196 2095 407 2130 aetcrnum
430 2085 619 2130 referant
636 2095 767 2147 atquc
787 2096 1057 2143 convertant,
1075 2088 1121 2132 id
1138 2099 1216 2145 est,
1237 2108 1253 2130 «
1279 2093 1335 2135 Ut
1357 2107 1455 2136 cus-

72 2179 90 2200 »
126 2157 296 2202 todiant
313 2157 642 2218 justificationes
665 2163 776 2213 ejus,
802 2167 845 2202 et
860 2158 1000 2216 legem
1022 2160 1112 2220 ejus
1131 2161 1356 2221 requirant
1371 2163 1402 2207 ³.
1431 2184 1449 2205 »

69 2231 368 2288 Quaecumque
389 2228 521 2287 igitur
539 2228 621 2272 alia
646 2228 762 2274 bona
785 2229 859 2273 dat
875 2233 1010 2287 Deus,
1036 2231 1263 2278 referenda
1279 2243 1382 2279 sunt
1400 2235 1455 2279 ad

72 2301 309 2359 gratuitum
344 2299 512 2344 cultum
545 2301 667 2360 ejus:
698 2300 790 2359 ipsc
820 2310 967 2345 autem
996 2302 1139 2348 cultus
1162 2305 1251 2364 ejus
1274 2321 1363 2350 non
1394 2314 1458 2350 est

72 2370 325 2416 referendus
348 2371 403 2415 ad
424 2371 503 2416 alia
526 2372 641 2417 bona
659 2408 670 2427 ,
696 2389 795 2433 quae
817 2372 891 2417 dat
914 2376 1027 2419 Deus
1055 2394 1063 2420 ε
1096 2385 1202 2420 tunc
1232 2377 1347 2421 enim
1379 2378 1459 2422 erit

75 2443 301 2502 gratuitus.
329 2442 397 2487 Ad
418 2442 540 2503 quod
560 2447 777 2487 certamen
800 2458 1038 2503 provocans
1059 2446 1193 2492 hostis
1212 2481 1223 2503 ,
1245 2463 1372 2493 ausus
1397 2457 1460 2493 est

124 2559 132 2576 ¹
151 2552 231 2585 Psal.
249 2563 309 2593 civ,
328 2551 438 2595 22'5—38.
455 2569 496 2577 -
515 2559 527 2575 ²
546 2551 628 2584 Ibid.
648 2550 758 2594 39-44.
782 2567 821 2574 --
843 2549 947 2585 3Ibid.
967 2552 1020 2595 45.

240 2629 395 2658 cxviii,
1226 2619 1273 2659 1-ἰ
