1848 3261
411 259 654 290 ENAnnAno
686 262 732 290 ΙΝ
763 258 966 289 PSALMUM
996 261 1080 288 ειν.
1352 250 1432 289 201

55 328 129 384 do,
147 327 222 372 sed
245 326 410 387 populo
431 343 509 371 suo
530 325 861 381 benefaciendo,
881 341 955 370 cor
977 323 1151 369 illorum
1167 333 1321 384 sponte
1341 340 1437 370 ma-

54 398 148 443 lum
170 398 384 443 convertit
405 398 456 441 ad
482 397 647 443 odium.
667 400 765 443 Non
783 397 898 440 enirn
922 404 1087 439 rectum
1110 410 1184 439 cor
1204 397 1435 453 pervertit,

54 468 130 514 sed
146 477 299 528 sponte
320 484 571 528 perversum
589 470 644 513 ad
666 468 815 513 odium
833 465 1001 526 populi,
1021 466 1099 509 ubi
1122 481 1173 510 eo
1194 464 1309 509 malo
1327 466 1439 510 bene

53 550 275 596 uteretur,
313 541 527 585 convertit
557 560 565 585 ε
591 556 680 584 non
711 538 807 583 illos
838 538 973 582 malos
1007 536 1227 591 faciendo,
1253 536 1329 580 sed
1348 537 1439 581 istis

53 612 169 656 bona
187 647 197 667 ,
218 612 378 672 quibus
401 611 503 655 mali
521 609 728 656 facillime
747 618 922 669 possent
944 607 1138 651 invidere
1157 643 1167 662 ,
1193 606 1434 666 largiendo.

12 695 17 699 ’
55 685 152 736 Quo
170 682 347 727 illorum
369 682 469 727 odio
485 717 496 738 ‚
518 691 560 726 et
583 680 638 725 ad
659 680 1007 725 exercitationem
1028 678 1180 739 populi
1203 678 1295 734 sui,
1324 686 1366 721 et
1384 677 1440 722 ad

55 753 237 813 gloriam
264 754 450 797 nominis
481 754 576 808 sui,
608 768 707 813 quae
729 751 855 796 nobis
887 760 950 794 est
973 749 1115 805 utilis,
1141 748 1364 809 quomodo
1387 748 1440 792 sit

54 839 156 868 usus
173 859 184 879 ,
227 824 536 884 consequentia
560 824 721 868 docent
743 841 751 868 2
784 837 882 882 quae
913 821 960 865 in
984 821 1074 881 ejus
1095 819 1225 864 laude
1247 834 1440 865 comme-

53 903 280 939 morantur
295 930 305 950 ,
326 910 426 939 cum
446 903 644 938 cantatur
666 893 868 938 Alleluia.

111 968 279 1010 XVIII.
309 985 329 1008 «
353 966 470 1010 Misit
490 968 672 1023 Moysen
688 980 859 1009 servum
880 978 1025 1018 suum,
1042 965 1187 1007 Aaron
1205 977 1337 1023 quem
1358 961 1442 1006 ele-

56 1053 77 1077 »
115 1037 177 1096 git
196 1037 383 1096 ipsum¹.
413 1055 432 1077 »
457 1036 683 1081 Sufficeret
699 1070 709 1090 ‚
741 1054 760 1076 «
786 1038 926 1087 Quem
945 1033 1093 1091 elegit:
1123 1052 1143 1074 »
1169 1033 1245 1077 sed
1269 1032 1378 1076 nihil
1395 1033 1440 1076 in

53 1122 105 1151 eo
126 1105 411 1167 quaerendum
430 1115 518 1160 est,
541 1106 662 1165 quod
681 1104 879 1149 additum
900 1113 983 1159 est,
1007 1122 1027 1145 «
1054 1107 1218 1163 Ipsum.
1242 1121 1263 1145 »
1295 1107 1439 1148 Locu-

53 1178 114 1222 tio
149 1178 469 1237 Scripturarum
496 1185 583 1231 est,
609 1176 736 1219 sicuti
761 1184 846 1230 est,
882 1194 902 1217 «
924 1177 976 1218 In
997 1191 1084 1234 qua
1104 1175 1372 1219 habitabunt
1394 1174 1440 1219 in

55 1265 76 1289 >›
112 1251 192 1291 ea2
214 1266 222 1291 ς
245 1265 266 1288 ³)
293 1263 380 1306 qua
396 1246 618 1290 locutione
641 1245 800 1290 divinae
818 1245 989 1305 paginae
1012 1245 1153 1305 plenae
1175 1254 1291 1289 sunt.

111 1320 234 1363 XIX.
265 1337 282 1358 «
310 1318 459 1362 Posuit
479 1318 526 1361 in
545 1318 603 1361 eis
624 1317 757 1361 verba
777 1317 997 1375 signorum
1025 1332 1203 1361 suorum
1225 1325 1267 1360 et
1288 1316 1440 1376 prodi-

55 1407 77 1432 »
112 1390 280 1447 giorum
307 1389 352 1433 in
374 1398 486 1432 terra
508 1389 646 1433 Cham
662 1390 693 1432 ³.
722 1406 742 1429 »
768 1390 865 1433 Non
888 1389 946 1432 ita
980 1387 1191 1432 debemus
1214 1388 1435 1447 accipere,

57 1479 78 1503 «
111 1460 255 1504 Verba
273 1460 494 1518 signorum
514 1468 556 1503 et
574 1458 896 1519 prodigiorum,
919 1477 939 1499 >›
962 1459 1085 1519 quasi
1102 1458 1235 1503 verba
1249 1494 1259 1513 ,
1280 1458 1439 1518 quibus

51 1531 194 1576 verbis
216 1532 370 1574 fierent
390 1531 508 1588 signa
531 1539 573 1574 et
602 1529 819 1590 prodigia,
848 1528 894 1573 id
924 1539 986 1573 est
1003 1565 1013 1583 ,
1045 1545 1144 1589 quae
1168 1529 1363 1573 dicerent
1390 1538 1440 1574 ut

52 1602 206 1646 fierent
222 1602 342 1661 signa
358 1610 400 1645 et
413 1600 623 1659 prodigia.
637 1598 773 1644 Multa
792 1599 909 1643 enim
925 1600 1016 1643 sine
1029 1600 1170 1644 verbis
1188 1598 1300 1644 facta
1319 1608 1436 1655 sunt,

51 1672 122 1718 vel
152 1673 271 1731 virga
285 1708 295 1728 ,
321 1671 390 1716 vel
412 1687 546 1715 manu
568 1680 739 1715 extenta
755 1706 766 1726 ,
789 1669 860 1715 vel
881 1669 1026 1715 favilla
1050 1671 1095 1714 in
1116 1671 1277 1715 coelum
1295 1672 1436 1715 missa.

55 1745 140 1791 Sed
162 1745 263 1805 quia
286 1744 359 1788 illa
380 1745 487 1803 ipsa,
505 1760 603 1805 quee
626 1743 739 1787 facta
762 1752 884 1798 sunt,
901 1759 990 1787 non
1012 1752 1135 1787 erant
1154 1742 1335 1803 alicujus
1354 1743 1441 1802 sig-

52 1816 310 1860 nificationis
333 1816 479 1859 inania
495 1851 506 1870 ,
535 1816 645 1859 sicut
667 1823 709 1858 et
731 1815 863 1859 verba
884 1831 983 1875 quae
1004 1814 1226 1874 loquimur
1245 1835 1254 1871 3
1281 1814 1379 1859 ideo
1397 1823 1441 1859 et

53 1887 144 1947 ipsa
166 1887 280 1931 dicta
303 1895 404 1931 sunt
424 1886 556 1930 verba
573 1921 583 1941 ,
603 1901 693 1930 non
709 1901 868 1930 vocum
891 1895 933 1929 et
954 1901 1177 1940 sonorum,
1195 1885 1271 1929 sed
1293 1886 1440 1944 signo-

54 1974 152 2003 rum
174 1968 216 2002 et
238 1957 583 2018 prodigiorum.«
600 1957 749 2001 Posuit
770 1958 814 2001 in
833 1958 906 2012 eis,
930 1947 949 1998 >i
967 1957 1009 2001 id
1029 1966 1115 2011 est,
1136 1955 1237 2001 fecit
1258 1972 1335 2017 per
1350 1972 1436 2002 eos,

112 2031 212 2072 XX.
245 2047 264 2070 «
286 2028 402 2072 Misit
419 2027 617 2072 tenebras
635 2063 644 2082 ,
670 2037 712 2071 et
730 2027 1016 2072 obscuravit&
1033 2048 1051 2069 »
1080 2029 1294 2088 Scriptum
1314 2038 1378 2073 est
1399 2037 1442 2072 et

52 2100 136 2144 hoc
159 2100 272 2143 inter
294 2098 456 2158 plagas,
475 2099 634 2159 quibus
654 2099 849 2158 AEgypiii
870 2099 1060 2159 percussi
1082 2108 1198 2143 sunt.
1216 2099 1345 2153 Quod
1368 2116 1443 2143 au-

54 2179 142 2215 tem
160 2170 372 2230 sequitur,
393 2169 438 2212 in
456 2168 631 2213 diversis
654 2169 877 2214 codicibus
895 2170 1011 2214 varie
1028 2169 1200 2228 legitur.
1214 2169 1299 2214 Alii
1322 2186 1442 2214 nam-

53 2256 139 2301 que
166 2240 363 2283 habent:
395 2259 413 2280 «
445 2242 502 2283 Et
534 2240 900 2284 exacerbaverunt
924 2255 1142 2284 sermones
1174 2241 1278 2300 ejus.
1309 2259 1329 2281 »
1356 2240 1442 2284 Alii

53 2326 177 2364 vero,
203 2328 222 2351 «
242 2312 298 2353 Et
316 2324 406 2352 non
423 2309 788 2353 exacerbaverunt
810 2325 1026 2354 sermones
1049 2312 1156 2370 ejus.
1176 2329 1194 2351 n
1216 2310 1303 2355 Sed
1321 2310 1442 2371 quod

52 2381 172 2441 prius
195 2378 303 2434 dixi,
328 2380 372 2422 in
393 2379 591 2438 pluribus
620 2380 878 2424 invenimus.
912 2381 995 2425 Ubi
1023 2391 1168 2425 autem
1203 2380 1350 2425 addita
1379 2390 1442 2425 est

53 2450 254 2510 negativa
288 2450 522 2509 particula,
557 2451 630 2496 vix
660 2452 769 2495 duos
803 2451 969 2496 codices
989 2453 1212 2512 potuimus
1233 2452 1436 2512 reperire.

103 2553 112 2570 ¹
130 2546 210 2579 Psal.
231 2558 292 2587 mv,
312 2546 366 2579 26.
380 2564 422 2570 —
438 2549 554 2581 ²Num.
572 2559 641 2590 xm,
664 2557 720 2590 20,
740 2553 772 2580 ct
786 2548 890 2581 Levit.
910 2559 1005 2591 xvm,
1025 2549 1057 2589 3,
1074 2549 1166 2589 juxta
1185 2559 1258 2581 Lxx.
1279 2546 1436 2581 —3PsaL

55 2612 119 2644 civ,
137 2611 191 2645 27.
215 2619 257 2625 —
273 2600 460 2636 41bid.28.
