1848 3261
412 229 490 266 130
831 241 862 269 s.
899 242 923 268 A
932 245 1128 270 UGUSTtNl
1162 245 1343 270 EPISCOPI

405 321 424 343 n
457 301 654 361 loquitur
683 304 983 360 mendacium,
1015 305 1070 350 de
1106 321 1184 350 suo
1217 305 1414 366 loquitur
1434 308 1466 349 ¹.
1498 324 1517 348 »
1551 310 1704 365 Itaque
1735 319 1791 349 ne

399 371 667 430 acciperetur
688 374 843 435 aliquis
882 390 1005 420 mons
1027 392 1117 420 non
1149 375 1203 419 de
1225 376 1394 430 medio,
1423 377 1499 421 sed
1520 376 1575 419 de
1597 391 1674 419 suo
1699 389 1793 418 ma—

400 456 531 496 nans,
577 442 638 488 ait
659 444 894 504 Apostolus
923 465 932 490 :
984 465 1004 488 «
1035 446 1242 505 Quisquis
1278 446 1401 490 vobis
1433 444 1794 504 evangelizaverit

401 530 422 552 »
456 525 751 576 praeterquam
773 514 894 575 quod
927 517 1171 576 accepistis,
1194 516 1423 559 anathema
1448 517 1544 560 sit2.
1572 535 1592 556 »
1616 519 1673 559 Et
1692 514 1794 559 vide

401 585 773 649 quemadmodum
788 586 979 631 noluerit
992 586 1047 630 de
1065 596 1213 631 monte
1230 586 1433 646 praesumi
1450 605 1458 629 :
1474 601 1530 629 ne
1544 584 1657 630 forte
1668 599 1794 630 mons

407 658 599 703 discedat
633 656 688 701 ab
721 658 843 717 aquis
871 672 948 716 per
980 657 1175 701 medium
1208 657 1509 711 currentibus,
1546 666 1590 700 et
1629 654 1795 715 aliquid

404 730 631 790 proprium
666 728 774 772 velit
810 728 1010 772 influere.
1039 748 1060 771 «
1085 729 1206 772 Licet
1230 729 1263 772 si
1299 743 1377 772 nos
1404 747 1412 772 :
1442 746 1461 768 υ
1489 730 1570 783 (Et
1605 735 1796 786 quantus

404 817 529 846 mons
550 800 657 845 dixit
676 801 784 844 hoc!
806 816 939 860 quam
960 800 1178 843 uberrime
1200 816 1312 859 aqua
1335 799 1501 843 fluebat
1521 798 1576 842 de
1598 796 1795 842 convalle

405 873 518 933 ejus!
543 875 705 916 Tamen
726 872 809 917 hoc
825 871 1002 916 volebat
1019 881 1068 915 ut
1086 871 1251 916 medios
1267 871 1378 915 inter
1395 880 1564 915 montes
1584 877 1792 925 curreret,

405 953 448 988 et
469 943 530 987 ibi
549 952 658 987 esset
688 942 793 987 fides
815 951 930 987 certa
953 942 1217 1002 populorum
1233 977 1243 997 ,
1264 943 1385 1002 quod
1406 942 1519 985 inter
1535 957 1579 985 se
1600 939 1796 984 medium

405 1025 535 1074 atque
553 1028 785 1057 commune
797 1012 993 1072 Apostoli
1016 1013 1273 1056 retinebant.
1297 1015 1313 1070 )
1335 1013 1491 1056 «Licet
1513 1012 1547 1055 si
1568 1026 1645 1055 nos
1661 1046 1672 1065 ,
1691 1028 1711 1051 »
1731 1010 1797 1053 in-

405 1085 515 1144 quit.
532 1086 662 1138 Ettu,
685 1082 832 1137 Paule,
852 1092 972 1142 potes
986 1082 1151 1142 aliquid
1170 1082 1293 1126 aliter
1307 1083 1569 1142 praedicare?
1587 1085 1647 1125 De
1660 1079 1796 1129 Paulo

403 1156 611 1216 quaestio,
637 1153 739 1198 audi
761 1154 885 1214 quod
902 1155 1100 1214 sequitur
1126 1173 1135 1198 z
1165 1173 1185 1195 «
1203 1155 1326 1199 Licet
1342 1154 1466 1198 sinos
1482 1189 1492 1208 ,
1516 1162 1591 1197 aut
1607 1150 1797 1209 Angelus

409 1245 428 1265 »
464 1225 519 1268 de
546 1224 659 1268 coelo
682 1224 1005 1268 annuntiaverit
1033 1224 1156 1268 vobis
1189 1233 1483 1283 praeterquam
1504 1221 1625 1282 quod
1669 1236 1796 1265 acce-

408 1315 427 1336 »
454 1295 588 1354 pistis,
614 1296 842 1338 anathema
856 1295 958 1337 sit.»
983 1294 1024 1338 Si
1038 1295 1183 1337 veniat
1200 1310 1324 1337 mons
1337 1293 1458 1337 aliud
1470 1291 1766 1349 evangelizans
1779 1326 1792 1347 ‚

406 1366 707 1409 anathemetur
731 1383 739 1408 :
765 1364 956 1407 siveniat
978 1363 1167 1421 Angelus
1192 1363 1312 1407 aliud
1335 1361 1633 1420 evangelizans
1651 1397 1663 1413 ‚
1690 1377 1797 1406 ana-

408 1437 640 1479 themetur.
666 1433 789 1478 Unde
811 1434 927 1477 hoc?
945 1433 1057 1486 Quia
1075 1433 1130 1476 de
1151 1435 1318 1492 privato
1338 1433 1435 1477 vult
1452 1433 1588 1476 fluere
1601 1467 1612 1486 ‚
1638 1447 1728 1476 non
1742 1430 1796 1476 de

410 1506 570 1549 medio.
596 1507 652 1548 Et
672 1504 755 1547 hoc
778 1503 889 1547 forte
919 1505 1053 1548 homo
1079 1502 1238 1547 carnali
1261 1503 1422 1547 nebula
1445 1502 1710 1563 praepeditus
1728 1536 1740 1557 ,
1755 1511 1799 1546 et

410 1591 433 1618 a
452 1574 572 1618 fonte
595 1573 817 1617 communi
840 1572 896 1616 ad
918 1574 1137 1632 propriam
1172 1589 1294 1617 suam
1316 1573 1548 1618 falsitatem
1572 1572 1794 1628 redactus,

410 1646 542 1706 possit
563 1646 646 1689 hoc
676 1643 816 1689 facere
845 1664 853 1688 ;
880 1645 1097 1705 numquid
1119 1654 1162 1688 et
1190 1645 1408 1704 Angelus?
1437 1647 1550 1689 Vere
1578 1643 1796 1704 numquid

410 1727 452 1761 et
481 1715 698 1774 Angelus?
734 1716 777 1760 Si
813 1716 1005 1774 Angelus
1034 1716 1089 1760 de
1122 1717 1298 1776 proprio
1332 1718 1473 1762 fluens
1514 1717 1560 1760 in
1600 1717 1798 1777 paradiso

411 1804 499 1831 non
527 1796 635 1831 esset
666 1786 859 1840 auditus,
890 1803 978 1831 non
1007 1788 1378 1847 praecipitaremur
1401 1789 1447 1832 in
1478 1797 1679 1848 mortem.
1700 1791 1798 1833 Me-

410 1859 479 1902 dia
497 1874 608 1917 aqua
626 1858 762 1917 posita
778 1867 869 1901 erat
885 1858 1155 1913 hominibus,
1172 1868 1439 1918 praeceptum
1458 1859 1535 1902 Dei
1555 1878 1563 1903 :
1585 1874 1697 1918 aqua
1711 1873 1799 1902 me-

412 1929 504 1984 dia,
537 1945 648 1988 aqua
678 1928 868 1988 quodam
897 1928 1029 1973 modo
1061 1929 1258 1988 publica,
1295 1931 1386 1974 sine
1414 1929 1567 1974 fraude
1591 1930 1764 1974 valebat
1782 1964 1794 1985 ,

413 1998 533 2058 quod
563 1997 748 2042 diximus
783 1998 994 2042 Charitati
1032 2001 1221 2055 Vestrae,
1256 2001 1346 2044 sine
1377 2001 1477 2044 labe
1493 2036 1504 2055 ,
1541 2001 1632 2045 sine
1669 2016 1798 2045 coeno
1825 2033 1827 2035 ·

413 2069 591 2112 fluebat.
611 2069 653 2113 Si
675 2069 764 2127 ipsa
787 2084 898 2128 aqua
912 2084 1080 2128 semper
1098 2069 1346 2123 biberetur,
1369 2086 1538 2130 semper
1559 2071 1794 2115 viveretur.

413 2140 543 2183 Venit
559 2138 736 2198 angelus
758 2138 901 2198 lapsus
923 2138 976 2182 de
996 2139 1136 2195 coelo,
1175 2140 1314 2184 factus
1345 2156 1541 2200 serpens,
1568 2143 1668 2200 quia
1692 2140 1798 2184 insi-

414 2209 531 2255 diose
553 2211 643 2270 jam
672 2225 837 2253 venena
869 2225 1068 2269 spargere
1096 2211 1301 2270 cupiebat
1333 2227 1342 2252 :
1379 2212 1520 2256 emisit
1550 2227 1795 2268 venenum,

415 2281 468 2325 de
497 2281 671 2340 proprio
692 2279 863 2325 locutus
885 2290 968 2335 est,
986 2280 1040 2324 de
1063 2297 1164 2339 suo3
1193 2301 1212 2323 «
1230 2282 1341 2335 Quia
1362 2283 1437 2342 qui
1458 2281 1654 2342 loquitur
1675 2298 1799 2326 men-

416 2370 436 2392 »
473 2350 669 2405 dacium,
694 2350 749 2394 (le
771 2366 848 2394 suo
870 2350 1093 2410 loquitur3
1123 2371 1132 2396 :
1159 2370 1179 2392 η
1206 2361 1249 2395 et
1267 2352 1411 2396 miseri
1435 2352 1653 2397 audiendo
1671 2352 1799 2396 dimi-

416 2430 565 2464 serunt
587 2420 707 2481 quod
720 2436 953 2465 commune
977 2432 1091 2475 erat,
1113 2421 1230 2465 unde
1248 2422 1362 2465 beati
1381 2433 1526 2480 erant,
1548 2432 1592 2467 et
1603 2422 1658 2466 ad
1670 2438 1797 2467 suum

421 2492 646 2550 proprium
670 2491 852 2546 redacti,
873 2508 973 2535 cum
994 2492 1150 2536 volunt
1173 2508 1368 2551 perverse
1401 2509 1489 2538 esse
1507 2494 1662 2537 similes
1687 2496 1793 2548 Deo,

468 2583 474 2597 ¹
495 2575 750 2617 Joan.vn1,44.
773 2593 813 2598 -
835 2583 846 2598 ²
866 2576 932 2609 Gal.
955 2589 976 2618 1,
997 2588 1028 2619 9.
1046 2594 1087 2599 —-
1104 2576 1116 2600 3
1141 2580 1230 2610 Joan
1255 2589 1326 2619 vni,
1342 2577 1395 2620 44.
