1848 3261
308 202 548 230 ENARRATio
581 204 594 228 1
627 204 669 229 IN
704 202 904 230 PsALMUM
936 203 999 238 CI,
1034 201 1171 229 SEnMo
1204 205 1233 229 1.
1386 192 1440 229 23

67 269 174 314 fides
197 303 209 324 ‚
238 269 373 328 pietas
395 303 406 324 ‚
439 268 603 328 justitia
623 301 634 321 ‚
665 267 847 311 charitas
869 301 880 320 ‚
914 266 1109 318 castitas,
1149 283 1286 312 mores
1318 268 1439 312 boni.

67 343 204 386 Nemo
223 339 339 383 enim
362 348 405 382 et
425 339 501 382 has
522 337 654 381 habet
669 373 680 392 ,
711 337 791 381 nisi
814 351 891 395 per
917 351 1015 380 eum
1040 337 1114 396 qui
1132 337 1340 396 justificat
1362 339 1444 382 im-

65 411 188 469 pium
202 411 232 452 ².
248 411 361 453 Ecce
382 423 514 468 quam
531 406 663 451 dives.
678 406 783 460 Quis
805 407 921 449 enim
937 405 1071 460 dives,
1085 406 1161 466 qui
1177 406 1308 450 habet
1325 407 1446 467 quod

66 479 161 524 vult
183 478 267 523 alio
290 478 490 534 faciente,
508 494 562 522 an
584 478 660 538 qui
682 477 786 521 facit
806 476 926 536 quod
947 475 1043 520 vult
1064 485 1107 519 et
1127 475 1211 520 alio
1233 476 1448 521 habente?

67 555 179 596 Puto
208 550 310 610 quia
341 549 470 593 ditior
501 548 599 603 ille,
631 548 707 608 qui
740 547 843 591 fecit
876 546 996 606 quod
1017 547 1180 591 habes:
1205 547 1306 607 quia
1327 548 1448 607 quod

66 620 139 664 ille
166 620 299 664 habet
320 654 330 674 ‚
356 628 406 663 tu
435 634 525 663 non
547 619 694 662 habes.
730 621 841 661 Ecce
860 633 991 677 quam
1013 617 1146 661 dives.
1179 618 1336 671 Inhoc
1358 626 1448 661 tam

66 691 201 736 divite
223 690 342 735 unde
379 690 568 749 agnituri
594 705 740 734 sumus
770 690 864 733 haec
891 689 1023 733 verba
1045 708 1054 733 ι
1078 707 1097 730 ι(
1116 689 1316 733 Cinerem
1340 689 1451 733 sicut

67 781 88 805 υ
124 778 282 822 panem
305 761 593 817 manducavi,
619 772 663 805 et
694 771 847 821 potum
868 776 1017 804 meum
1038 775 1137 804 cum
1166 760 1274 804 fletu
1294 760 1450 804 misce-

68 851 89 876 »
124 833 227 877 bam
241 833 283 873 2?
305 850 325 873 »
352 834 532 876 Huc-ne
554 832 638 876 illae
656 841 789 876 tantae
808 830 969 875 divitiae
986 832 1309 889 pervenerunt?
1330 830 1450 875 Mul-

64 913 161 948 tum
174 902 286 946 illud
300 902 530 957 excelsum,
546 901 734 946 multum
748 903 832 946 hoc
849 901 1202 961 abjectum.Quid
1218 900 1451 945 faciemus?

67 972 439 1034 quemadmodum
467 972 547 1016 ista
569 973 653 1016 ima
677 971 758 1017 illis
789 971 966 1015 summis
996 971 1450 1030 contemperabimus?

66 1045 199 1092 Nimis
233 1043 287 1087 ab
318 1043 504 1087 invicem
538 1043 666 1101 longe
700 1052 816 1087 sunt.
859 1042 1065 1087 Nondum
1101 1057 1287 1101 agnosco
1317 1042 1450 1086 istum

67 1130 324 1175 pauperem3
349 1113 456 1158 alius
475 1123 538 1157 est
558 1113 738 1158 fortasse
760 1132 769 1157 2
787 1112 863 1156 sed
886 1112 1029 1157 adhuc
1051 1128 1312 1172 quaeramus.
1330 1113 1451 1156 Unde

65 1186 180 1230 enim
202 1185 328 1229 nobis
343 1200 442 1241 ,non
465 1183 639 1229 videtur
660 1184 750 1242 ipse
768 1218 779 1237 ‚
804 1183 961 1226 mirum
985 1186 1018 1226 si
1037 1183 1275 1242 interrogas
1297 1192 1341 1226 et
1361 1199 1452 1228 non

67 1256 309 1316 expavescis
329 1255 502 1300 divitias
528 1275 536 1299 ε
571 1275 590 1297 «
617 1258 667 1298 In
690 1255 901 1314 principio
923 1263 1014 1298 erat
1035 1254 1228 1298 Verbum
1247 1289 1258 1309 ,
1279 1263 1322 1298 et
1340 1257 1451 1298 Ver-

69 1348 87 1370 »
122 1328 230 1371 bum
252 1336 344 1371 erat
366 1325 483 1386 apud
501 1330 662 1381 Deum⁷
689 1336 732 1371 et
754 1329 869 1371 Deus
890 1335 982 1370 erat
1001 1326 1196 1370 Verbum
1222 1345 1231 1370 :
1255 1326 1339 1370 hoc
1361 1335 1452 1370 erat

66 1417 88 1441 »
121 1399 168 1442 in
190 1398 403 1458 principio
426 1397 543 1457 apud
564 1401 718 1442 Deum.
744 1397 900 1442 Omnia
924 1413 1001 1455 per
1022 1397 1164 1456 ipsum
1187 1395 1298 1441 facta
1322 1406 1446 1452 sunt,

67 1488 88 1511 »
123 1478 167 1513 et
186 1470 276 1514 sine
297 1469 390 1528 ipso
417 1469 583 1514 factum
605 1478 667 1512 est
683 1467 790 1512 nihil
808 1469 839 1511 ³.
868 1487 887 1509 »
909 1468 993 1521 Qui
1015 1468 1092 1511 ista
1115 1467 1239 1522 dixit,
1265 1483 1365 1512 cum
1387 1467 1451 1512 di-

63 1549 204 1595 ceret,
230 1539 348 1584 dives
370 1549 480 1595 erat,
502 1549 667 1600 quanto
684 1539 818 1597 magis
837 1538 931 1594 ille,
957 1538 1012 1582 de
1033 1554 1121 1599 quo
1143 1538 1338 1583 dicebat:
1358 1557 1377 1581 «
1397 1542 1450 1583 In

65 1629 87 1653 »
121 1611 334 1670 principio
362 1620 454 1654 erat
488 1610 682 1654 Verbum
713 1629 721 1655 :
750 1627 770 1651 »
796 1618 839 1653 et
872 1625 963 1654 non
984 1609 1305 1670 qualecumque
1338 1612 1449 1654 Ver-

62 1681 167 1725 bum
185 1716 196 1736 ,
233 1682 310 1725 sed
331 1682 524 1725 Verbum
564 1684 677 1725 Deus
697 1701 708 1738 ,
733 1689 776 1725 et
797 1696 886 1725 non
905 1680 1174 1740 ubicumque
1191 1716 1202 1735 ,
1235 1681 1310 1724 sed
1332 1680 1449 1740 apud

63 1754 201 1796 Deum
223 1772 235 1808 3
270 1759 314 1795 et
345 1767 435 1795 non
460 1766 616 1794 vacans
642 1786 653 1805 ,
688 1751 764 1794 sed
786 1785 797 1805 ,
834 1768 852 1791 «
878 1751 1034 1795 Omnia
1065 1766 1142 1809 per
1170 1751 1314 1810 ipsum
1336 1749 1449 1795 facta

66 1839 87 1863 »
122 1824 252 1866 sunt?
282 1840 302 1862 »
328 1822 528 1866 Cinerem
554 1822 665 1865 sicut
692 1836 850 1880 panem
878 1820 1185 1875 manducavit,
1217 1830 1260 1864 et
1293 1830 1447 1880 potum

63 1908 189 1937 suum
212 1908 312 1937 cum
336 1893 443 1936 fletu
472 1893 778 1936 commiscuit?
805 1891 1094 1936 Metuendum
1121 1901 1209 1946 est,
1241 1907 1297 1936 ne
1318 1892 1448 1936 tantis

64 1962 223 2007 divitiis
246 1972 391 2007 nostra
414 1971 645 2021 paupertas
667 1960 797 2006 saciat
817 1962 1034 2023 injuriam.
1051 1965 1207 2015 Quaere
1225 1962 1368 2008 adhuc
1385 1973 1449 2008 ta-

63 2049 165 2078 men
193 2049 249 2077 ne
284 2035 374 2093 ipse
406 2034 463 2077 sit
479 2049 646 2093 pauper
670 2034 749 2078 iste
781 2053 790 2078 ;
819 2034 1050 2093 quoniam,
1087 2034 1324 2078 «Verbum
1347 2051 1447 2080 caro

69 2124 86 2146 »
122 2104 287 2148 factum
317 2114 403 2159 est,
429 2114 472 2148 et
491 2104 703 2148 habitavit
724 2104 770 2148 in
804 2104 929 2148 nobis
946 2106 977 2148 4.
1007 2122 1027 2145 »
1054 2104 1237 2164 Respice
1264 2115 1306 2150 et
1328 2105 1447 2150 illam

62 2190 213 2220 vocem
235 2195 244 2220 :
266 2178 394 2234 «Ego
416 2191 563 2220 servus
582 2185 682 2220 tuus
699 2185 741 2219 et
762 2174 875 2219 filius
893 2174 1060 2219 ancillae
1078 2184 1164 2220 tuae
1180 2180 1210 2220 ⁵.
1225 2179 1447 2222 »Attende

63 2246 264 2290 ancillam
281 2245 399 2290 illam
427 2256 589 2291 castam
605 2282 615 2301 ,
641 2256 684 2290 et
704 2246 910 2304 virginem
925 2283 935 2301 ,
956 2256 999 2290 et
1019 2256 1216 2292 matrem.
1244 2248 1307 2291 Ibi
1331 2249 1445 2292 enim

64 2317 229 2375 accepit
245 2326 547 2376 paupertatem
565 2326 772 2371 nostram⁷
789 2317 866 2360 ubi
883 2317 992 2362 servi
1014 2315 1152 2362 forma
1168 2318 1347 2362 indutus
1365 2328 1442 2374 est,

64 2388 341 2447 semetipsum
364 2388 611 2432 exinaniens
626 2424 636 2444 ‚
669 2403 724 2432 ne
746 2388 915 2433 divitias
938 2389 1030 2448 ejus
1059 2404 1378 2449 expavesceres,
1403 2399 1446 2435 et

112 2490 121 2508 ¹
142 2487 230 2517 Rom.
249 2497 294 2526 iv,
315 2486 343 2517 5.
366 2503 406 2508 —-
427 2493 439 2508 ²
465 2486 597 2525 Psalmi,
618 2499 667 2518 10.
687 2504 726 2508 —
744 2484 911 2526 3Joan.1‚
931 2486 1164 2519 1-3.-411›id
1202 2487 1252 2528 14.
1275 2505 1314 2510 -
1332 2487 1345 2510 ⁵
1361 2487 1438 2520 Psal.

64 2552 132 2581 cxv,
156 2542 204 2572 16.
