1848 3261
348 223 432 262 264
787 235 821 264 S.
857 235 1088 266 Atreus-run
1119 238 1302 265 Emscom

348 318 368 340 »
403 308 488 344 stet
518 315 541 343 a
568 299 728 345 dextris
755 303 877 362 ejus?
903 321 922 343 »
951 305 1044 347 Hoc
1070 303 1216 363 itaque
1240 304 1420 358 meruit,
1449 313 1501 348 ut
1534 319 1663 364 super
1683 319 1728 348 se

345 369 504 414 habeat
524 369 763 426 diabolum,
784 372 829 416 id
851 381 928 428 est,
954 372 1128 417 diabolo
1147 371 1346 417 subditus
1367 374 1441 428 sit,
1462 375 1537 434 qui
1557 374 1729 419 Christo

346 442 546 488 subditus
577 458 666 486 esse
689 442 843 487 uoluit.
874 462 894 484 «
925 445 1016 487 Stet
1049 453 1192 487 autem
1216 459 1238 486 a
1261 443 1419 487 dextris
1448 445 1565 503 ejus,
1593 462 1613 484 »
1641 443 1730 488 dic-

344 524 440 558 tum
463 522 525 557 est
540 549 550 568 ‚
577 513 679 573 quia
703 505 1018 571 opera'diaboli
1040 514 1275 573 praeposuit
1297 514 1500 572 operibus
1521 515 1613 558 Dei.
1635 517 1729 558 Hoc

345 584 460 628 enim
482 583 640 642 cuique
657 597 747 625 nou
767 582 981 626 immerito
999 582 1199 627 dextrum
1224 583 1398 638 dicitur,
1424 584 1542 643 quod
1565 599 1729 643 praepo-

344 655 434 705 nit;
459 653 568 696 sicut
589 652 770 695 sinistrae
793 652 940 696 dextra
963 654 1246 712 praeponitur.
1274 653 1380 698 Ideo
1403 663 1446 697 et
1463 653 1516 697 de
1538 654 1621 697 illis
1653 654 1730 714 qui

345 724 490 770 saeculi
518 724 647 782 hujus
676 722 832 781 gaudia
854 734 1155 783 praeponentes
1183 728 1298 778 Deo,
1329 725 1506 769 beatum
1529 725 1731 769 dixerunt

344 794 574 856 populum,
600 794 670 837 cui
694 794 785 837 haec
808 803 925 847 sunt,
952 795 1186 838 rectissime
1209 795 1374 839 dictum
1397 805 1460 839 est
1482 815 1490 840 ε
1513 814 1530 836 «
1549 798 1730 839 Dextera

345 885 366 907 »
403 880 553 909 eorum
576 864 749 908 dextera
770 864 1009 924 iniquitatis
1019 867 1049 908 Τ.
1069 883 1087 905 >2
1112 864 1236 909 Unde
1258 865 1376 925 quod
1399 866 1604 909 dixerunt
1630 867 1731 910 bea-

343 946 437 980 tum
458 933 767 995 populum‚cui
793 935 887 978 haec
909 943 1011 979 sunt
1032 956 1043 991 3
1064 951 1109 979 os
1128 950 1278 978 eorum
1301 936 1498 979 locutum
1522 945 1586 979 est
1604 935 1729 979 vani-

343 1015 498 1060 tatem,
535 1004 654 1065 quod
686 1004 740 1047 de
761 1003 844 1048 illis
870 1020 998 1063 supra
1021 1004 1187 1049 dictum
1225 1015 1303 1049 est.
1338 1007 1473 1065 Cujus
1507 1015 1652 1049 autem
1685 1020 1731 1049 os

342 1077 538 1137 loquitur
560 1076 808 1129 veritatem,
838 1084 987 1119 contra
1024 1074 1132 1119 illud
1160 1075 1278 1135 quod
1310 1075 1514 1120 dixerunt
1534 1076 1602 1120 isti
1625 1076 1730 1120 bea-

345 1158 437 1192 tum
470 1145 712 1206 populum,
753 1145 822 1188 cui
858 1145 952 1188 haec
988 1154 1088 1188 sunt
1108 1180 1118 1199 ‚
1151 1144 1284 1189 debet
1309 1146 1437 1190 etiam
1461 1147 1552 1204 ipse
1589 1145 1731 1190 dicere

306 1222 317 1226 “
343 1219 463 1279 quod
484 1218 530 1261 in
552 1216 705 1261 eodem
728 1216 898 1261 Psalmo
922 1217 1117 1275 sequitur
1138 1236 1145 1260 :
1178 1236 1197 1257 «
1223 1220 1378 1260 Beatus
1399 1217 1587 1276 populus
1609 1218 1731 1276 cujus

345 1307 366 1330 »
401 1288 611 1332 Dominus
634 1290 746 1330 Deus
762 1287 1012 1344 ipsorum2:
1041 1304 1060 1324 »
1087 1285 1188 1329 huic
1211 1286 1327 1328 enim
1346 1301 1434 1329 non
1451 1286 1649 1330 diabolus
1667 1296 1731 1331 est

344 1376 367 1403 a
385 1358 544 1402 dextris
561 1391 571 1410 ,
608 1355 683 1400 sed
697 1345 702 1350 Δ
716 1355 925 1399 Dominus
943 1376 953 1411 3
984 1355 1094 1398 sicut
1115 1364 1158 1398 et
1191 1354 1294 1398 alibi
1316 1354 1420 1399 dicit
1442 1375 1450 1399 z
1480 1374 1500 1396 «
1522 1355 1730 1399 Provide-

344 1447 365 1469 »
402 1428 502 1471 bam
528 1427 763 1471 Dominum
795 1426 841 1469 in
869 1433 1106 1483 conspectu
1129 1439 1225 1468 meo
1253 1440 1442 1483 semper,
1475 1425 1685 1484 quoniam
1706 1442 1730 1470 a

343 1517 363 1540 »
400 1498 560 1541 dextris
581 1506 644 1541 est
664 1497 792 1552 mihi,
814 1513 868 1541 ne
891 1496 1208 1541 commovear3.
1224 1512 1244 1534 »
1267 1494 1473 1538 Diabolus
1491 1511 1592 1553 ergo
1613 1496 1732 1539 stetit

343 1584 365 1612 a
394 1568 550 1611 dextris
572 1570 684 1628 ejus,
710 1568 887 1628 quando
909 1565 1146 1626 praeposuit
1168 1565 1390 1608 avaritiam
1414 1565 1636 1624 sapientiae
1651 1601 1662 1620 ‚
1687 1575 1731 1609 et

341 1638 571 1698 pecuniam
593 1638 720 1681 saluti
738 1654 848 1692 suae,
870 1646 920 1680 ut
943 1651 1042 1679 eum
1058 1635 1267 1688 traderet,
1296 1650 1318 1677 a
1339 1650 1427 1694 quo
1450 1635 1604 1679 debuit
1625 1651 1729 1694 pos-

343 1709 494 1763 sideri,
529 1723 584 1751 ne
616 1709 670 1751 ab
693 1707 769 1751 illo
786 1706 1076 1767 possideretur
1091 1740 1101 1760 ,
1125 1706 1247 1764 cujus
1265 1720 1394 1764 opera
1418 1705 1508 1764 ipse
1531 1706 1728 1750 Christus

344 1779 498 1833 solvit,
526 1794 549 1821 a
571 1794 659 1838 quo
681 1777 822 1821 noluit
838 1776 1059 1837 possideri.

402 1851 480 1893 IX.
521 1852 672 1894 «Cum
693 1849 940 1909 judicatur,
971 1855 1092 1890 exeat
1125 1846 1440 1890 condemnatus
1458 1848 1489 1889 ¹¹.
1519 1864 1539 1887 »
1577 1847 1730 1892 Noluit

343 1919 457 1963 enim
492 1919 586 1963 talis
614 1935 702 1962 esse
723 1954 733 1972 ,
772 1919 841 1962 cui
878 1917 1092 1961 diceretur
1119 1935 1127 1961 ε
1156 1936 1175 1957 ‹<
1201 1919 1320 1960 Intra
1343 1917 1386 1959 in
1418 1916 1624 1974 gaudium
1647 1917 1728 1962 do-

343 2009 363 2031 »
399 1990 505 2033 mini
528 1990 590 2033 tui
617 2009 625 2033 ε
656 2007 675 2029 »
701 1988 775 2032 sed
798 1987 893 2032 talis
912 2023 922 2041 ‚
947 1987 1001 2030 de
1019 2002 1107 2046 quo
1126 1986 1310 2030 dicitur:
1337 2006 1356 2028 α
1378 1988 1578 2046 Projicite
1601 1987 1727 2031 illum

344 2079 364 2101 »
399 2060 445 2103 in
462 2060 658 2103 tenebras
678 2059 906 2102 exteriores
921 2057 1167 2101 5.Et01·atio
1185 2058 1276 2116 ejus
1290 2058 1365 2101 fiat
1383 2058 1428 2100 in
1450 2069 1724 2116 peccatum.»

343 2131 557 2184 Quoniam
583 2147 671 2175 non
708 2140 771 2174 cst
787 2131 900 2189 justa
925 2129 1061 2173 oratio
1078 2163 1088 2181 ‚
1113 2128 1193 2171 nisi
1216 2144 1292 2187 per
1315 2129 1561 2183 Christum,
1596 2144 1729 2189 quem

340 2202 538 2246 vendidit
560 2202 826 2245 immanitate
854 2200 1034 2260 peccati.
1072 2200 1221 2243 Oratio
1243 2210 1388 2243 autem
1422 2216 1521 2260 quse
1556 2216 1644 2243 non
1675 2200 1727 2242 fit

343 2289 420 2332 per
445 2274 664 2317 Christum
682 2308 692 2327 ‚
730 2288 818 2316 non
853 2271 991 2315 solum
1013 2287 1102 2315 non
1125 2279 1266 2330 potest
1287 2269 1431 2314 delere
1470 2281 1697 2330 peccatum
1713 2307 1723 2327 ‚

344 2342 419 2386 sed
440 2344 569 2386 etiam
599 2343 688 2402 ipsa
718 2343 768 2386 fit
796 2343 840 2385 in
868 2350 1110 2400 peccatum.
1137 2341 1319 2392 Quando
1343 2350 1488 2384 autem
1509 2340 1644 2384 ,ludas
1667 2341 1727 2386 ita

347 2429 466 2457 orare
490 2414 705 2472 potuerit,
738 2421 788 2456 ut
819 2413 954 2456 oratio
992 2413 1082 2471 ejus
1103 2412 1225 2455 fieret
1246 2411 1291 2454 in
1313 2421 1562 2470 peccatum,
1589 2412 1727 2471 quferi

392 2515 402 2530 ¹
432 2509 507 2540 Psal.
539 2520 652 2549 cum,
681 2520 730 2540 ιι.
748 2526 788 2531 -—-
805 2516 818 2531 ²
838 2508 921 2539 Ibid.
957 2507 1004 2539 15.
1023 2523 1063 2528 --
1086 2505 1099 2529 3
1119 2507 1167 2537 td.
1196 2517 1238 2537 xv
1254 2532 1262 2547 ‚
1288 2506 1319 2538 S.
1341 2505 1418 2535 -4
1445 2508 1492 2538 Id.
1515 2517 1587 2538 cvm
1604 2532 1612 2547 ,
1633 2518 1662 2548 7.
1685 2524 1725 2529 -—

349 2562 363 2586 5
386 2563 499 2595 Matth.
520 2575 594 2599 xxv,
612 2573 648 2596 21
673 2568 706 2595 et
726 2563 779 2596 30.
