1848 3261
371 229 455 269 470
803 244 834 270 s.
871 242 1100 271 Ancvs'rrm
1133 243 1312 271 Eiuscom

373 317 446 351 aut
468 308 558 365 ipse
576 307 637 350 illi
656 307 782 368 jussit
799 317 846 351 ut
865 308 1050 363 faceret,
1078 317 1153 351 aut
1175 307 1340 367 adjuvit
1368 309 1459 368 ipse
1489 306 1718 352 facientem
1735 342 1746 363 ,

369 387 445 422 aut
467 377 632 439 aliquid
643 379 730 437 egit
744 388 794 422 ut
807 380 1044 438 aperiretur
1060 395 1144 439 qua
1163 395 1290 423 suum
1308 379 1455 423 lumen
1468 378 1745 423 infunderet:

365 452 481 493 Deus
503 459 647 492 autem
660 458 702 493 et
721 450 907 493 hominis
923 459 1113 494 mentem
1135 449 1386 494 rationalem
1407 459 1537 510 atque
1552 449 1752 494 intellec-

367 520 529 564 tualem
547 520 678 577 fecit,
702 536 788 580 qua
811 530 955 580 posset
975 537 1127 581 capere
1153 521 1304 565 lumen
1329 522 1419 581 ejus
1435 556 1445 576 ,
1469 530 1512 565 et
1533 520 1751 579 Angelum

366 589 496 634 talem
519 589 636 643 fecit,
655 591 729 650 qui
751 591 919 649 operari
930 601 1073 650 posset
1095 591 1261 652 aliquid
1282 591 1401 635 unde
1418 591 1474 635 ad
1490 591 1750 651 capiendum

366 661 516 705 lumen
540 661 616 703 Dei
634 675 754 704 mens
779 660 1059 721 adjuvaretur
1080 662 1271 706 humana
1288 698 1298 717 ,
1318 671 1361 706 et
1374 662 1571 706 eamdem
1594 662 1654 706 sic
1677 662 1754 705 ad-

360 733 486 791 juvat
499 740 706 786 mentem,
726 740 775 775 ut
792 731 1042 790 Angelicam
1066 732 1244 792 recipiat
1265 733 1559 791 operationem
1573 753 1584 790 3
1599 741 1642 776 et
1659 747 1752 775 eam

367 805 425 848 sic
445 801 664 847 illuminat
686 802 740 847 de
761 818 805 846 se
822 803 937 862 ipso,
964 812 1014 847 ut
1035 820 1123 849 non
1146 802 1286 848 solum
1310 802 1383 848 illa
1409 819 1508 863 quae
1531 819 1553 847 a
1574 803 1754 848 veritate

369 883 690 928 monstrantur,
733 872 809 917 sed
839 873 973 933 ipsam
1012 888 1188 934 quoque
1226 873 1493 933 proficiendo
1526 874 1755 933 perspiciat

366 947 608 989 veritatem.
630 943 714 989 Sed
737 945 943 1004 quoniam
963 960 1027 988 res
1042 944 1219 1004 quidem
1238 944 1515 999 necessarias,
1540 952 1756 1004 quantum

367 1016 562 1060 existimo
582 1051 592 1071 ,
618 1024 764 1059 tamen
784 1014 946 1074 prolixa
964 1014 1257 1074 disputatione
1277 1015 1554 1059 tractavimus
1574 1049 1585 1069 ,
1613 1013 1756 1058 dilatis

365 1086 647 1148 sequentibus
671 1085 829 1130 Psalmi
850 1086 981 1146 hujus
1002 1085 1220 1142 versibus,
1248 1100 1492 1130 sermonem
1514 1085 1644 1129 istum
1673 1084 1755 1128 isto

362 1159 450 1202 fine
467 1156 735 1202 claudamuS.

871 1420 1090 1464 SERMO
1126 1422 1255 1461 XIX.

428 1569 464 1611 Ι.
493 1569 697 1611 Dominis
720 1566 846 1609 Jesus
881 1564 929 1608 in
947 1564 1032 1608 hoc
1053 1563 1225 1609 Psalmo
1245 1578 1324 1624 per
1345 1565 1610 1625 Prophetam
1627 1600 1638 1621 ,
1660 1573 1760 1610 tan-

371 1653 505 1698 quam
541 1637 648 1691 sibi,
680 1636 832 1695 petivit
867 1635 1139 1678 intellectum
1170 1634 1264 1679 dari
1286 1651 1308 1679 a
1332 1638 1422 1680 Deo
1444 1636 1617 1696 corpori
1651 1652 1756 1691 suo,

370 1708 491 1770 quod
523 1717 586 1752 est
618 1706 809 1751 Ecclesia
829 1741 840 1761 ,
867 1708 921 1750 ad
948 1706 1025 1749 Dei
1051 1706 1255 1750 mandata
1283 1706 1503 1751 discenda.
1530 1710 1641 1752 Cum
1666 1708 1759 1767 ipso

369 1782 485 1825 enim
517 1780 605 1823 vita
626 1778 818 1837 corporis
839 1780 958 1837 ejus,
983 1778 1065 1821 hoc
1096 1786 1161 1821 est
1179 1812 1190 1832 ,
1215 1778 1368 1836 populi
1395 1780 1484 1837 ejus
1508 1777 1761 1823 abscondita

369 1861 433 1895 est
455 1851 501 1894 in
522 1853 610 1894 Deo
631 1852 641 1873 ¹
666 1885 676 1904 ,
703 1858 746 1892 et
782 1849 872 1907 ipse
894 1849 940 1891 in
963 1846 1117 1891 eodem
1151 1863 1332 1907 corpore
1367 1863 1446 1892 suo
1474 1847 1761 1906 indigentiam

369 1921 558 1982 patitur,
594 1928 638 1963 et
672 1919 812 1978 poscit
842 1916 962 1978 quod
995 1917 1200 1961 membris
1232 1918 1319 1961 suis
1357 1927 1420 1961 est
1452 1919 1756 1962 necessarium.

374 2013 394 2036 «
428 1995 584 2036 Manus
606 2000 715 2044 tuae,
736 1990 880 2049 inquit
894 2025 905 2044 ,
928 1987 1127 2033 fecerunt
1144 2005 1234 2044 me,
1255 1998 1298 2032 et
1319 1988 1643 2048 plasmaverunt
1661 2004 1730 2033 me
1749 2009 1758 2034 z

373 2081 394 2104 »
430 2063 485 2106 da
503 2061 609 2105 mihi
632 2059 904 2104 intellectum
921 2095 932 2115 ,
967 2069 1016 2104 ut
1037 2059 1198 2103 discam
1222 2058 1429 2103 mandata
1454 2068 1525 2103 tua
1541 2063 1572 2102 ².
1603 2077 1623 2100 »
1650 2060 1761 2112 Quia

370 2142 436 2187 tn,
451 2133 610 2192 inquit,
631 2130 839 2185 formasti,
857 2140 905 2174 tu
925 2129 1113 2174 reforma.
1132 2148 1141 2173 :
1163 2138 1210 2173 ut
1233 2130 1306 2173 flat
1323 2129 1368 2172 in
1386 2145 1567 2188 corpore
1581 2130 1756 2185 Christi,

368 2203 490 2264 quod
518 2204 575 2247 ait
606 2201 865 2262 Apostolus,
908 2219 928 2242 «
953 2199 1267 2244 Reformamini
1302 2199 1348 2243 in
1382 2200 1575 2244 novitate
1609 2215 1759 2244 sensus

374 2292 396 2316 >›
430 2274 562 2317 vestri
578 2274 611 2317 3.
632 2290 652 2313 »

427 2346 485 2388 II.
516 2362 536 2385 «
561 2342 647 2395 Qui
672 2342 824 2386 timent
840 2349 899 2395 te,
920 2340 1086 2400 inquit,
1109 2339 1322 2384 videbunt
1345 2355 1415 2384 me
1430 2375 1440 2395 ,
1468 2349 1511 2384 et
1532 2340 1756 2400 jucunda-

371 2432 391 2455 »
423 2415 588 2458 buntur
618 2434 627 2458 2
649 2433 667 2454 »
689 2412 774 2466 vel,
796 2412 906 2456 sicut
925 2413 1088 2455 habent
1106 2410 1175 2454 alii
1190 2410 1373 2465 codices,
1404 2430 1424 2453 «
1444 2411 1751 2466 Laetabuntur‚

373 2502 392 2525 »
429 2484 636 2544 quoniam
674 2483 719 2526 in
751 2483 882 2526 verba
905 2492 979 2526 tua
1005 2480 1169 2541 speravi
1189 2482 1204 2506 4
1227 2500 1236 2524 ι
1267 2499 1285 2521 n
1312 2480 1357 2524 id
1389 2490 1452 2525 est
1470 2516 1480 2535 ,
1513 2481 1558 2523 in
1585 2497 1631 2525 ea
1655 2496 1754 2540 quae

421 2587 428 2601 ¹
451 2581 565 2613 (ἱωῐοςς,
592 2592 640 2621 111,
662 2580 738 2610 3.—
760 2587 770 2599 ⁷
792 2579 866 2610 stat,
889 2589 999 2614 owni,
1017 2578 1068 2619 73.
1083 2593 1118 2600 —1
1139 2576 1150 2599 3
1168 2579 1256 2609 Rom.
1274 2586 1431 2617 x11,2.—-
1448 2576 1462 2606 4
1479 2575 1756 2618 Psalcxvmfflg.
