1848 3261
273 249 514 279 ENARRAno
546 253 592 279 m
623 244 826 280 PsALMuM
857 251 1013 286 cxvm,
1047 249 1186 279 SERMO
1215 252 1349 279 xxvn.
1419 241 1503 280 519

183 319 262 360 VI.
286 315 396 360 Vide
411 324 453 359 et
469 315 548 359 iste
565 316 670 375 quid
698 314 960 375 apertissime
983 313 1124 360 dicat:
1151 334 1171 357 «
1196 317 1373 360 Gressus
1389 331 1507 360 meos

132 406 150 428 »
185 386 368 444 dirigere
391 386 633 430 secundum
671 385 894 444 eloquium
916 393 1065 439 tuum,
1091 394 1134 428 et
1153 400 1243 429 non
1260 385 1509 431 dominetur

125 475 147 498 i>
181 457 267 500 mei
300 457 439 500 omnis
467 455 716 516 iniquitas1.
745 472 766 497 »
807 455 890 499 Ubi
925 454 1031 515 quid
1062 453 1181 499 aliud
1217 454 1322 499 dicit
1343 472 1502 516 quam,

123 530 309 571 Rectum
332 536 374 570 et
406 526 593 570 liberum
615 541 684 569 me
713 524 780 570 fac
809 525 1049 570 secundum
1068 525 1326 585 promissum
1349 532 1507 570 tuum?

124 600 298 650 Quanto
333 606 477 641 autem
506 595 641 654 magis
663 605 815 654 regnat
835 595 881 639 in
903 611 1183 656 quocumque
1204 595 1282 639 Dei
1300 595 1505 651 charitas,

122 676 246 711 tanto
269 667 410 710 minus
426 666 463 709 ei
486 665 736 709 dominatur
752 665 972 725 iniquitas.
992 665 1109 718 Quid
1127 680 1227 723 ergo
1241 664 1360 708 aliud
1382 666 1506 724 petit,

124 752 258 797 quam
276 745 325 780 ut
348 737 539 780 donante
547 738 637 780 Deo
650 734 798 793 diligat
810 734 1212 793 DeumPDiligendo
1226 735 1339 779 enim
1351 737 1506 791 Deum,

122 805 266 865 diligit
287 822 331 850 se
346 807 505 865 ipsum⁷
531 814 580 849 ut
604 804 781 864 diligere
803 805 1033 849 salubriter
1049 805 1182 864 possit
1203 814 1246 849 et
1266 804 1512 864 proximum

121 876 232 920 sicut
246 891 289 919 se
305 876 464 935 ipsum.
487 877 539 918 In
556 875 716 935 quibus
734 876 958 934 praeceptis
975 883 1066 919 tota
1079 877 1166 919 Lex
1177 874 1339 934 pendet
1351 884 1394 919 et
1410 878 1517 919 Pro-

120 947 308 1006 phetae2.
330 945 448 999 Quid
469 945 602 1004 igitur
624 954 718 989 orat
732 980 744 1000 ,
769 945 848 989 nisi
864 955 915 989 ut
936 955 1151 1006 praecepta
1175 961 1275 1006 quae
1297 948 1411 990 Deus
1435 946 1511 989 im-

127 1019 250 1077 ponit
264 1015 462 1077 jubendo
487 1016 674 1076 ‚impleri
697 1017 828 1061 faciat
850 1016 1128 1077 adjuvando?

179 1090 280 1131 VII.
318 1085 402 1131 Sed
419 1084 527 1146 quid
545 1095 608 1130 est
629 1086 750 1147 quod
766 1087 871 1130 dicit
888 1106 896 1131 :
912 1105 932 1128 «
950 1085 1132 1130 Redime
1151 1101 1222 1130 me
1240 1102 1263 1130 a
1285 1085 1513 1130 calumniis

123 1176 143 1200 >›
179 1158 409 1202 hominum
427 1193 438 1212 ‚
479 1166 522 1201 et
562 1157 805 1201 custodiam
840 1157 1046 1201 mandata
1067 1159 1188 1201 tuass?
1214 1175 1235 1199 »
1263 1156 1307 1201 Si
1327 1172 1429 1201 vera
1451 1155 1515 1200 illi

120 1229 320 1273 homines
351 1229 533 1272 crimina
555 1228 790 1288 objiciunt,
816 1244 905 1272 non
932 1228 1255 1272 calumniantur
1281 1246 1290 1271 :
1325 1225 1480 1270 sifalsa
1499 1261 1512 1282 ‚

125 1299 231 1359 quid
247 1308 311 1342 est
329 1297 450 1358 quod
464 1313 506 1341 se
529 1297 684 1341 redimi
697 1297 913 1341 desiderat
936 1314 958 1341 a
981 1297 1225 1351 calumniis,
1240 1295 1284 1341 id
1303 1306 1382 1352 est,
1397 1312 1418 1340 a
1435 1297 1518 1341 cri-

123 1369 315 1412 minibus
329 1367 461 1422 falsis,
477 1384 575 1427 quae
589 1366 653 1410 illi
668 1382 823 1411 nocere
835 1383 924 1411 non
937 1368 1148 1426 possunt?
1161 1367 1335 1411 Crimen
1350 1367 1513 1426 quippe

120 1438 296 1493 falsum,
315 1438 435 1498 quod
450 1447 511 1481 est
531 1436 764 1493 calumnia,
783 1453 906 1482 reum
927 1454 1017 1482 non
1039 1437 1143 1482 facit
1164 1438 1388 1482 hominem
1402 1473 1412 1493 ,
1430 1437 1511 1482 nisi

121 1509 239 1568 apud
257 1508 450 1569 judicem
469 1508 692 1552 hominem
712 1508 814 1554 :ubi
838 1517 982 1552 autem
1001 1514 1110 1552 Deus
1120 1508 1254 1569 judex
1267 1517 1346 1562 est,
1364 1505 1512 1552 nullus

120 1580 229 1624 salso
252 1580 432 1624 crimine
470 1579 670 1637 laeditur3
707 1580 809 1640 quia
831 1595 921 1623 non
944 1580 1013 1623 cui
1046 1579 1272 1639 objicitur,
1298 1578 1374 1622 sed
1403 1578 1513 1638 obji-

120 1650 252 1695 cienti
275 1651 418 1709 potius
431 1651 689 1709 imputatur.
707 1653 774 1694 An
790 1650 860 1694 hic
878 1649 1083 1694 Ecclesiae
1105 1650 1395 1709 praesignatur
1416 1665 1514 1694 orav-

120 1722 182 1765 tio
196 1756 207 1775 ‚
232 1731 276 1765 et
298 1721 485 1764 universi
505 1719 657 1779 populi
681 1721 924 1774 christiani,
950 1720 1025 1779 qui
1047 1719 1299 1778 redemptus
1324 1727 1422 1763 esta
1439 1735 1514 1764 ca-

120 1790 296 1835 lumniis
335 1792 586 1842 hominum,
630 1790 789 1847 quibus
825 1789 1158 1845 exagitabantur
1195 1804 1513 1850 usquequaque

121 1860 379 1906 Christiani?
396 1859 478 1903 Sed
497 1857 715 1917 numquid
737 1867 965 1917 propterea
988 1857 1064 1901 Dei
1083 1858 1289 1901 mandata
1303 1859 1513 1905 custodit?

120 1934 275 1976 Nonne
309 1931 421 1973 inter
453 1930 562 1987 ipsas
584 1927 841 1982 calumnias,
867 1926 1045 1987 quando
1080 1928 1336 1983 servabant,
1369 1930 1510 1975 multo

119 1999 346 2059 gloriosius
363 1999 551 2059 populus
570 2007 741 2041 sanctus
764 1998 808 2041 in
830 1997 1185 2041 tribulationibus
1206 1999 1285 2042 Dei
1306 1999 1510 2046 mandata

121 2073 341 2125 servabat,
363 2086 463 2115 cum
487 2069 541 2114 ad
564 2064 1130 2129 perpetrandas'impietates
1148 2071 1510 2130 persequentibus

105 2140 211 2187 'non
235 2142 442 2186 cedebat?
459 2140 541 2185 Sed
556 2141 759 2184 nimirum
773 2141 856 2184 hoc
868 2151 929 2184 est
946 2160 954 2184 ;
981 2159 1000 2182 «
1025 2140 1206 2185 Redime
1219 2156 1289 2184 me
1306 2156 1329 2185 a
1345 2141 1510 2187 calum-

123 2232 144 2255 »
181 2214 260 2256 niis
296 2211 550 2266 hominum,
591 2220 632 2255 et
666 2209 905 2254 custodiam
927 2210 1131 2254 mandata
1153 2220 1226 2254 tua
1255 2229 1264 2255 z
1292 2229 1312 2252 »
1341 2214 1406 2255 Tu
1428 2228 1507 2271 age

121 2282 267 2327 infuso
292 2282 454 2342 Spiritu
476 2291 552 2325 tuo
568 2316 579 2337 ,
608 2297 662 2325 ne
679 2296 748 2324 me
771 2279 1000 2325 calumniae
1022 2281 1249 2326 hominum
1267 2282 1506 2328 terroribus

122 2355 321 2407 vincant,
348 2362 390 2396 et
412 2369 435 2397 a
469 2353 552 2396 tuis
574 2351 787 2396 mandatis
809 2352 863 2396 ad
886 2368 962 2396 sua
983 2352 1096 2396 mala
1118 2352 1232 2397 facta
1255 2353 1502 2399 traducant.

126 2425 169 2470 Si
193 2424 305 2467 enim
319 2424 402 2468 hoc
417 2438 588 2467 mecum
607 2423 758 2481 egeris,
777 2422 821 2466 id
837 2431 914 2478 est,
938 2423 1022 2468 hoc
1038 2424 1169 2467 modo
1191 2439 1261 2467 me
1283 2423 1337 2467 ab
1356 2439 1507 2468 eorum

124 2493 350 2539 calumniis
366 2529 376 2548 ‚
408 2509 462 2536 ne
484 2493 803 2537 criminationes
825 2491 951 2537 falsas
973 2509 1080 2553 quas
1102 2493 1340 2553 objiciunt,
1372 2494 1506 2554 perti-

174 2588 180 2602 ¹
204 2580 284 2611 1ῖέῃὶΔ
303 2591 407 2620 cxviii,
431 2580 503 2611 133.
523 2578 598 2622 —22
617 2579 727 2610 Mauh.
748 2590 828 2619 xxii,
849 2579 886 2617 37
910 2583 941 2611 ct
960 2578 1015 2621 40.
1036 2597 1075 2601 —
1094 2577 1106 2603 3
1123 2579 1202 2612 Psal.
1224 2590 1337 2621 cxvm,
1359 2579 1433 2621 134.
