1848 3261
260 197 500 227 ENARRATIO
531 199 546 225 1
579 200 623 226 m
657 197 858 227 PsALMUM
889 200 988 237 cm,
1024 199 1162 227 sEnMO
1194 201 1225 226 1.
1362 187 1443 228 107

70 283 91 307 «
125 266 221 310 Non
251 264 351 309 novi
375 279 449 309 vos
469 299 480 318 ,
511 263 697 309 recedite
726 281 749 309 a
775 280 846 310 me
871 264 946 324 qui
969 264 1210 323 operamini
1241 264 1449 325 iniquita-

70 352 90 376 »
126 336 255 379 tem¹.
283 334 389 387 Quia
410 334 444 378 si
465 334 648 378 habeam
672 348 846 379 omnem
874 334 1168 393 prophetiam,
1195 335 1448 378 charitatem

71 422 92 446 »
127 413 272 448 autem
294 419 383 447 non
400 403 598 458 habeam,
624 404 733 448 nihil
755 407 889 448 sum2.
913 425 928 444 »
957 403 1234 462 Prophetavit
1251 413 1294 447 et
1319 405 1442 459 Saiil,

70 474 146 518 sed
181 474 441 533 operabatur
474 474 762 534 iniquitatem.
801 474 906 527 Quis
945 483 1091 517 autem
1127 482 1330 533 operatur
1366 474 1451 517 ini-

69 544 283 604 quitatem
300 578 310 597 ,
341 544 421 587 nisi
442 544 518 604 qui
536 560 624 588 non
646 544 848 587 habuerit
871 544 1152 587 charitatem?
1174 562 1194 585 «
1219 543 1452 588 Plenitudo

69 633 89 656 »
127 615 243 658 enim
274 615 420 673 Legis,
449 615 680 658 charitasss.
710 633 729 655 »
755 617 871 673 Ergo
898 635 916 655 «
942 615 1132 672 Protegit
1158 614 1204 657 in
1232 614 1351 673 aquis
1377 630 1454 658 su-

71 703 91 726 »
126 684 293 744 periora
314 686 433 744 ejus:
463 685 612 744 »quid
645 684 784 728 dixit?
808 688 859 729 In
881 685 1083 729 omnibus
1115 685 1344 744 Scripturis
1379 700 1454 729 su·-

67 755 523 815 pcreminentissimam
563 755 677 800 viam
696 791 706 810 ‚
753 755 1268 815 supereminentissimum
1306 756 1454 800 locum

68 825 251 870 charitas
280 825 447 870 obtinet
471 847 481 883 3
510 841 600 870 non
630 825 685 869 ad
714 841 809 870 eam
842 826 1035 886 aspirant
1062 826 1143 871 nisi
1180 827 1310 883 boni3
1341 827 1454 871 hanc

67 895 295 940 nobiscum
313 911 400 940 non
418 897 745 941 communicant
765 896 868 940 mali
895 915 904 941 :
929 905 1109 955 possunt
1131 897 1454 946 communicare

67 966 358 1025 baptismum,
389 975 568 1025 possunt
604 967 928 1010 communicare
966 976 1120 1011 caetera
1157 976 1451 1021 sacramenta,

67 1046 249 1096 possunt
277 1037 598 1081 communicare
634 1038 895 1092 orationem,
926 1047 1107 1097 possunt
1135 1038 1456 1081 communicare

67 1107 169 1150 istos
191 1107 394 1166 parietes,
412 1116 455 1151 et
475 1107 600 1150 istam
619 1107 972 1166 conjunctionem
990 1129 1000 1165 3
1027 1108 1283 1152 charitatem
1305 1108 1456 1152 nobis-

68 1191 168 1220 cum
192 1192 282 1220 non
304 1176 643 1219 communicant.
676 1179 772 1236 Ipse
800 1185 864 1220 est
892 1177 1006 1220 enim
1029 1177 1128 1221 fons
1147 1177 1345 1236 proprius
1376 1177 1458 1222 bo-

69 1260 250 1296 norum,
286 1245 486 1304 proprius
515 1255 794 1301 sanctorum,
827 1245 881 1290 de
914 1262 1003 1306 quo
1039 1247 1198 1291 dicitur
1229 1263 1237 1288 :
1268 1266 1287 1289 «
1321 1250 1458 1292 Nemo

72 1333 92 1357 »
129 1315 293 1359 alienus
313 1315 605 1359 communicet
629 1315 753 1359 tibi⁴.
776 1335 793 1357 »
813 1316 894 1369 Qui
912 1325 1013 1360 sunt
1030 1316 1189 1360 alieni?
1204 1318 1363 1362 Omnes
1381 1317 1458 1377 qui

70 1385 285 1430 audiunt:
316 1404 335 1426 «
361 1387 458 1430 Non
491 1386 593 1429 novi
618 1401 709 1430 vos.
738 1404 758 1426 »
787 1387 828 1431 Si
851 1387 966 1430 enim
998 1402 1089 1430 non
1118 1397 1456 1445 cognoscuntur,

69 1457 222 1517 utique
239 1456 365 1501 alieni
384 1466 485 1500 sunt
503 1491 513 1511 ‚
541 1456 699 1516 quibus
721 1456 906 1502 dicitur:
937 1478 954 1500 »
983 1459 1079 1503 Non
1096 1459 1200 1503 novi
1220 1473 1309 1503 vos.
1334 1479 1353 1501 »
1378 1461 1460 1504 Su-

70 1527 342 1587 pereminens
364 1541 466 1585 ergo
483 1526 552 1571 via
572 1526 792 1571 charitatis
815 1535 934 1571 tenet
956 1542 1026 1571 eos
1041 1562 1052 1582 ,
1071 1528 1145 1588 qui
1163 1528 1337 1588 proprie
1359 1544 1460 1588 per-

71 1597 212 1642 tinent
240 1596 293 1642 ad
327 1612 510 1655 regnum
532 1596 760 1641 coelorum.
798 1600 913 1655 Ergo
941 1607 1210 1658 praeceptum
1241 1599 1461 1644 charitatis

71 1682 199 1728 super
220 1666 376 1724 coelos3
401 1681 529 1726 super
550 1681 698 1711 omnes
721 1666 855 1712 libros
887 1687 896 1712 :
921 1668 960 1711 ei
991 1669 1108 1712 enim
1131 1668 1384 1714 subduntur
1405 1670 1461 1714 li-

72 1737 163 1793 bri,
189 1737 228 1780 ei
258 1736 415 1781 militat
449 1736 587 1781 omnis
609 1736 758 1796 lingua
783 1747 1032 1783 sanctorum
1048 1774 1060 1795 ‚
1091 1748 1133 1784 et
1155 1740 1294 1784 omnis
1316 1749 1461 1786 motus

71 1810 415 1869 dispensatorum
438 1810 539 1864 Dei,
570 1818 614 1853 et
646 1809 779 1853 animi
811 1818 855 1853 et
882 1811 1088 1870 corporis.
1124 1812 1461 1870 Supereminens

72 1890 137 1925 est
157 1896 260 1940 ergo
285 1881 355 1925 via
371 1915 382 1935 ‚
408 1889 451 1924 et
476 1880 629 1924 merito
651 1880 840 1939 protegit
868 1880 915 1924 in
944 1882 1065 1942 aquis
1088 1883 1308 1942 superiora
1330 1883 1458 1942 coeli3

72 1952 175 2012 quia
195 1950 303 1995 nihil
319 1951 484 1995 invenis
502 1950 761 1995 eminentius
784 1952 993 1996 charitate
1015 1953 1061 1996 in
1083 1952 1237 1998 divinis
1258 1953 1414 1998 Libris.

131 2024 188 2065 X.
217 2020 302 2066 Sed
323 2022 465 2065 adhuc
487 2020 727 2065 evidentius
760 2022 862 2066 audi
883 2021 992 2082 quid
1018 2039 1130 2083 aqua
1161 2024 1229 2068 sit.
1265 2024 1459 2069 Diximus

73 2093 189 2136 enim
211 2092 331 2152 quod
350 2092 532 2136 charitas
550 2091 622 2135 Dei
642 2091 800 2136 diffusa
829 2093 881 2137 sit
901 2093 946 2137 in
977 2094 1183 2139 cordibus
1206 2095 1362 2140 nostris
1382 2111 1460 2155 per

77 2164 282 2223 Spiritum
306 2171 524 2217 sanctum,
546 2162 620 2222 qui
649 2161 774 2207 datus
797 2172 859 2207 est
880 2164 1004 2209 nobis
1019 2167 1049 2208 ⁵.
1078 2165 1275 2210 Diximus
1297 2166 1426 2209 etiam
1446 2185 1456 2212 :

79 2253 99 2276 «
123 2236 175 2277 In
197 2232 348 2292 plateis
371 2231 614 2276 discurrant
633 2242 763 2292 atque
786 2235 914 2278 tuaess.
944 2252 963 2276 »
985 2237 1041 2279 Et
1063 2236 1122 2279 ait
1144 2236 1251 2279 mihi
1273 2236 1454 2296 aliquis:

74 2305 172 2349 Non
193 2302 255 2346 ibi
271 2318 464 2362 expresse
486 2302 653 2347 dictum
676 2313 760 2358 est,
780 2313 926 2347 utrum
939 2305 1195 2350 charitatem
1214 2305 1456 2365 intelligere

76 2374 257 2418 debeam
284 2393 293 2418 ;
318 2373 426 2434 quid
453 2374 486 2417 si
520 2373 628 2418 alius
656 2373 775 2418 aliud
804 2374 969 2436 aliquid
1000 2376 1245 2436 intelligat?
1269 2380 1456 2422 Tantum

124 2477 134 2493 ¹
157 2469 270 2502 Matth.
291 2481 350 2510 vn,
375 2478 431 2510 22,
451 2470 505 2502 23.
528 2487 570 2492 —
588 2477 600 2492 ²
620 2481 631 2501 1
657 2472 726 2502 Cor.
747 2481 818 2511 xm,
833 2478 864 2503 2.
886 2487 927 2493 -—
952 2469 965 2494 3
983 2474 1074 2504 Rom.
1094 2483 1162 2513 xm,
1184 2484 1235 2506 10.
1255 2490 1296 2496 —
1314 2471 1330 2498 4
1357 2475 1452 2506 Prov.

81 2537 113 2567 v,
138 2537 188 2569 17.
211 2543 248 2550 --
266 2524 280 2550 ⁵
296 2527 391 2558 Rom.
411 2536 443 2564 V,
459 2526 490 2558 5.
517 2524 587 2550 -6
607 2528 696 2558 Prov.
717 2538 749 2567 v,
768 2527 819 2559 16.
