1848 3261
384 255 432 291 18
811 265 842 289 s.
879 263 1107 289 AUGUSTm'l
1142 261 1322 286 EPlsCOPI

372 330 452 373 bus
487 328 645 372 dicitur
671 347 679 371 :
707 347 726 369 «
747 328 924 373 Nescitis
941 327 1042 386 quia
1059 325 1246 382 Angelos
1261 317 1603 384 judicabimus1?
1627 322 1754 367 Oculi

376 416 396 439 »
431 398 515 440 mei
537 413 666 456 super
687 396 834 441 fideles
855 406 996 450 terrae,
1014 405 1063 439 ut
1083 394 1357 439 considerent
1379 393 1424 436 hi
1445 408 1631 436 mecum.
1650 396 1755 436 Am-

374 485 394 508 »
426 467 582 511 bulans
598 468 643 511 in
659 467 725 511 via
743 465 1019 510 immaculata
1036 501 1047 520 ,
1073 465 1141 508 hic
1165 464 1271 508 mihi
1293 463 1580 507 ministrabat.
1606 463 1752 507 Mihi»

371 539 453 593 ait,
474 554 562 583 non
584 538 679 582 sibi.
705 537 832 583 Multi
845 538 962 581 enim
985 537 1230 580 ministrant
1252 533 1536 592 Evangelium
1553 569 1564 588 ‚
1581 533 1655 577 sed
1673 534 1756 577 sibi

369 608 614 652 ministrant
640 627 648 652 :
684 609 786 668 quia
816 624 892 652 sua
925 617 1154 668 quaerunt,
1189 622 1279 650 non
1301 622 1400 665 quae
1420 608 1524 649 ,Iesu
1547 604 1751 650 Christi2.

369 677 486 731 Quid
517 687 594 733 est,
629 679 799 723 Christo
814 679 1084 722 ministrare?
1118 680 1180 721 Ea
1202 692 1302 737 quae
1323 675 1483 721 Christi
1503 684 1605 720 sunt
1630 691 1755 734 quae-

369 764 475 792 rere.
507 752 563 793 Et
589 749 768 809 quidem
800 749 978 809 quando
1007 748 1109 793 mali
1149 748 1411 792 annuntiant
1441 745 1753 805 Evangelium,

370 817 441 862 alii
459 818 702 874 salvantur,
727 817 789 862 illi
809 819 1067 877 puniuntur.
1090 818 1264 862 Dictum
1287 827 1350 861 est
1371 817 1508 861 enim:
1532 836 1552 858 «
1574 821 1679 869 Quae
1697 816 1758 859 di-

375 907 395 930 »
431 898 560 944 cunt,
583 887 734 946 facite3
759 905 858 949 quae
880 888 1047 933 faciunt
1062 924 1072 943 ‚
1098 887 1240 933 facere
1258 888 1432 932 nolite3.
1457 890 1591 932 »Non
1608 887 1758 930 timeas

372 975 475 1018 ergo
500 959 677 1020 quando
710 976 733 1003 a
765 960 880 1004 malo
909 959 1030 1004 audis
1058 959 1361 1018 Evangelium.
1395 961 1472 1002 Vae
1495 957 1556 1001 illi
1581 958 1658 1018 qui
1680 957 1760 1001 sibi

372 1030 605 1086 ministrat,
631 1031 676 1074 id
698 1040 780 1086 est,
806 1030 882 1090 qui
905 1046 980 1074 sua
1012 1030 1074 1073 ibi
1096 1030 1254 1090 quaerit
1291 1050 1299 1074 ε
1329 1039 1379 1074 tu
1405 1029 1567 1075 Christi
1595 1029 1755 1087 accipe.

375 1118 397 1142 «
429 1101 669 1145 Ambulans
690 1102 735 1145 in
757 1101 824 1145 via
843 1101 1121 1145 immaculata
1139 1136 1150 1156 ,
1176 1101 1246 1144 hic
1270 1100 1377 1143 mihi
1399 1099 1686 1144 ministrabat.
1716 1116 1737 1139 »

429 1174 508 1215 XI.
539 1191 558 1214 «
579 1174 677 1217 Non
698 1172 909 1216 habitavit
929 1172 975 1215 in
997 1170 1141 1215 medio
1164 1170 1319 1215 domus
1348 1186 1459 1214 meae
1489 1169 1652 1214 faciens
1685 1184 1760 1212 su-

377 1262 394 1282 »
429 1242 668 1300 perbiam&
692 1260 712 1283 »
743 1240 917 1286 Referte
941 1242 996 1286 ad
1023 1241 1205 1286 domum
1229 1240 1349 1285 illam
1364 1276 1374 1296 ‚
1404 1240 1450 1284 id
1475 1249 1560 1295 est⁷
1589 1238 1645 1284 ad
1666 1254 1756 1283 cor.

373 1315 468 1358 Non
495 1312 720 1358 habitabat
757 1313 801 1357 in
836 1313 966 1358 corde
998 1327 1096 1357 meo
1122 1312 1284 1357 faciens
1307 1311 1585 1371 superbiam:
1610 1309 1759 1354 nullus

373 1383 468 1428 talis
490 1384 714 1428 habitabat
737 1382 782 1427 in
803 1384 934 1428 corde
956 1398 1054 1428 meo
1074 1382 1316 1428 :resiliebat
1337 1381 1454 1426 enim
1475 1379 1594 1425 inde.
1619 1383 1760 1426 Nemo

375 1455 601 1499 habitabat
625 1455 671 1498 in
689 1454 819 1499 corde
841 1470 962 1509 meo,
993 1454 1075 1498 nisi
1102 1454 1217 1498 mitis
1247 1462 1291 1497 et
1317 1453 1515 1512 quietus:
1548 1451 1761 1511 superbus

377 1540 466 1569 non
487 1524 574 1569 illic
590 1525 825 1570 habitabat.
846 1528 944 1571 Non
966 1525 1082 1568 enim
1106 1524 1275 1569 habitat
1296 1524 1343 1567 in
1358 1523 1487 1568 corde
1500 1522 1608 1583 justi
1626 1522 1762 1582 injus-

377 1605 460 1639 tus.
490 1595 552 1640 Sit
572 1611 595 1640 a
616 1605 659 1640 te
677 1597 820 1655 justus
845 1605 1036 1640 remotus
1055 1596 1201 1639 nescio
1223 1603 1332 1654 quot
1352 1593 1546 1638 millibus
1569 1602 1613 1638 et
1634 1608 1762 1636 man-

378 1667 569 1711 sionibus
589 1686 598 1712 :
618 1668 746 1712 simul
762 1668 987 1723 habitatis,
1008 1668 1042 1712 si
1060 1682 1199 1711 unum
1213 1681 1287 1710 cor
1310 1664 1493 1709 habetis.
1525 1683 1545 1707 «
1564 1667 1662 1710 Non
1680 1665 1761 1708 ha-

381 1755 400 1777 »
437 1738 588 1782 bitavit
599 1738 645 1781 in
658 1738 800 1783 medio
817 1739 972 1783 domus
986 1754 1094 1782 meae
1106 1737 1267 1782 faciens
1281 1736 1544 1795 superbiam.
1558 1738 1762 1795 Loquens

382 1826 400 1847 »
436 1807 585 1868 iniqua
606 1824 695 1853 non
718 1809 870 1853 direxit
892 1809 938 1852 in
970 1817 1207 1868 conspectu
1242 1805 1471 1851 oculorum
1490 1820 1704 1850 meorum.
1737 1822 1758 1846 »

381 1879 483 1922 Haec
505 1887 568 1922 est
588 1879 657 1923 via
673 1879 948 1924 immaculata
964 1915 975 1934 ‚
1000 1879 1075 1924 ubi
1097 1877 1381 1937 intelligimus
1403 1877 1582 1937 quando
1606 1876 1662 1921 ad
1683 1892 1762 1921 nos

380 1949 526 1992 veniat
545 1949 773 1993 Dominus.

438 2021 539 2062 XII.
563 2038 582 2060 «
608 2022 658 2062 In
677 2019 894 2063 matutinis
914 2019 1227 2064 interficiebam
1244 2033 1392 2064 omnes
1411 2028 1658 2079 peccatores
1679 2027 1764 2062 ter-

384 2106 404 2129 »
440 2103 499 2132 rae
529 2090 558 2131 ⁵.
596 2107 616 2129 »
655 2092 748 2133 Hoc
789 2089 1024 2133 obscurum
1066 2099 1130 2134 est
1155 2125 1166 2145 ‚
1207 2089 1447 2147 dignamini
1491 2089 1715 2134 advertere
1750 2108 1759 2134 ;

375 2159 464 2217 jam
487 2158 582 2202 finis
605 2157 760 2202 Psalmi
782 2168 858 2203 est.
888 2179 908 2201 «
934 2162 986 2203 In
1007 2160 1231 2203 matutinis
1258 2159 1574 2203 interficiebam
1611 2174 1761 2203 omnes

385 2246 407 2269 ι»
441 2238 684 2288 peccatores
708 2238 846 2273 terrae.
872 2247 892 2270 »
919 2232 1087 2282 Quare?
1111 2249 1127 2269 «
1155 2232 1212 2274 Ut
1235 2228 1481 2289 disperdam
1509 2229 1564 2273 de
1588 2229 1761 2273 civitate

384 2317 405 2339 η
441 2299 613 2343 Domini
641 2314 788 2343 omnes
813 2309 1036 2359 operantes
1071 2300 1356 2359 iniquitatem.
1395 2318 1414 2340 »
1443 2302 1553 2344 Sunt
1584 2314 1688 2358 ergo
1715 2300 1762 2342 in

382 2369 553 2414 civitate
575 2370 748 2414 Domini
770 2380 995 2428 operantes
1017 2371 1287 2430 iniquitatem
1305 2405 1315 2424 ‚
1352 2379 1395 2413 et
1425 2370 1546 2430 quasi
1568 2370 1761 2429 parcitur

383 2440 442 2483 eis
464 2441 609 2484 modo.
635 2442 801 2493 Quare?
825 2441 934 2493 Quia
959 2440 1262 2484 miscricordiae
1282 2449 1449 2499 tempus
1466 2449 1528 2483 est
1555 2460 1563 2484 :
1589 2440 1664 2484 sed
1687 2455 1760 2484 ve-

432 2542 438 2558 ¹
469 2548 478 2566 1
508 2537 579 2567 Cor.
607 2547 636 2566 vt
656 2563 661 2573 ,
683 2536 712 2567 3.
736 2553 774 2558 —-
795 2543 807 2557 ²
835 2536 941 2578 ffiilip.
968 2548 1008 2576 ιι,
1028 2547 1079 2568 21.
1104 2554 1144 2559 —-
1167 2535 1179 2558 3
1201 2537 1312 2568 Mauh.
1331 2548 1422 2575 xxm,
1446 2537 1475 2567 3.
1496 2553 1534 2558 —
1559 2535 1666 2568 lol’sal.
1683 2547 1757 2578 ‹327-

385 2606 424 2612 —-
445 2588 459 2612 5
478 2590 544 2622 lblrl
579 2595 609 2623 ὃ.
