1848 3261
439 208 682 240 ENARRATIO
714 211 759 239 ΙΝ
791 207 994 238 PSALMUM
1024 212 1092 238 cx.
1375 201 1458 241 315

77 293 258 324 suorum
279 279 295 304 ²
320 297 330 323 ε
365 292 586 322 reservans
609 285 855 337 opportune
880 275 1083 319 inusitata
1107 276 1329 336 prodigia,
1359 295 1460 339 quae

75 350 301 394 infirmitas
329 348 516 393 hominis
545 349 727 393 novitati
757 349 925 391 intenta
947 346 1219 402 meminerit,
1255 364 1355 395 cum
1376 350 1462 396 sint

74 423 164 482 ejus
186 420 394 465 miracula
416 419 670 481 quotidiana
698 420 872 478 majora.
902 421 983 462 Tot
1003 433 1082 478 per
1107 419 1352 463 universam
1371 430 1460 465 ter-

73 508 165 537 ram
184 492 358 536 arbores
375 501 507 546 creat,
528 500 571 535 et
591 506 720 534 nemo
735 489 942 534 miratur:
960 487 1134 533 arefecit
1154 490 1290 534 verbo
1308 506 1457 547 unam,

73 573 118 608 et
148 562 386 623 stupefacta
416 571 518 607 sunt
549 561 681 606 corda
713 560 964 605 mortalium
981 564 999 587 2
1024 579 1034 604 ε
1059 560 1134 604 sed
1160 578 1181 602 «
1203 562 1461 606 Memoriam

74 652 96 676 »
129 633 236 678 fecit
255 632 520 678 mirabilium
537 647 765 677 suorum.»
788 634 882 676 Hoc
904 631 1019 675 enim
1040 630 1301 675 miraculum
1322 633 1461 677 maxi-

71 720 142 749 me
165 704 339 749 attentis
360 703 566 748 cordibus
586 702 840 759 inhaerebit,
864 701 985 763 quod
1007 701 1232 747 assiduitas
1249 718 1339 748 non
1359 703 1461 749 vile·

70 773 237 819 fecerit.

129 847 183 889 V.
204 842 322 897 Quid
344 852 489 888 autem
506 842 769 903 profuerunt
785 843 1010 898 miracula,
1035 843 1118 888 nisi
1138 852 1190 888 ut
1209 845 1461 889 timeretur?

70 915 185 971 Quid
207 930 336 975 porro
359 913 582 975 prodesset
602 916 733 960 timor
747 951 758 971 ,
784 915 888 970 nisi,
914 933 933 957 α
952 914 1195 960 Misericors
1219 924 1262 959 et
1283 916 1461 961 misera-

72 1004 94 1028 »
128 995 197 1030 tor
210 985 420 1029 Dominus
443 1000 584 1029 escam
602 985 725 1029 daret
741 984 995 1030 timentibus
1015 1000 1060 1028 se
1078 987 1092 1010 3
1108 987 1127 1029 Ρ
1145 1003 1165 1026 »
1187 988 1341 1029 Escam
1361 1001 1461 1046 quae

69 1072 160 1101 non
178 1055 497 1114 corrumpitur,
521 1071 680 1115 panem
703 1056 778 1116 qui
801 1056 856 1099 de
877 1054 993 1099 coelo
1015 1054 1240 1098 descendit
1258 1056 1274 1080 4
1294 1090 1305 1110 ,
1327 1071 1460 1115 quem

69 1126 202 1171 nullis
225 1125 386 1169 meritis
408 1124 543 1169 dedit.
571 1126 747 1168 Etenim
770 1124 966 1168 Christus
988 1140 1068 1184 pro
1090 1124 1233 1184 impiis
1261 1135 1460 1171 mortuus

69 1206 133 1241 est
151 1198 182 1239 ⁵.
203 1198 340 1241 Nemo
363 1210 465 1253 ergo
487 1194 619 1238 talem
641 1209 782 1238 escam
804 1193 943 1250 daret,
961 1195 1042 1238 nisi
1059 1196 1299 1240 misericors
1321 1206 1364 1241 et
1384 1198 1460 1241 mi-

69 1276 233 1313 serator
250 1266 476 1311 Dominus.
500 1267 629 1319 Quod
651 1264 685 1310 si
704 1274 876 1309 tantum
899 1265 1021 1309 dedit
1042 1266 1144 1310 huic
1162 1266 1278 1321 vitae,
1299 1268 1333 1311 si
1356 1270 1460 1311 Ver-

67 1338 175 1383 bum
199 1352 372 1382 carnem
394 1336 560 1381 factum
582 1346 785 1396 peccator
800 1337 1104 1396 justificandus
1136 1338 1322 1397 accepit,
1352 1339 1459 1398 quid

67 1408 114 1453 in
130 1408 282 1453 futuro
304 1408 463 1453 saeculo
487 1408 748 1467 glorificatus
767 1407 982 1466 accipiet?
1007 1425 1028 1449 «
1052 1411 1220 1452 Memor
1242 1409 1358 1452 enim
1379 1409 1460 1453 erit

69 1496 92 1521 »
125 1479 171 1522 in
193 1477 402 1523 saeculum
423 1479 670 1523 testamenti
692 1478 774 1522 sui.
797 1480 922 1523 »Nec
940 1487 1082 1522 totum
1105 1477 1243 1534 dedit,
1268 1478 1345 1538 qui
1361 1479 1458 1538 pig-

66 1565 150 1594 nus
169 1548 306 1595 dedit.

127 1623 204 1664 VI.
241 1638 261 1661 «
301 1620 624 1664 Fortitudinem
652 1634 833 1678 operum
860 1634 1040 1664 suorum
1067 1619 1348 1663 annuntiabit
1374 1634 1457 1679 po-

69 1708 91 1732 »
125 1689 232 1750 pulo
268 1705 346 1734 suo
360 1691 392 1734 ⁰.
421 1708 441 1732 »
467 1693 565 1736 Non
601 1690 914 1735 contristentur
952 1688 1156 1733 Israelitae
1189 1690 1327 1734 sancti
1346 1725 1356 1745 ,
1382 1690 1457 1750 qui

67 1761 324 1806 dimiserunt
346 1762 490 1806 omnia
514 1778 590 1806 sua
607 1797 621 1817 ,
654 1771 697 1806 et
719 1761 855 1806 secuti
885 1770 987 1804 sunt
1007 1776 1108 1804 eum
1125 1795 1136 1813 ,
1157 1776 1248 1805 non
1269 1762 1456 1806 contris-

66 1841 216 1877 tentur
238 1832 429 1876 dicentes
451 1852 459 1877 ε
490 1851 507 1872 «
535 1833 742 1886 Quisnam
769 1832 931 1891 poterit
953 1830 1094 1875 salvus
1117 1831 1244 1875 fieri?
1267 1833 1373 1884 Quia
1395 1832 1458 1877 fa-

71 1921 91 1945 »
126 1902 249 1946 cilius
274 1903 407 1946 intrat
429 1902 618 1946 camelus
640 1918 716 1962 per
738 1901 934 1947 foramen
958 1918 1059 1947 acus
1076 1937 1087 1958 ,
1115 1918 1247 1963 quam
1271 1903 1390 1947 dives
1411 1903 1458 1948 in

69 1991 90 2016 »
123 1988 308 2031 regnum
338 1972 552 2017 coelorum
564 1974 595 2017 ⁷.
626 1990 647 2014 »
680 1973 969 2017 Annuntiavit
992 1974 1108 2016 enim
1142 1973 1201 2017 eis
1233 1972 1457 2018 fortitudi-

66 2058 169 2086 nem
191 2057 373 2101 operum
395 2036 574 2086 suorum
601 2062 610 2088 z
639 2062 660 2085 «
685 2044 897 2096 Quoniam
913 2060 1013 2104 quae
1035 2043 1287 2088 hominibus
1304 2043 1457 2089 diffici-

69 2131 91 2155 »
124 2111 183 2156 lia
205 2121 322 2167 sunt,
344 2115 433 2156 Deo
451 2111 593 2158 facilia
614 2123 730 2158 sunt.
745 2116 801 2158 Ut
823 2115 897 2159 det
918 2114 1001 2159 illis
1024 2115 1323 2159 haereditatem
1347 2130 1455 2173 gen-

68 2201 90 2226 »
125 2183 279 2227 tiumg.
307 2202 328 2225 »
355 2186 473 2228 Itum
503 2194 568 2231 est
588 2185 705 2229 enim
733 2195 776 2230 et
799 2185 854 2230 ad
886 2187 1072 2242 Gentes,
1105 2196 1148 2231 et
1185 2196 1455 2247 praeceptum

65 2252 274 2298 divitibus
290 2254 422 2315 hujus
443 2255 588 2299 saeculi
611 2272 698 2301 non
718 2257 902 2316 superbe
919 2273 1068 2317 sapere
1082 2293 1093 2313 ,
1118 2273 1262 2318 neque
1283 2273 1454 2318 sperare

66 2323 113 2368 in
137 2325 306 2370 incerto
335 2324 609 2386 divitiarum,
639 2328 715 2372 sed
746 2328 792 2371 in
820 2333 905 2373 Deo
934 2328 1033 2374 vivo
1053 2330 1102 2387 93
1135 2329 1205 2374 cui
1231 2327 1358 2373 facile
1391 2337 1454 2373 est

117 2446 126 2462 ¹
143 2439 224 2472 Psal.
241 2451 293 2481 cx,
313 2438 345 2481 4.
368 2457 403 2463 —
428 2447 441 2464 ²
459 2442 572 2475 Matth.
593 2453 731 2485 xxr,>19,
752 2452 805 2475 20.
825 2459 866 2465 --
881 2441 894 2466 3
909 2443 988 2475 Psal.
1008 2454 1058 2485 cx,
1078 2442 1110 2475 5.
1132 2459 1173 2466 —-
1195 2442 1212 2468 l*
1229 2445 1325 2476 Joan.
1344 2442 1391 2485 vi,
1412 2454 1455 2487 27

69 2500 102 2527 et
119 2494 172 2527 51.
196 2494 261 2519 ——5
282 2499 374 2528 Rom.
399 2508 433 2536 v,
451 2496 484 2529 6.
505 2515 546 2521 -
560 2495 576 2522 6
595 2498 674 2532 psal.
695 2510 744 2539 cx,
759 2499 791 2530 6.
816 2516 855 2522 -
875 2506 888 2532 7
914 2498 1100 2532 Matt11.xxx
1115 2524 1125 2541 ,
1143 2497 1261 2534 24-26.
1282 2516 1324 2523 -
1340 2497 1355 2522 8
1370 2499 1450 2532 Psal.

70 2563 120 2592 cx,
141 2563 170 2594 7.
190 2570 228 2575 --
248 2561 263 2585 9
287 2565 299 2585 ι
319 2554 398 2585 Τίη],
416 2566 460 2595 vr,
481 2566 531 2596 12·v
