1848 3261
245 240 485 268 ENARRATio
518 242 561 267 IN
595 241 794 267 PSALMUM
826 239 960 264 cxviii
980 257 991 275 ‚
1026 236 1164 266 sssnmo
1195 239 1295 266 xxv.
1388 228 1464 265 501

102 325 121 346 »
156 321 221 348 res
242 307 393 349 terrae?
413 302 432 344 Ξ)
462 305 545 348 Sed
564 305 633 348 hic
649 303 932 364 quaestionem
946 304 1217 361 proposuisse
1240 303 1473 347 suffeceriti

97 375 206 429 alio,
233 376 267 419 si
300 379 411 419 Deus
445 374 692 429 donaverit,
727 387 924 416 sermone
956 372 1246 426 tractandam,
1271 388 1326 416 ne
1350 373 1475 432 hujus

96 445 315 505 prolixitas
347 461 442 489 eam
476 454 599 503 cogat
628 443 848 501 angustius
870 442 1096 502 explicari,
1129 457 1260 502 quam
1281 452 1332 487 ut
1362 443 1475 486 bene

95 516 228 574 possit
250 516 369 576 quod
392 515 630 575 explicatur
649 513 848 572 intelligi.

700 681 877 688 ——————

587 784 808 825 SERMO
852 784 998 823 XXV.

157 930 191 970 Ι.
228 931 484 980 ΩυΕΒιΜυε,
505 927 539 970 si
561 929 650 970 Deo
672 926 883 985 largiente
900 925 1094 970 invenire
1111 925 1344 984 possimus,
1370 941 1485 986 quo==

97 995 228 1040 modo
246 996 580 1055 intelligendum
597 997 650 1039 sit
664 995 783 1056 quod
797 997 842 1039 in
859 997 940 1040 isto
954 995 1124 1040 Psalmo
1138 1011 1297 1054 magno
1314 994 1481 1039 dictum

96 1077 159 1111 est
185 1087 193 1111 :
223 1087 243 1109 «
271 1069 644 1122 Praevaricatores‚
674 1085 694 1107 »
725 1066 793 1111 vel
816 1067 982 1126 potius,
1028 1084 1045 1105 «
1072 1065 1427 1125 pi'aevaricantes3
1458 1084 1478 1105 »

97 1154 261 1197 graecus
317 1139 430 1182 enim
469 1146 718 1193 euastata-mu
744 1139 803 1182 ait
820 1173 832 1192 ‚
882 1153 969 1181 non
1004 1144 1193 1190 παραὲάτας
1214 1158 1222 1178 :
1250 1136 1486 1196 quaerimus

98 1226 199 1268 ergo
222 1208 444 1269 quomodo
466 1208 801 1268 intelligendum
826 1208 879 1252 sit
907 1227 915 1252 :
945 1228 964 1249 «
990 1207 1325 1251 Praevaricantes
1346 1207 1486 1266 depu-

98 1297 118 1319 »
155 1280 238 1322 tavi
258 1295 407 1323 omnes
428 1290 674 1338 peccatores
697 1288 838 1322 terrae.
868 1297 887 1318 »
911 1281 1092 1336 Propter
1119 1276 1240 1337 quod
1263 1276 1321 1320 ait
1343 1281 1485 1336 Apos-

97 1348 211 1393 tolus
237 1369 246 1394 :
278 1370 297 1391 «
321 1349 404 1393 Ubi
427 1350 543 1392 enirn
575 1348 643 1392 lex
667 1365 755 1392 non
776 1358 865 1401 est,
892 1364 971 1391 nee
1004 1348 1314 1406 preevaricatio.
1344 1366 1364 1388 »
1392 1350 1486 1391 Hoc

96 1430 242 1464 autem
266 1419 393 1473 dixit,
420 1435 521 1463 eum
544 1436 566 1462 a
601 1418 694 1476 lege
728 1419 934 1478 promissa
967 1418 1269 1476 distingueret.
1305 1420 1414 1462 Nam
1436 1426 1487 1461 ut

95 1490 150 1534 de
171 1490 465 1550 superioribus
480 1505 626 1533 sensus
650 1489 818 1548 plenior
840 1488 1093 1547 colligatur:
1120 1508 1137 1529 «
1163 1491 1260 1532 Non
1274 1488 1389 1531 enim
1407 1503 1484 1547 per

97 1575 117 1601 τ)
151 1560 316 1619 legem,
340 1560 507 1620 inquit,
545 1560 766 1618 promissio
795 1559 983 1603 Abrahae
1015 1567 1090 1601 aut
1111 1557 1263 1601 semini
1295 1560 1410 1618 ejus,
1436 1567 1485 1601 ut

99 1649 118 1671 »
154 1631 290 1674 haeres
313 1640 423 1674 esset
445 1629 621 1685 mundi3
641 1629 716 1673 sed
738 1644 815 1688 per
833 1628 1042 1688 justitiam
1059 1626 1174 1670 fidei.
1205 1627 1248 1671 Si
1270 1627 1383 1670 enim
1407 1628 1483 1686 qui

99 1721 118 1743 »
154 1718 230 1761 per
250 1702 388 1759 legem
402 1701 595 1745 haeredes
613 1710 737 1755 sunt,
758 1700 973 1743 exinanita
993 1708 1056 1742 est
1077 1698 1204 1752 fides,
1222 1707 1264 1741 et
1278 1708 1485 1743 evacuata

98 1793 117 1814 »
154 1782 216 1817 est
237 1773 492 1831 promissio:
527 1773 594 1816 lex
623 1772 737 1815 enim
764 1772 872 1814 iram
903 1779 1130 1828 operatur3
1159 1768 1235 1811 ubi
1254 1769 1370 1812 enim
1393 1785 1484 1813 non

98 1862 117 1883 n
154 1853 216 1886 est
247 1843 340 1891 lex,
375 1857 454 1885 nee
478 1840 788 1900 praevaricatio.
824 1839 928 1882 Ideo
957 1854 1006 1881 ex
1028 1838 1135 1892 fide,
1165 1847 1215 1881 ut
1242 1840 1485 1882 secundum

100 1932 118 1955 η
154 1913 333 1971 gratiam
348 1913 471 1955 firma
493 1912 546 1956 sit
564 1911 792 1971 promissio
805 1910 923 1953 omni
946 1909 1121 1965 semini3
1138 1925 1227 1953 non
1249 1910 1288 1952 ei
1311 1919 1482 1953 tantum

100 2003 118 2024 »
155 1982 275 2043 quod
293 1982 450 2040 exlege
463 1991 546 2035 est,
563 1980 638 2025 sed
660 1990 703 2024 et
720 1981 758 2023 ei
771 1978 891 2040 quod
909 1996 958 2023 ex
973 1978 1058 2022 fide
1071 1989 1134 2022 est
1151 1979 1387 2034 Abraham,
1407 1981 1483 2039 qni

99 2073 117 2095 »
154 2064 217 2097 est
238 2063 359 2112 pater
382 2052 579 2096 omnium
601 2054 839 2095 nostrum¹.
870 2069 889 2091 »
917 2052 1005 2095 Cur
1026 2051 1109 2094 hoo
1132 2050 1364 2109 Apostolus
1387 2051 1446 2095 ait
1466 2085 1477 2105 ‚

99 2125 174 2168 nisi
200 2135 249 2167 ut
270 2122 517 2167 ostenderet
539 2122 677 2180 legent
700 2122 790 2166 sine
805 2121 1093 2180 promissionis
1117 2121 1253 2179 gratia
1270 2156 1280 2175 ,
1302 2136 1391 2165 non
1413 2137 1484 2165 so-

99 2195 184 2240 lum
212 2212 298 2239 non
324 2193 513 2249 auferre,
540 2209 690 2237 verum
710 2203 753 2237 et
775 2209 932 2252 augere
954 2194 1208 2252 peccatum?
1231 2191 1356 2236 Unde
1369 2201 1411 2235 et
1426 2191 1482 2236 il-

99 2269 174 2312 lud
196 2278 259 2312 est
277 2288 284 2312 :
307 2288 326 2309 «
346 2270 433 2311 Lex
455 2267 740 2318 subintravit,
757 2274 806 2308 ut
822 2263 1065 2308 abundaret
1083 2262 1330 2307 delictum&
1355 2281 1375 2303 »
1397 2262 1482 2307 Sed

98 2340 199 2400 quia
223 2338 365 2382 omnia
384 2353 460 2396 per
483 2336 662 2394 gratiam
686 2335 968 2379 dimittuntur
983 2370 993 2389 ‚
1015 2349 1104 2377 non
1121 2332 1260 2377 solum
1279 2348 1378 2392 quae
1393 2333 1483 2376 sine

102 2410 219 2469 lege,
261 2409 545 2453 verumetiam
569 2424 667 2468 quae
694 2408 737 2450 in
763 2406 859 2465 lege
892 2405 1118 2450 commissa
1147 2413 1273 2460 sunt3
1302 2402 1400 2447 ideo
1422 2403 1480 2445 ibi

99 2492 270 2524 secutus
302 2478 524 2538 adjunxit:
560 2499 578 2520 «
605 2478 688 2522 Ubi
711 2486 854 2520 autem
881 2475 1119 2519 abundavit
1142 2473 1349 2517 delictum
1366 2508 1376 2526 τ
1408 2488 1482 2515 su-

129 2583 154 2598 ‘¹
180 2579 255 2606 Rom
295 2587 336 2613 iv,
360 2574 466 2605 13-16.
490 2591 529 2596 —-
552 2581 562 2595 ²
584 2575 614 2604 Η
652 2585 682 2607 ν,
711 2585 750 2603 κω
