1848 3261
281 260 520 287 mariniano
552 261 566 285 1
598 261 642 286 m
676 259 877 287 PsALMUM
908 260 974 296 c1,
1008 258 1146 285 SErt-wio
1181 262 1210 284 1.
1381 247 1431 285 31

56 326 131 380 cit,
163 325 249 369 avis
274 333 336 368 est
358 324 558 368 habitans
585 324 631 367 in
658 322 905 368 solitudine.
938 323 1220 380 Nycticorax,
1254 323 1341 367 avis
1374 331 1438 367 est

53 410 201 440 amans
225 403 413 438 noctem.
453 394 681 438 Parietinae
714 393 934 448 dicuntur,
961 388 1067 453 quas
1097 392 1229 450 vulgo
1253 392 1437 436 dicimus

52 466 214 520 ruinas,
233 465 310 508 ubi
329 464 512 523 parietes
529 473 645 508 stant
666 464 756 508 sine
771 473 902 518 tecto,
921 464 1012 507 sine
1029 462 1328 506 habitantibus
1348 482 1356 507 ;
1377 463 1438 506 ibi

55 536 224 580 habitat
241 539 507 593 nycticorax.
542 537 638 579 Jani
663 549 764 578 vero
793 549 937 593 passer
964 543 1007 577 et
1038 542 1204 577 tectum
1227 532 1335 592 quid
1364 533 1434 588 sit,

55 607 203 651 nostis.
227 607 406 651 Invenio
420 621 520 664 ergo
544 605 736 666 aliquem
754 604 809 649 de
825 620 1004 665 corpore
1026 602 1200 659 Christi,
1226 604 1438 663 praedica-

55 687 193 722 torem
219 678 363 733 verbi,
400 678 733 737 compatientem
761 677 965 732 infirmis,
1008 685 1275 737 quaerentem
1318 676 1439 720 lucra

54 749 239 804 Christi,
271 749 617 793 reminiscentem
657 749 824 793 Domini
865 748 932 792 sui
960 748 1160 803 venturi,
1200 763 1256 791 ne
1298 747 1436 802 dicat,

57 838 78 862 «
114 822 243 864 Serve
260 835 450 880 nequam
470 829 513 863 et
534 819 671 878 piger,
693 820 815 863 dares
828 819 1055 879 pecuniam
1075 833 1215 862 meam
1238 833 1440 862 nummu-

57 907 78 931 »
112 889 227 934 lariis
253 893 283 934 ¹.
312 909 331 931 »
359 894 423 935 Ex
444 891 573 950 hujus
597 889 901 950 dispensatoris
928 889 1074 933 ossicio
1101 888 1323 933 videamus
1347 889 1440 932 haec

54 961 148 1005 tria.
179 961 359 1005 Venerit
382 962 494 1004 inter
517 960 683 1021 aliquos
714 961 791 1004 ubi
814 961 1047 1006 Christiani
1069 976 1159 1004 non
1185 969 1308 1017 sunt,
1332 959 1442 1019 peli-

54 1046 186 1076 canus
209 1040 274 1076 est
293 1032 338 1075 in
361 1031 595 1076 solitudine
616 1051 625 1076 :
647 1032 815 1076 venerit
837 1030 892 1075 ad
916 1047 988 1075 eos
1010 1031 1087 1091 qui
1109 1030 1290 1074 fuerunt
1312 1040 1354 1075 et
1375 1045 1441 1074 ce-

54 1101 270 1157 ciderunt,
295 1102 546 1159 nycticorax
568 1111 632 1147 est.
653 1102 697 1145 in
724 1101 979 1160 purietini83
1011 1117 1101 1146 non
1136 1102 1263 1145 enim-
1282 1101 1441 1144 deserit

54 1182 98 1216 et
114 1173 315 1216 tenebras
335 1187 485 1216 eorum
508 1172 584 1232 qui
610 1172 810 1216 habitant
830 1172 875 1216 in
897 1181 1053 1230 noete,
1079 1182 1122 1217 et
1143 1172 1255 1232 ipsos
1281 1171 1441 1216 lucrari

54 1242 149 1289 vult
174 1262 183 1287 :
208 1244 377 1288 venerit
392 1243 447 1288 ad
470 1258 543 1288 eos
563 1244 640 1303 qui
661 1243 892 1289 Christiani
913 1252 1015 1288 sunt
1031 1243 1211 1304 quidem
1233 1244 1439 1287 habitan-

55 1323 117 1359 tes
138 1315 184 1358 in
206 1313 354 1369 domo,
391 1329 480 1358 non
507 1315 630 1374 quasi
662 1314 739 1375 qui
766 1330 855 1359 non
885 1314 1165 1370 crediderint,
1206 1324 1281 1359 aut
1318 1314 1440 1374 quod

54 1384 328 1429 crediderant
359 1384 616 1440 dimiserint,
652 1385 727 1429 'sed
759 1387 805 1429 in
833 1402 885 1430 eo
922 1385 1043 1446 quod
1079 1386 1265 1430 credunt
1292 1384 1438 1445 tepide

53 1455 351 1513 ambulantes,
371 1455 530 1500 clamat
547 1455 603 1500 ad
619 1471 690 1500 eos
708 1472 866 1515 passer,
887 1472 977 1500 non
997 1457 1044 1500 in
1065 1455 1314 1511 solitudine,
1335 1455 1440 1516 quia

55 1526 289 1572 Christiani
311 1535 434 1583 sunt,
468 1542 548 1571 nec
577 1526 623 1570 in
645 1527 880 1586 parietinis,
918 1527 1023 1587 quia
1044 1542 1135 1571 non
1157 1526 1437 1583 ceciderunt,

52 1597 129 1642 sed
146 1607 290 1642 tamen
310 1598 352 1642 in
378 1607 493 1643 tecto
513 1607 616 1642 sunt
633 1619 644 1656 3
664 1599 746 1642 sub
763 1608 879 1643 tecto
896 1599 1058 1659 potius,
1080 1599 1183 1659 quia
1205 1599 1287 1643 sub
1310 1613 1439 1643 carne

52 1678 170 1714 sunt.
197 1668 277 1713 Ille
299 1685 428 1729 super
449 1685 624 1714 carnem
651 1670 809 1714 clamat
830 1686 991 1730 passer,
1017 1679 1233 1730 praecepta
1251 1670 1329 1715 Dei
1350 1685 1441 1714 non

53 1748 183 1795 tacet,
208 1755 289 1784 nec
312 1740 361 1784 fit
377 1739 577 1795 carnalis,
602 1750 653 1784 ut
673 1741 930 1801 subjiciatur
950 1750 1080 1786 tecto.
1113 1763 1133 1783 u
1157 1741 1244 1794 Qui
1266 1741 1442 1786 enimin

58 1830 77 1852 »
111 1819 228 1855 tecto
259 1821 338 1866 est,
363 1827 454 1855 non
475 1810 708 1856 descendat
730 1812 884 1856 tollere
915 1811 1081 1873 aliquid
1112 1811 1167 1856 de
1189 1811 1353 1856 domo²
1380 1831 1388 1857 :
1416 1830 1436 1853 »

53 1890 120 1937 et,
160 1900 181 1924 «
206 1881 333 1935 Quod
362 1881 408 1925 in
441 1897 544 1926 aure
577 1882 757 1936 auditis,
800 1882 1036 1942 praedicate
1064 1898 1193 1943 super
1231 1884 1390 1927 tecta³.
1417 1901 1438 1924 »

55 1955 154 1997 Istae
185 1961 272 1996 tres
300 1967 398 1996 aves
428 1962 472 1996 et
498 1953 580 1997 tria
607 1952 728 2008 loca,
755 1962 798 1998 et
826 1969 939 1998 unus
961 1954 1094 1998 homo
1116 1963 1258 2014 potest
1278 1954 1440 1998 habere

53 2037 286 2083 personam
309 2022 444 2067 trium
472 2024 640 2077 avium,
671 2033 714 2067 et
735 2033 820 2068 tres
848 2025 1046 2069 homines
1067 2035 1249 2084 possunt
1278 2025 1441 2069 habere

54 2108 284 2154 personam
308 2092 439 2137 trium
459 2093 630 2151 avium3
655 2104 698 2138 et
726 2094 808 2138 tria
833 2111 991 2154 genera
1017 2095 1233 2151 locorum,
1258 2097 1338 2140 tria
1364 2111 1441 2155 ge-

55 2180 158 2210 nera
182 2173 284 2209 sunt
314 2164 542 2209 hominum
579 2184 587 2209 :
614 2173 761 2209 tamen
783 2165 973 2211 solitudo
988 2203 998 2222 ,
1025 2168 1267 2227 parietinae,
1292 2176 1335 2212 et
1357 2177 1444 2212 tec-

55 2244 168 2291 tum,
190 2235 364 2279 nonnisi
386 2235 467 2279 tria
484 2250 639 2293 genera
655 2236 884 2280 hominum
899 2246 1016 2281 sunt.

66 2346 68 2348 ,
115 2309 239 2350 VIII.
270 2305 354 2351 Sed
376 2305 484 2366 quid
505 2305 561 2350 de
578 2306 643 2350 his
666 2305 933 2366 plurimum?
956 2311 1103 2367 Ipsum
1120 2309 1358 2353 Dominum
1374 2309 1442 2353 vi-

57 2377 252 2433 deamus,
284 2393 339 2421 ne
361 2376 473 2422 forte
495 2377 586 2437 ipse
609 2378 686 2432 sit,
719 2387 762 2421 et
784 2378 937 2422 melius
966 2379 1056 2439 ipse
1091 2389 1344 2438 agnoscatur
1361 2416 1371 2435 ,
1404 2390 1448 2425 et

57 2448 278 2508 pelicanus
299 2448 344 2491 in
364 2447 614 2503 solitudine,
632 2458 674 2492 ct
693 2449 942 2505 nycticorax
961 2451 1005 2498 in
1023 2450 1258 2509 parietinis,
1285 2460 1328 2494 et
1348 2467 1447 2510 pas-

59 2534 126 2563 ser
146 2518 372 2577 singularis
385 2518 432 2562 in
453 2528 584 2563 tecto.
612 2520 734 2563 Dicat
750 2519 876 2564 nobis
899 2535 1065 2580 pauper
1080 2521 1176 2576 iste,
1194 2530 1326 2580 caput
1345 2537 1446 2567 nos-

108 2611 116 2626 ¹
138 2604 252 2636 matth.
278 2613 378 2644 xxvn,
399 2603 453 2636 26.
472 2620 511 2626 -
537 2610 548 2626 ²
567 2604 614 2636 ld.
640 2614 728 2645 xxiv,
753 2614 801 2646 ι’).
824 2622 864 2627 -
887 2602 959 2637 3Id.
981 2617 1013 2646 x,
1035 2615 1089 2648 27.
