1848 3261
344 190 454 225 *260
795 198 828 223 s.
865 194 1094 221 AUGUSTINI
1126 193 1308 219 Eriscoffl

367 265 448 306 isto
474 260 642 305 Psalmo
663 258 821 318 legitur
847 278 856 303 :
885 277 902 298 «
929 262 1013 302 Pro
1035 273 1085 301 eo
1107 265 1157 299 ut
1175 255 1403 312 diligerent
1423 268 1493 296 me
1508 287 1518 307 ,
1543 252 1746 296 detrahe-

375 351 392 372 »
429 331 536 374 bant
564 330 683 373 mihi.
722 350 738 370 »
765 327 1046 373 Dilectionem
1070 326 1232 386 quippe
1264 323 1484 368 debebant
1504 322 1634 366 tantis
1663 324 1750 365 Do-

370 401 478 444 mini
513 399 730 444 beneficiis
751 420 762 456 3
798 414 928 458 quam
956 414 1045 442 non
1079 396 1219 440 solum
1265 394 1440 437 minime
1476 392 1746 445 reddebant,

369 470 653 515 verumetiam
685 485 762 529 pro
790 468 864 512 illo
897 468 1013 512 bono
1047 465 1299 524 irrogabant
1320 463 1498 507 malum.
1525 466 1620 507 Duo
1647 477 1750 507 vero

367 540 510 585 media
534 557 633 601 quae
651 539 836 583 diximus
857 538 1085 582 hominum
1106 535 1299 596 quodam
1322 534 1452 577 modo
1475 548 1563 576 esse
1585 531 1753 576 medio-

371 627 490 666 rum,
515 612 573 654 ita
605 625 650 654 se
682 609 846 652 habent
865 643 875 662 ,
907 617 957 651 ut
984 622 1134 651 eorum
1162 606 1282 665 prius
1299 640 1310 660 ,
1337 603 1457 664 quod
1478 613 1542 647 est
1572 603 1752 647 reddere

369 683 487 725 bona
517 696 596 739 pro
619 678 744 723 bonis
760 713 770 733 ‚
796 678 988 721 habeant
1017 686 1060 720 et
1083 677 1188 720 boni
1204 711 1215 730 ,
1243 684 1285 719 et
1307 674 1580 719 mediocriter
1615 674 1718 717 boni
1737 708 1749 727 ,

370 750 439 795 vel
463 750 736 793 mediocriter
756 747 873 791 mali.
889 746 992 791 Ideo
1015 747 1224 790 Dominus
1241 746 1325 789 hoc
1347 761 1435 789 non
1456 743 1750 804 reprehendit,

371 821 447 865 sed
470 835 559 864 non
584 818 680 863 vult
699 819 746 862 in
773 834 824 862 eo
846 817 936 862 solo
967 815 1204 876 Discipulos
1223 831 1320 859 suos
1342 830 1594 874 permanere
1610 849 1621 865 ,
1646 829 1756 874 quos

372 890 469 935 vult
490 889 543 934 ad
565 891 726 949 majora
750 889 986 948 provehere
1021 907 1030 932 2
1064 886 1221 946 quibus
1244 885 1348 929 dicit
1379 904 1387 930 :
1418 904 1434 924 «
1465 885 1507 929 Si
1526 883 1758 927 dilexeritis

380 984 396 1002 »
433 977 504 1005 eos
526 961 600 1020 qui
633 976 709 1004 vos
737 960 946 1016 diligunt,
978 957 1023 1001 id
1058 966 1148 1012 est,
1183 956 1217 1000 si
1249 955 1519 999 reddideritis
1543 954 1657 998 bona
1678 968 1757 1013 pro

381 1053 399 1073 »
434 1032 582 1086 bonis,
621 1045 753 1090 quam
787 1030 1031 1073 mercedem
1054 1027 1291 1081 habebitis,
1315 1025 1362 1069 id
1384 1034 1447 1069 est
1466 1060 1477 1080 ,
1503 1025 1610 1085 quid
1632 1040 1757 1083 mag-

381 1123 399 1145 »
435 1117 542 1145 num
563 1100 758 1145 facietis?
779 1115 925 1144 nonne
947 1108 990 1143 et
1008 1098 1235 1142 Publicani
1253 1099 1336 1142 hoc
1357 1098 1526 1142 faciunt
1542 1099 1589 1138 ²?
1612 1117 1628 1137 »
1655 1095 1761 1140 Vult

377 1183 523 1218 autem
545 1172 641 1216 illos
658 1182 701 1216 et
717 1173 800 1216 hoc
821 1171 978 1226 facere,
1003 1181 1046 1215 et
1066 1172 1195 1229 longe
1217 1171 1416 1231 amplius,
1436 1171 1482 1215 id
1503 1180 1581 1225 est,
1602 1181 1652 1215 ut
1672 1186 1762 1214 non

375 1243 518 1288 solum
535 1244 707 1297 amicos,
726 1243 1007 1286 verumetiam
1030 1242 1226 1286 inimicos
1246 1242 1444 1300 diligant.
1457 1242 1672 1285 Posterius
1689 1256 1764 1284 au-

380 1324 469 1358 tem
483 1349 495 1368 ,
522 1313 643 1374 quod
666 1323 728 1357 est
750 1313 930 1357 reddere
952 1312 1064 1357 mala
1086 1329 1164 1372 pro
1186 1313 1308 1357 malis
1323 1349 1334 1367 ,
1354 1313 1546 1356 habeant
1567 1321 1609 1355 et
1631 1312 1731 1356 mali
1746 1346 1758 1366 ,

378 1394 421 1428 et
441 1384 718 1428 mediocriter
740 1383 864 1437 mali,
889 1382 958 1427 vel
981 1382 1252 1427 mediocriter
1273 1384 1403 1428 boni:
1429 1398 1567 1443 usque
1585 1381 1692 1427 adeo
1713 1391 1764 1426 ut

380 1458 468 1499 Lex
495 1456 552 1498 eis
577 1454 746 1498 dederit
767 1454 1003 1498 ulciscendi
1021 1455 1201 1497 modum
1217 1489 1227 1505 ,
1259 1473 1275 1493 «
1302 1453 1488 1497 Oculum
1511 1469 1588 1512 pro
1606 1453 1734 1497 oculo
1750 1487 1762 1508 ‚

385 1546 402 1567 »
439 1525 616 1570 dentem
646 1541 726 1584 pro
755 1525 885 1568 dente
904 1528 921 1550 ²
953 1545 961 1569 :
1002 1546 1019 1565 »
1047 1541 1144 1584 quae
1173 1525 1206 1568 si
1240 1524 1325 1568 dici
1348 1533 1489 1583 potest
1506 1525 1767 1584 injustorum

374 1592 540 1656 justitia
562 1606 639 1639 est.
656 1598 752 1640 Non
770 1595 871 1655 quia
889 1596 1091 1653 iniquum
1113 1605 1176 1638 est
1198 1604 1248 1638 ut
1268 1596 1447 1654 recipiat
1467 1595 1767 1655 unusquisque

381 1667 503 1728 quod
520 1666 691 1724 feeerit,
707 1665 868 1726 alioqui
891 1669 977 1709 Lex
1000 1681 1276 1725 nequaquam
1298 1665 1343 1708 id
1361 1666 1643 1709 constitueret
1663 1684 1672 1709 2
1693 1665 1769 1709 sed

384 1738 485 1798 quia
514 1736 750 1781 ulciscendi
781 1735 921 1779 libido
953 1736 1104 1780 vitiosa
1133 1744 1224 1789 est,
1250 1735 1473 1795 magisque
1496 1735 1550 1778 ad
1574 1735 1770 1794 judicem

386 1808 572 1867 pertinet
605 1808 718 1851 inter
750 1806 854 1850 alios
878 1806 960 1849 hoc
983 1805 1240 1860 decernere,
1279 1821 1412 1865 quam
1434 1806 1601 1849 bonum
1627 1805 1771 1849 homi-

385 1894 485 1922 nem
507 1877 589 1921 sibi
620 1886 831 1936 expetere.
869 1881 1138 1934 Quapropter
1160 1875 1282 1934 impii
1309 1890 1361 1918 ex
1391 1874 1464 1918 illa
1491 1875 1770 1933 benignitatis

386 1949 631 1993 summitate
663 1947 857 2007 delapsi,
894 1946 971 1990 ubi
1005 1945 1250 1990 redduntur
1287 1946 1402 1989 bona
1428 1961 1507 2004 pro
1540 1945 1662 1989 malis
1683 1980 1693 1999 ,
1717 1945 1773 1988 ad

388 2027 595 2079 quantam
611 2016 885 2075 malignitatis
897 2015 1243 2075 profunditatem
1260 2025 1474 2059 venerunt
1491 2014 1773 2058 retribuendo

389 2087 503 2132 mala
524 2103 602 2147 pro
625 2088 779 2131 bonis?
801 2096 966 2146 quanto
986 2086 1223 2145 praecipitio
1240 2094 1305 2129 tot
1323 2084 1478 2142 gradus
1498 2085 1774 2143 interpositos

389 2159 684 2203 transierunt?
706 2161 792 2202 Nec
816 2173 997 2216 parvum
1021 2156 1185 2217 aliquid
1207 2156 1350 2215 putari
1384 2156 1536 2210 debet,
1563 2156 1662 2215 quia
1685 2171 1775 2200 non

392 2231 452 2274 ait
478 2249 486 2274 :
514 2233 596 2273 Pro
613 2245 664 2273 eo
686 2237 733 2272 ut
755 2227 983 2286 diligerent
1003 2242 1073 2270 me
1091 2262 1101 2281 ,
1123 2226 1443 2270 interficiebant
1463 2241 1552 2270 me:
1569 2224 1673 2269 scd«
1688 2229 1774 2269 De-

399 2321 416 2341 »
451 2300 681 2344 trahebant
702 2299 822 2342 mihi.
855 2320 870 2338 »
900 2298 1002 2341 ldeo
1024 2297 1185 2357 quippe
1204 2294 1517 2339 interfecerunt
1532 2331 1542 2351 ,
1568 2296 1672 2355 quia
1695 2294 1771 2339 de-

397 2379 645 2425 traxerunt,
672 2377 876 2426 negantes
909 2367 986 2411 Dei
1018 2367 1205 2420 Filium,
1231 2375 1274 2410 et
1305 2365 1497 2411 dicentes
1528 2367 1648 2426 quod
1680 2384 1697 2406 «
1725 2368 1777 2409 In

401 2461 419 2481 ³»
454 2440 648 2500 principe
678 2438 994 2482 daemoniorum
1028 2436 1143 2496 ejicit
1175 2436 1413 2480 daemonia3
1441 2456 1449 2480 :
1480 2457 1498 2478 »
1536 2445 1606 2491 et,
1636 2455 1652 2475 «
1679 2438 1777 2479 Dae-

446 2531 453 2546 ¹
475 2524 585 2555 Maith.
607 2535 639 2564 v,
655 2523 707 2564 46.
727 2539 767 2544 --
788 2529 800 2544 ²
821 2525 914 2554 Dcut.
936 2532 1002 2562 nx,
1023 2529 1077 2552 21.
1099 2537 1139 2543 -
1156 2518 1168 2543 3
1188 2523 1264 2552 Luc.
1284 2531 1327 2560 xi,
1346 2520 1399 2551 15.
