1848 3261
398 209 482 249 350
835 217 870 244 s.
903 213 1135 244 Aucus-nm
1165 214 1347 244 EP1scoi>1

397 305 416 328 »
451 298 559 327 num
573 283 605 326 1.
636 299 654 323 »
675 282 791 341 Ergo
811 289 862 325 ut
878 281 1005 326 etiam
1028 280 1107 340 ipsi
1138 288 1460 339 perseveranter
1486 279 1774 325 extendantur

392 355 439 399 in
454 370 503 398 ea
524 369 624 414 quae
651 361 751 396 ante
779 361 880 396 sunt
898 372 909 409 3
933 360 976 395 et
997 360 1315 410 perseveranter
1341 360 1515 395 currant
1537 350 1675 395 donec
1697 367 1775 411 ap-

393 424 667 484 prehendant
687 422 733 465 in
755 437 843 482 quo
869 421 1125 480 apprehensi
1147 423 1302 474 sunt&
1327 430 1370 464 et
1385 430 1647 479 cognoscant
1665 420 1775 465 sicut

392 504 436 539 et
451 493 612 552 cogniti
625 493 750 537 sunt3
768 511 776 537 ε
803 510 822 533 ι(
839 492 1023 551 Adjutor
1036 506 1187 536 eorum
1200 499 1243 535 et
1255 500 1474 550 protector
1491 507 1642 536 eorum
1664 500 1742 535 est.
1753 510 1772 532 ³>

391 564 573 624 Utrique
594 563 710 606 enim
735 580 752 602 «
781 561 953 605 Timent
979 561 1233 616 Dominum,
1261 570 1304 604 et
1324 570 1605 620 sperave-runt
1620 561 1668 604 in
1688 563 1778 605 Do-

394 655 413 678 »
446 636 614 679 minum
640 652 648 678 :
674 632 846 692 adjutor
862 647 1015 676 eorum
1031 642 1075 676 et
1091 641 1311 692 protector
1334 647 1485 676 eorum
1505 641 1568 676 est
1582 632 1615 677 4.
1645 651 1664 673 »

450 707 528 749 ΙΧ.
558 706 710 764 Neque
732 703 850 747 enim
872 719 950 748 nos
970 703 1131 746 meritis
1154 703 1312 747 nostris
1340 703 1630 763 praevenimus
1646 702 1778 746 mise-

390 774 621 820 ricordiam
649 773 854 818 Domini:
885 772 982 828 sed,
1012 792 1030 814 «
1056 773 1267 817 Dominus
1297 788 1463 817 memor
1496 772 1582 816 fuit
1608 772 1776 828 nostri,

395 866 415 889 >›
450 855 494 890 et
523 843 743 889 benedixit
780 860 873 889 nos.
910 842 1136 888 Benedixit
1169 843 1350 888 domum
1373 843 1527 899 Isra'e'l,
1558 842 1780 887 benedixit

394 938 412 961 »
453 916 634 962 domum
660 919 820 961 Aaron.
849 935 867 957 »
888 917 1103 974 Utrosque
1125 923 1271 958 autem
1288 914 1572 968 benedicens,
1603 932 1620 953 «
1646 916 1780 956 Bene-

397 1010 415 1032 »
451 988 557 1033 dixit
579 1003 729 1033 omnes
751 987 951 1031 timentes
976 985 1252 1030 Dominum⁵.
1276 1005 1293 1025 »
1320 984 1486 1037 Quaeris
1509 999 1618 1044 quos
1638 993 1780 1028 utros-

393 1061 507 1120 que?
536 1057 867 1118 Respondetur⁷
904 1076 925 1098 (ς
952 1055 1135 1100 Pusillos
1170 1071 1271 1099 cum
1293 1055 1473 1112 magnis.
1504 1074 1523 1096 »
1558 1057 1651 1098 Hoc
1684 1063 1777 1109 est,

394 1131 574 1175 domum
599 1129 730 1173 Israel
751 1143 850 1172 cum
872 1127 1003 1172 domo
1025 1130 1194 1181 Aaron,
1231 1142 1302 1170 eos
1329 1126 1482 1186 utique
1513 1125 1588 1185 qui
1619 1141 1669 1168 ex
1689 1125 1781 1184 ipsa

394 1211 521 1261 gente
551 1200 831 1245 crediderunt
858 1199 904 1242 in
927 1198 1194 1243 Salvatorem
1226 1199 1403 1254 Jesum3
1438 1215 1455 1236 «
1483 1196 1592 1249 Quia
1625 1211 1714 1239 non
1735 1195 1783 1239 in

397 1294 415 1315 »
451 1272 654 1317 omnibus
677 1270 760 1314 illis
782 1270 894 1314 bene
917 1268 1080 1328 placuit
1098 1268 1227 1312 Deoss.
1248 1266 1333 1312 Sed
1355 1267 1388 1311 si
1405 1267 1582 1326 quidam
1605 1265 1782 1310 illorum

398 1365 416 1387 »
452 1360 541 1388 non
564 1342 841 1387 crediderunt
857 1376 868 1396 ‚
894 1338 1110 1399 numquid
1138 1338 1418 1382 incredulitas
1451 1337 1626 1381 illorum
1649 1337 1782 1381 fidem

396 1437 417 1459 »
452 1417 530 1460 Dei
545 1413 799 1460 evacuabit?
816 1412 942 1456 Absit
954 1413 986 1454 ⁷.
1013 1431 1030 1453 »
1049 1413 1200 1470 Neque
1220 1410 1338 1454 enim
1355 1425 1503 1454 omnes
1522 1409 1596 1470 qui
1614 1418 1715 1453 sunt
1732 1424 1783 1452 ex

400 1510 416 1530 »
453 1486 607 1541 Israel,
628 1485 674 1529 hi
697 1492 798 1528 sunt
820 1481 977 1540 Israel3
1001 1496 1144 1540 neque
1162 1481 1237 1540 qui
1252 1494 1399 1524 semen
1420 1489 1523 1523 sunt
1541 1480 1779 1535 Abraham,

399 1580 417 1602 »
453 1573 602 1603 omues
623 1555 701 1600 filii
722 1575 732 1612 3
763 1575 780 1596 ³>
806 1554 881 1598 sed
904 1553 1014 1597 sicut
1031 1552 1240 1611 scriptum
1263 1560 1345 1606 est,
1381 1569 1398 1591 «
1426 1550 1637 1610 Reliquiae
1655 1549 1784 1593 salvae

399 1650 416 1672 >›
452 1628 579 1673 factae
598 1636 714 1671 sunt.
745 1646 763 1666 »
791 1628 857 1669 Ex
874 1639 1054 1683 persona
1079 1623 1194 1666 enim
1209 1637 1360 1666 eorum
1377 1622 1449 1682 qui
1466 1620 1567 1665 inde
1585 1619 1783 1664 credide-

394 1709 518 1754 runt,
543 1698 702 1742 dicitur
719 1731 729 1751 ‚
759 1714 775 1735 «
807 1695 897 1739 Nisi
924 1694 1128 1738 Dominus
1165 1692 1357 1737 Sabaoth
1388 1692 1631 1751 reliquisset
1652 1691 1783 1735 nohis

401 1792 418 1813 »
454 1785 615 1821 semen,
637 1768 747 1812 sicut
772 1766 958 1811 Sodoma
982 1764 1085 1808 facti
1108 1779 1240 1807 essem
1250 1779 1295 1806 us
1312 1798 1322 1818 ‚
1346 1772 1389 1806 et
1411 1764 1520 1806 sicut
1542 1763 1784 1806 Gomorrha

402 1862 419 1884 »
456 1840 612 1886 similes
636 1838 895 1882 fuissemusss.
921 1856 938 1877 »
963 1834 1047 1879 Sed
1068 1834 1165 1878 ideo
1187 1849 1334 1878 semen
1350 1868 1360 1887 ‚
1376 1834 1477 1894 quia
1494 1848 1687 1893 sparsum
1707 1848 1784 1893 per

395 1921 530 1956 terras
552 1909 892 1968 multiplicatum
915 1916 993 1951 est.

454 1984 512 2026 X.
546 1980 757 2025 Dixerunt
789 1978 906 2022 enim
937 1976 1083 2035 magni
1105 1975 1160 2020 de
1194 1975 1325 2019 domo
1346 1978 1492 2019 Aaron
1512 2009 1523 2028 ,
1553 1994 1574 2017 «
1599 1973 1786 2035 Adjiciat

404 2074 422 2095 >›
456 2052 666 2097 Dominus
688 2065 815 2109 super
834 2064 908 2093 vos
923 2083 933 2102 ‚
955 2063 1085 2106 super
1100 2062 1177 2091 vos
1194 2055 1233 2090 et
1255 2061 1384 2104 super
1406 2045 1516 2089 filios
1539 2046 1736 2089 vestr089.
1763 2064 1781 2086 »

398 2127 456 2168 Et
472 2123 531 2167 ita
551 2120 716 2165 factum
741 2128 818 2163 est.
849 2138 865 2158 «
894 2121 1179 2162 Accesserunt
1201 2116 1315 2159 enim
1339 2115 1470 2159 etiam
1491 2115 1546 2158 de
1566 2113 1785 2174 lapidibus
1827 2147 1829 2149 -

398 2193 591 2239 suscitati
613 2191 690 2235 filii
706 2190 972 2234 Abraham¹⁰
992 2208 1001 2233 ς
1027 2195 1297 2232 accesserunt
1315 2201 1414 2229 oves
1436 2201 1535 2245 quae
1552 2201 1641 2229 non
1662 2193 1786 2229 erant

400 2265 455 2310 de
477 2266 560 2308 hoc
575 2261 692 2314 ovili,
710 2270 759 2304 ut
781 2261 902 2304 fieret
924 2274 1038 2302 unus
1060 2273 1160 2315 grex
1182 2266 1225 2301 et
1239 2272 1352 2300 unus
1371 2257 1556 2315 pastor1²
1579 2275 1588 2300 ε
1608 2254 1786 2299 accessit

400 2334 507 2379 fides
528 2334 724 2379 omnium
745 2331 939 2390 gentium
956 2365 967 2384 ,
992 2338 1035 2373 et
1057 2328 1192 2373 crevit
1209 2342 1415 2370 numerus
1436 2342 1525 2370 non
1547 2324 1689 2370 solum
1714 2340 1784 2369 sa-

450 2457 459 2473 ¹
485 2450 565 2482 psal.
584 2459 659 2481 cxni
675 2473 683 2489 ,
702 2458 751 2478 10.
777 2463 819 2468 —
841 2452 852 2467 ²
869 2444 967 2486 Philip
999 2455 1044 2485 ιη,
1068 2441 1183 2483 12-14.
1203 2458 1245 2463 -
1272 2439 1284 2463 3
1304 2452 1316 2472 1
1338 2442 1410 2472 Cor.
1440 2451 1516 2481 xm,
1538 2450 1588 2472 12.
1606 2457 1647 2463 --
1666 2439 1682 2463 l.
1703 2439 1782 2472 Psal.

402 2517 489 2547 exin,
514 2516 566 2537 11.
587 2521 628 2526 —
653 2501 666 2526 5
692 2501 773 2534 Ibid.
800 2509 851 2541 12,
874 2501 924 2532 13.
940 2496 1008 2521 ...6
1031 2510 1042 2530 1
1066 2498 1138 2531 Cor.
1159 2508 1192 2537 x,
1212 2496 1244 2528 5.
1261 2513 1301 2518 —
1321 2503 1334 2527 7
1353 2498 1444 2528 Rom.
1467 2507 1511 2535 ln,
1532 2495 1563 2527 3.
1583 2494 1716 2528 —81d.
1736 2505 1784 2536 ix,

403 2562 438 2604 6,
454 2572 486 2604 ¹7,
506 2572 544 2604 27
565 2564 598 2593 et
622 2570 674 2602 29.
695 2575 735 2581 -
753 2557 943 2598 9Psal.c1u,
967 2555 1016 2597 14.
1033 2571 1074 2577 ——-
1096 2560 1125 2578 ¹⁰
1147 2553 1259 2586 Matth.
1280 2564 1324 2595 111,
1349 2564 1383 2597 9.
1401 2569 1442 2575 —-
1463 2558 1490 2576 ¹¹
1509 2553 1601 2584 Joan.
1622 2561 1654 2594 x,
1681 2551 1731 2584 16.
