1848 3261
455 215 697 247 nunu-1⁸10
727 219 774 247 m
803 214 1008 247 pumma
1037 220 1074 246 c.
1394 212 1446 250 11

72 284 211 328 bitare
233 302 242 329 :
261 283 321 328 sic
336 283 412 344 qui
429 296 523 328 non'
539 283 675 327 habet
696 283 894 344 quietum
913 298 1008 339 cor,
1033 282 1230 328 habitare
1255 285 1301 328 in
1321 285 1453 331 corde

68 370 149 399 suo
165 354 354 398 libenter
368 369 458 398 non
477 362 634 413 potest.
656 353 777 397 Tales
791 353 905 398 foras
919 363 1076 398 exeunt
1090 370 1113 398 a
1129 369 1174 398 se
1195 354 1296 414 ipsis
1318 357 1451 400 animi

69 425 309 469 intentione
325 459 336 479 ‚
361 433 405 468 et
432 424 487 468 de
511 424 576 468 his
597 440 696 484 quae
718 422 820 468 foris
841 433 943 468 sunt
964 425 1077 469 circa
1110 440 1266 484 corpus
1301 425 1448 471 delec-

68 504 245 553 tantur3
269 495 460 555 quietem
477 494 523 538 in
545 495 668 552 nugis
689 529 700 549 ‚
725 495 771 538 in
793 494 1048 554 spectaculis
1066 530 1077 550 ‚
1103 495 1150 538 in
1171 495 1352 539 luxuriis
1367 531 1378 551 ‚
1403 498 1449 540 in

68 566 271 611 omnibus
287 564 410 609 malis
424 574 645 625 quaerunt.
664 567 807 618 Quare
818 564 920 609 foris
938 565 1021 608 sibi
1034 564 1190 610 volunt
1202 581 1290 610 esse
1308 567 1450 611 bene?

67 637 178 690 Quia
200 651 289 680 non
310 644 374 680 est
394 634 476 678 illis
494 636 610 679 intus
626 636 762 689 bene,
788 634 906 679 unde
929 635 1146 694 gaudeant
1168 637 1214 679 in
1233 637 1452 681 conscien-

66 709 140 752 tia.
166 708 270 751 Ideo
287 707 496 751 Dominus
517 722 615 750 cum
629 716 817 751 sanasset
837 707 1125 766 paralyticum
1142 743 1154 762 ‚
1174 708 1233 751 ait
1250 727 1258 752 :
1288 727 1305 748 «
1330 707 1450 752 Tolle

68 796 90 819 »
124 778 351 835 grabatum
374 786 498 820 tuum
519 812 530 832 ‚
556 786 599 821 et
629 778 739 821 vade
769 777 815 821 in
846 777 1028 822 domum
1057 787 1175 822 tuam
1194 781 1224 822 ¹.
1260 779 1452 823 »Faciat

64 848 174 893 illud
189 849 329 892 anima
347 884 358 903 ,
384 864 484 908 quae
504 848 624 908 quasi
641 847 828 907 paralysi
849 847 1057 892 dissoluta
1076 858 1165 894 est:
1186 849 1231 893 in
1246 849 1451 893 membris

65 920 193 963 bonae
211 918 471 978 operationis
494 918 814 977 constringatur
837 953 847 973 ‚
876 927 925 962 ut
947 919 1059 962 bene
1081 929 1304 979 operetur,
1329 919 1455 964 tollat

64 990 293 1049 grabatum
317 1004 471 1044 suum,
500 998 622 1047 regat
646 1004 802 1048 corpus
831 1004 983 1045 suum3
1003 990 1091 1049 jam
1114 999 1183 1033 eat
1203 990 1248 1033 in
1269 989 1452 1034 domum

62 1076 184 1104 suam
201 1095 212 1115 ‚
237 1061 369 1103 intret
386 1060 430 1103 in
445 1059 755 1104 conscientiam
778 1075 900 1104 suam
928 1079 936 1104 :
967 1061 1058 1119 jam
1081 1060 1213 1104 latam
1230 1060 1423 1105 inveniet
1438 1095 1449 1116 ‚

62 1132 141 1176 ubi
158 1131 411 1176 deambulet
427 1166 438 1185 ,
465 1141 508 1175 et
529 1130 709 1190 psallat,
731 1140 774 1175 et
792 1130 1021 1190 intelligat.

120 1205 174 1246 V.
200 1221 220 1243 «
242 1204 339 1247 Non
360 1201 659 1261 proponebam
683 1211 782 1246 ante
799 1202 947 1246 oculos
969 1218 1087 1247 meos
1103 1218 1194 1246 rem
1216 1202 1447 1247 malam2.»

63 1272 177 1328 Quid
201 1282 265 1317 est
281 1309 292 1329 ‚
321 1292 340 1314 «
364 1276 462 1317 Non
485 1273 786 1332 proponebam
810 1283 911 1318 ante
935 1273 1084 1319 oculos
1104 1290 1223 1319 meos
1244 1291 1334 1319 rem
1357 1291 1453 1320 ma-

63 1363 83 1386 »
118 1344 237 1387 lam?
258 1361 278 1384 »
306 1346 404 1388 Non
427 1342 675 1402 diligebam.
705 1343 821 1388 Solet
843 1345 959 1388 enim
985 1345 1069 1389 dici
1086 1380 1096 1400 ,
1134 1344 1254 1405 quod
1289 1346 1422 1389 nostis
1438 1381 1449 1401 ,

59 1414 115 1459 de
155 1414 355 1469 homine,
387 1413 463 1473 qui
495 1414 550 1457 ab
573 1412 719 1473 aliquo
741 1414 971 1473 diligitur:
1009 1418 1123 1459 Ante
1146 1415 1295 1460 oculos
1326 1415 1451 1460 illum

59 1484 208 1528 habet.
233 1487 290 1528 Et
306 1482 378 1527 ille
400 1484 476 1543 qui
503 1483 823 1540 contemnitur,
859 1485 918 1529 sic
938 1484 1046 1529 solet
1069 1486 1194 1545 queri
1221 1504 1231 1530 ι
1257 1488 1354 1530 Non
1382 1501 1452 1530 me

57 1555 193 1599 habet
224 1563 324 1598 ante
348 1553 512 1598 oculos.
550 1554 663 1607 Quid
687 1570 789 1614 ergo
820 1565 883 1600 est
901 1591 912 1611 ,
942 1565 1042 1600 ante
1066 1556 1230 1601 oculos.
1261 1557 1451 1602 habere?

57 1625 259 1684 Diligere.
286 1624 399 1678 Quid
422 1633 506 1679 est,
527 1640 618 1669 non
636 1625 848 1685 diligere?
868 1629 966 1671 Non
992 1627 1054 1670 ibi
1084 1626 1215 1671 corde
1235 1627 1447 1672 habitare.

57 1697 170 1741 Dixit
192 1712 316 1756 ergo,
338 1714 358 1738 «
372 1698 470 1741 Non
485 1695 784 1755 proponebam
806 1705 906 1740 ante
928 1697 1076 1741 oculos
1095 1713 1212 1742 meos
1240 1713 1331 1741 rem
1354 1714 1448 1742 ma-

58 1785 79 1809 »
113 1766 201 1812 lam
235 1787 244 1812 :
274 1786 294 1809 n
321 1783 411 1811 non
438 1767 671 1825 diligebam
695 1782 786 1811 rem
814 1767 990 1812 malam.
1014 1770 1071 1812 Et
1094 1769 1272 1828 exponit
1312 1769 1447 1828 ipsam

56 1853 147 1882 rem
173 1837 332 1882 malam
356 1857 365 1882 :
396 1857 416 1879 «
449 1838 675 1881 Facientes
699 1838 1098 1897 praevaricationem
1119 1838 1220 1883 odio
1245 1839 1395 1883 habui.
1424 1859 1444 1881 υ

57 1907 294 1961 Intendite‚
311 1907 467 1951 fratres
485 1908 585 1951 mei.
615 1909 655 1952 Si
674 1906 961 1953 deambulatis
984 1924 1084 1952 cum
1107 1911 1278 1955 Christo
1291 1911 1337 1954 in
1353 1926 1447 1954 me-

57 1979 130 2023 dio
151 1979 308 2023 domus
323 1980 430 2039 ejus,
447 1977 493 2021 id
511 1987 597 2032 est,
619 1977 733 2022 sivel
754 1979 798 2021 in
817 1978 948 2023 corde
968 1989 1112 2024 vestro
1131 1981 1244 2024 bene
1261 1982 1449 2042 requies-

55 2050 149 2094 citis
165 2085 175 2105 ,
198 2049 267 2093 vel
282 2050 327 2092 in
348 2050 439 2109 ipsa
458 2048 651 2093 Ecclesia
675 2049 840 2093 bonum
863 2050 944 2094 iter
966 2051 1116 2110 capitis
1135 2052 1182 2095 in
1200 2052 1268 2096 via
1289 2053 1446 2097 imma-

56 2120 198 2165 culata
215 2155 226 2175 ‚
262 2136 352 2164 non
389 2136 462 2165 eos
495 2129 667 2164 tantum
707 2120 783 2180 qui
815 2119 919 2164 foris
958 2131 1060 2165 sunt
1098 2121 1238 2166 odisse
1278 2122 1446 2167 debetis

56 2191 407 2252 praevaricatores
423 2227 434 2246 ,
460 2191 535 2234 sed
557 2200 600 2234 et
621 2207 922 2251 quoscumque
943 2191 1060 2236 intus
1080 2192 1342 2237 inveneritis.
1364 2194 1446 2247 Qui

57 2271 159 2307 sunt
172 2263 546 2322 praevaricatores?
573 2263 657 2315 Qui
680 2262 869 2306 oderunt
887 2262 1026 2322 legem
1053 2264 1127 2317 Dei
1144 2286 1154 2321 3
1169 2265 1244 2325 qui
1262 2264 1447 2308 audiunt

55 2333 176 2377 illam
192 2369 202 2387 ,
229 2342 271 2377 et
290 2349 379 2378 non
402 2332 564 2378 faciunt
579 2369 589 2388 ‚
608 2334 956 2393 praevaricatores
976 2334 1199 2378 dicuntur.
1222 2337 1444 2380 Facientes

53 2403 455 2464 praevaricationem
478 2403 577 2448 odio
598 2404 712 2447 habe
728 2439 738 2459 ,
764 2403 925 2464 repelle
955 2404 1051 2448 illos
1073 2421 1093 2448 a
1114 2414 1171 2449 te.
1198 2405 1281 2450 Sed
1303 2405 1443 2449 odisse

54 2473 183 2518 debes
200 2474 547 2533 praevaricatores
563 2509 574 2529 ‚
604 2490 695 2518 non
718 2475 931 2520 homines.
969 2478 1089 2519 Unus
1111 2477 1243 2521 homo
1270 2491 1439 2535 praeva-

105 2565 114 2580 ¹
135 2558 249 2590 Matth.
268 2569 315 2599 ιχ,
334 2558 366 2591 6.
389 2576 428 2580 -
456 2566 468 2581 ²
487 2558 569 2590 Psal.
594 2569 624 2599 c,
643 2559 672 2590 3.
