1848 3261
226 214 466 248 ENARRAmo
497 221 530 247 11
562 222 607 248 m
639 219 840 250 PsALMUM
872 223 946 249 <3111
965 239 976 260 ,
1011 221 1149 252 SERMO
1182 228 1229 252 ιι.
1340 218 1422 255 129

51 298 73 322 >›
108 282 238 338 tium,
262 283 426 344 inquit,
459 287 785 345 pertransibunt
809 303 948 348 aquae.
977 307 998 330 »
1033 292 1238 336 Putemus
1259 293 1343 338 hoc
1365 295 1425 339 ita

47 351 235 408 dictum,
261 357 379 400 Inter
404 358 712 416 Apostolorum
740 358 932 403 medium
965 362 1289 419 pertransibunt
1309 380 1425 423 prae-

47 421 283 469 dicationes
302 427 424 471 verbi
444 430 649 474 veritatis.
675 429 790 483 Quid
812 439 896 486 est,
923 434 1042 475 Inter
1067 432 1262 478 medium
1283 437 1424 494 Apos-

46 494 234 539 tolorum
249 498 266 538 ‘3
283 497 412 550 Quod
434 499 627 544 medium
645 500 804 545 dicitur
818 536 829 557 ,
850 517 1083 546 commune
1105 512 1182 547 est.
1208 506 1292 548 Res
1309 520 1425 550 com-

45 565 213 621 munis,
244 567 363 612 unde
403 584 552 614 omnes
583 570 809 630 aequaliter
830 572 1010 628 vivunt,
1040 572 1183 617 media
1214 582 1278 618 est
1296 609 1307 630 ,
1345 590 1426 620 nec

45 635 199 680 attinet
219 636 274 681 ad
294 653 386 696 me,
406 640 482 684 sed
498 656 578 685 nec
591 642 741 686 attinet
760 641 816 686 ad
830 651 892 698 te,
913 658 993 687 nec
1008 643 1063 687 ad
1083 660 1169 689 me.
1191 648 1424 705 Propterea

43 704 264 766 loquimur
286 717 329 752 et
351 709 410 753 sic
427 708 482 753 de
503 710 721 771 aliquibus
747 712 996 757 hominibus
1014 732 1023 758 z
1051 714 1225 759 Habent
1245 715 1358 760 inter
1379 732 1423 761 se

44 790 212 835 pacem,
232 777 396 822 habent
412 779 525 823 inter
542 796 585 825 se
602 780 732 826 fidem
745 817 755 837 ,
774 782 937 826 habent
955 783 1068 827 inter
1082 799 1126 828 se
1139 785 1393 831 charitatem
1411 806 1420 832 :

43 845 102 890 sic
123 856 238 891 certe
265 848 463 893 dicimus.
490 850 606 903 Quid
631 860 714 906 est,
741 853 853 896 inter
873 853 942 895 se‘?
967 855 1019 896 In
1040 854 1182 898 medio
1203 856 1283 900 sui.
1306 856 1423 910 Quid

23 946 34 949 ⁷-
44 927 122 973 est,
142 918 188 962 in
201 919 345 964 medio
362 921 452 966 sui?
464 924 707 967 Commune
725 932 788 967 est
805 923 904 967 illis.
924 924 1041 969 Audi
1056 940 1188 985 aquas
1210 926 1322 971 inter
1337 944 1423 973 me·

42 988 164 1034 dium
179 991 409 1035 montium.
421 993 532 1045 Quia
545 994 788 1038 communis
799 993 881 1037 illis
895 995 1001 1039 fides
1017 1005 1123 1051 erat,
1139 1012 1218 1041 nec
1235 998 1422 1060 quisque

42 1075 175 1119 aquas
189 1061 312 1120 quasi
334 1063 526 1122 proprias
549 1073 592 1107 et
613 1080 709 1108 suas
731 1064 937 1108 habebat.
962 1064 1005 1109 Si
1020 1065 1135 1110 enim
1150 1082 1239 1112 non
1261 1070 1421 1114 suntin

41 1129 200 1185 medio,
213 1133 335 1191 quasi
349 1134 524 1192 privatae
537 1143 653 1189 sunt,
665 1149 752 1178 non
764 1133 940 1193 publice
953 1135 1116 1193 fluunt,
1132 1145 1174 1180 et
1187 1153 1267 1197 ego
1277 1139 1421 1185 habeo

40 1217 202 1257 meam,
224 1212 266 1246 et
281 1202 354 1246 ifle
368 1204 500 1248 habet
527 1220 670 1260 suam,
697 1221 787 1249 non
808 1215 870 1250 est
891 1206 936 1249 in
962 1208 1106 1252 medio
1127 1210 1248 1268 quod
1276 1220 1318 1255 et
1340 1227 1421 1271 ego

41 1275 192 1333 etipse
213 1274 397 1327 habeat3
431 1275 506 1320 sed
530 1275 626 1320 talis
657 1292 747 1321 non
774 1286 838 1321 est
869 1278 1048 1337 pacifica
1074 1281 1338 1339 praedicatio.
1363 1287 1422 1329 At

39 1359 142 1389 vero
161 1354 210 1389 ut
229 1345 341 1389 inter
357 1346 549 1390 medium
572 1347 788 1391 montium
809 1347 950 1392 fluant
971 1365 1095 1408 aquae
1113 1384 1123 1404 ,
1145 1350 1248 1395 audi
1267 1367 1420 1398 vocem

39 1416 197 1459 montis
222 1435 231 1459 :
258 1434 278 1458 «
303 1419 438 1469 Deus,
469 1416 633 1477 inquit,
656 1418 771 1476 pacis
787 1452 797 1471 ,
823 1417 897 1461 det
917 1418 1040 1462 vobis
1064 1419 1252 1480 idipsum
1271 1438 1418 1483 sapere

41 1503 61 1526 »
96 1486 380 1531 ininvieem1.
398 1505 418 1528 n
434 1490 490 1531 Et
506 1488 660 1531 iterum
677 1507 716 1542 ,«
734 1490 790 1531 Ut
805 1487 996 1546 idipsum
1007 1490 1176 1548 sapiatis
1190 1508 1354 1549 omnes,
1375 1505 1418 1540 et

41 1572 61 1596 »
88 1571 176 1600 non
194 1557 278 1601 sint
293 1557 337 1601 in
351 1557 471 1602 vobis
485 1558 748 1601 schismata&
759 1575 778 1598 >›
793 1557 921 1611 Quod
933 1560 1085 1615 sentio,
1102 1563 1232 1607 sentis
1246 1584 1256 1621 3
1273 1564 1318 1607 in
1332 1580 1418 1610 me-

38 1630 110 1675 dio
132 1630 229 1674 fluit
245 1646 356 1690 aqua
383 1649 392 1673 ;
417 1645 506 1673 non
525 1629 664 1673 habeo
683 1630 803 1689 quasi
820 1632 1039 1689 privatum
1066 1647 1211 1677 meum
1237 1654 1245 1679 :
1270 1651 1350 1681 nec
1368 1646 1418 1681 tu

36 1701 253 1760 privatum
276 1709 416 1744 tuum.
444 1699 610 1743 Veritas
633 1715 712 1743 nec
730 1714 825 1743 mea
844 1700 898 1743 sit
916 1701 1090 1759 propria
1104 1737 1114 1756 ,
1135 1719 1216 1748 uec
1239 1714 1313 1749 tua
1329 1741 1340 1761 ,
1366 1716 1417 1751 ut

37 1780 80 1815 et
98 1780 169 1815 tua
191 1772 244 1816 sit
256 1779 299 1815 et
320 1785 416 1814 mea
443 1789 452 1813 2
479 1787 496 1810 «
516 1773 634 1814 Inter
649 1768 842 1813 medium
858 1771 1073 1815 montium
1090 1776 1417 1831 pertransibunt

39 1859 59 1882 »
95 1857 234 1901 aquce.
262 1858 282 1881 »
312 1839 427 1884 Audi
463 1839 605 1898 ipsum
639 1848 855 1893 montem,
890 1848 939 1883 ut
969 1839 1077 1895 dixi,
1113 1843 1215 1902 qnia
1244 1863 1264 1886 «
1297 1848 1417 1890 Inter

38 1929 59 1952 »
94 1911 289 1954 medium
305 1909 520 1953 montium
538 1908 865 1968 pertransibunt
883 1925 1022 1969 aquae.
1043 1911 1138 1955 Sive
1156 1922 1301 1958 autem
1316 1931 1413 1974 ego,

37 1999 58 2022 »
94 1981 181 2024 sive
198 1979 258 2023 illi
270 2015 286 2035 ,
315 1979 374 2024 sic
395 1978 701 2038 praedicamus,
728 1979 851 2024 etsie
869 1979 1147 2026 credidistis?
1177 2001 1197 2024 »
1228 1987 1414 2032 Securus

35 2051 161 2105 dixit,
192 2069 210 2091 «
237 2051 333 2095 Sive
356 2065 434 2108 ego
449 2085 460 2105 ,
481 2050 569 2094 sive
592 2049 677 2104 ilfi,
699 2049 757 2093 sic
779 2049 1086 2109 praedicamus,
1112 2062 1156 2098 et
1186 2055 1245 2099 sic
1274 2057 1416 2101 credi-

37 2140 58 2163 »
92 2120 212 2166 distis
238 2139 247 2164 :
272 2138 292 2161 »
319 2120 431 2164 inter
455 2119 649 2164 medium
673 2119 790 2163 enim
812 2122 1027 2166 montium
1050 2123 1246 2169 fluebant
1263 2142 1411 2188 aquae3

33 2192 154 2237 nulla
174 2191 228 2236 dc
245 2191 365 2251 aquis
396 2191 610 2236 discordia
638 2192 876 2247 montium,
897 2192 973 2237 sed
995 2209 1077 2254 pax
1097 2199 1410 2256 consensionis,

32 2272 75 2308 et
96 2263 274 2307 societas
296 2262 513 2306 charitatis
533 2280 541 2306 :
557 2262 590 2306 si
605 2262 701 2322 quis
714 2271 859 2305 autem
873 2262 1007 2308 vellet
1022 2265 1142 2310 aliud
1160 2268 1410 2326 praedicare,

28 2335 118 2395 jam
140 2334 194 2378 de
219 2349 297 2378 suo
324 2332 600 2393 praedicaret,
626 2348 716 2377 non
745 2333 799 2376 de
825 2333 983 2379 medio.
1016 2338 1072 2380 Et
1100 2337 1201 2381 audi
1228 2340 1336 2400 quid
1359 2341 1414 2386 de
1476 2338 1480 2339 ⁷

30 2404 106 2450 illo
125 2404 292 2449 dicatur
310 2405 468 2464 abipso
491 2403 567 2464 qui
585 2404 725 2448 emisit
736 2403 878 2448 fontes
893 2405 939 2449 in
960 2407 1230 2454 convallibus
1255 2430 1264 2455 :
1289 2430 1308 2454 «
1328 2412 1413 2466 Qui

23 2502 26 2505 ’
80 2511 89 2528 ¹
107 2507 198 2538 Rom.
218 2516 275 2545 xv,
295 2503 383 2535 5.-
401 2510 413 2526 ²
440 2515 451 2535 1
473 2505 544 2536 Cor.
569 2515 594 2544 1,
616 2513 666 2535 ιο.
696 2519 735 2526 -·
760 2500 837 2535 3Id.
858 2514 911 2545 xv,
940 2514 991 2537 11.

192 2580 346 2610 cxvm.
1204 2576 1225 2612 9
