1848 3261
362 166 445 204 272
802 173 835 199 s.
871 171 1102 199 Aueusnm
1135 172 1313 199 ΕΡιεοοΡι

359 249 472 283 terra
493 235 618 296 periit
639 235 846 279 memoria
868 250 1017 279 eorum
1038 271 1048 291 ‚
1080 235 1157 296 qui
1188 251 1290 279 cum
1322 244 1462 279 essent
1483 234 1588 278 rami
1611 241 1741 278 natu-

360 308 473 352 rales
489 343 500 362 ‚
525 315 702 366 propter
722 305 1023 350 infidelitatem
1041 306 1167 350 fracti
1188 308 1328 350 sunt1.

418 379 540 422 XIX.
572 397 592 418 «
617 380 700 421 Pro
718 391 768 419 eo
791 376 910 435 quod
932 393 1018 420 non
1038 386 1101 420 est
1122 377 1370 421 recordatus
1387 411 1398 430 ‚
1426 395 1446 417 »
1476 375 1546 420 vel
1571 374 1643 418 ille
1664 377 1744 418 Ju-

361 448 436 493 das
448 483 459 503 ‚
477 447 548 492 vel
568 447 657 506 ipse
673 446 861 506 populus
879 481 889 500 ,
912 466 931 488 «
952 450 1111 491 Facere
1130 445 1478 491 misericordiam.
1502 464 1522 486 »
1548 444 1632 490 Sed
1652 459 1745 488 me-

360 518 444 563 lius
467 517 522 562 de
539 516 702 576 populo
726 516 934 574 accipitur
951 517 1070 577 quod
1092 518 1172 563 ait:
1196 537 1215 559 «
1237 520 1334 562 Non
1353 526 1416 560 est
1437 516 1701 560 recordatus.
1719 533 1740 556 »

362 593 471 636 Nam
493 589 527 632 si
543 587 763 632 Christum
786 586 960 642 occidit,
980 589 1131 632 saltem
1149 588 1448 633 recordaretur
1469 585 1742 647 poenitendo,

362 669 405 704 et
427 658 586 703 faceret
614 657 950 701 misericordiam
972 674 1101 717 super
1123 659 1316 702 membra
1334 659 1425 718 ejus
1447 693 1457 712 ,
1483 673 1581 717 quae
1598 671 1746 716 perse-

360 729 655 774 verantissime
675 737 922 786 persecutus
944 737 1020 771 est.
1051 728 1154 771 {deo
1172 728 1300 783 dicit,
1324 728 1425 788 quia
1447 747 1467 768 «
1492 731 1747 771 persecutus

365 819 384 841 »
421 809 484 843 est
516 798 739 841 hominem
779 798 953 856 inopem
983 808 1027 842 et
1059 797 1323 842 mendicum.
1348 816 1368 838 »
1397 801 1543 842 Potest
1570 796 1749 856 quidem

364 869 499 927 accipi
524 868 577 911 de
601 866 735 919 juda,
755 868 857 926 quia
876 883 964 910 non
982 877 1045 911 cst
1068 867 1327 926 dedignatus
1350 868 1560 912 Dominus
1584 882 1750 926 pauper

364 940 472 993 fieri,
492 954 593 983 cum
612 937 730 981 (lives
749 948 871 991 esset,
888 947 937 981 ut
955 938 1068 981 illius
1093 948 1346 997 paupertate
1363 954 1440 981 nos
1463 937 1745 981 ditaremini-2.

365 1009 617 1054 Mendicum
653 1017 796 1052 autem
831 1009 1054 1068 quomodo
1089 1009 1328 1067 intelligam
1345 1045 1355 1063 ‚
1387 1009 1468 1052 nisi
1505 1008 1616 1052 forte
1649 1009 1751 1068 quia

367 1079 474 1123 dixit
508 1077 679 1122 mulieri
720 1079 997 1124 Samaritanae
1022 1099 1029 1123 2
1067 1099 1086 1120 «
1117 1082 1179 1123 Da
1213 1079 1321 1122 mihi
1353 1078 1524 1122 bibere³
1551 1098 1559 1122 2
1588 1097 1607 1119 »
1637 1087 1680 1121 et
1705 1078 1752 1121 in

367 1165 496 1194 cruce
524 1150 607 1192 ait:
638 1169 657 1190 «
687 1150 852 1193 Sitio4?
878 1168 896 1189 »
926 1150 1010 1194 Sed
1031 1149 1152 1209 quod
1170 1150 1365 1209 sequitur
1392 1148 1615 1208 quomodo
1638 1150 1751 1193 acci-

368 1221 514 1280 piatur
533 1219 579 1262 in
601 1219 692 1277 ipso
710 1219 849 1277 capite
871 1228 1033 1275 nostro)
1052 1220 1098 1263 id
1119 1229 1203 1274 est,
1219 1221 1284 1263 sui
1301 1219 1493 1278 corporis
1513 1218 1749 1274 Salvatore‚

367 1306 499 1352 quem
518 1293 541 1333 J
547 1288 652 1333 udas
671 1299 920 1348 persecutus
941 1300 1019 1345 est,
1035 1307 1123 1335 non
1145 1290 1334 1335 invenio.
1361 1293 1473 1335 Cum
1486 1291 1607 1334 enim
1625 1290 1753 1334 dixis-

365 1371 430 1406 set
447 1380 455 1405 ς
472 1363 559 1404 «Et
580 1370 830 1419 persecutus
853 1370 915 1404 est
937 1361 1158 1404 hominem
1176 1362 1351 1420 inopem
1374 1371 1416 1405 et
1432 1361 1683 1405 mendicum
1705 1379 1749 1405 ι»

367 1431 524 1491 adjecit
546 1440 677 1490 atque
695 1430 754 1473 ait
779 1450 788 1474 :
818 1450 836 1471 «
855 1433 910 1474 Et
933 1441 1245 1490 compunctum
1268 1432 1398 1475 corde
1419 1432 1679 1475 mortificare
1701 1451 1710 1476 z
1730 1450 1750 1473 »

366 1502 414 1546 id
435 1510 526 1555 est,
552 1510 602 1544 ut
624 1501 916 1544 mortificaret.
942 1504 1049 1545 Na‘m
1073 1501 1253 1561 quidam
1272 1502 1400 1545 etiam
1424 1502 1483 1546 sic
1504 1512 1606 1546 sunt
1627 1503 1755 1546 inter-

369 1572 540 1632 pretati.
567 1573 868 1629 Compunctus
890 1581 1035 1615 autem
1058 1572 1188 1615 corde
1209 1589 1297 1616 non
1316 1572 1424 1616 solet
1445 1571 1550 1627 dici,
1576 1573 1657 1617 nisi
1679 1573 1755 1616 sti-

371 1642 498 1687 mulis
532 1651 809 1701 peccatorum
848 1642 893 1684 in
924 1641 1073 1686 dolore
1110 1643 1353 1701 poenitendi
1389 1662 1398 1686 z
1434 1643 1546 1687 sicut
1579 1642 1633 1687 dc
1671 1643 1755 1687 illis

373 1714 538 1757 dictum
577 1722 666 1766 est,
702 1712 779 1772 qui
814 1727 915 1755 cum
950 1712 1170 1756 audissent
1199 1712 1428 1772 Apostolos
1457 1722 1554 1772 post
1587 1714 1756 1757 Domini

372 1783 664 1828 ascensionem
680 1818 690 1837 ,
721 1802 740 1823 «
765 1783 1029 1842 Compuncti
1051 1793 1151 1827 sunt
1171 1783 1301 1827 corde
1318 1820 1328 1838 ‚
1352 1803 1372 1824 »
1407 1784 1483 1844 qui
1506 1783 1756 1829 occiderant

372 1854 622 1898 Dominum.
651 1855 769 1906 Quos
797 1852 1010 1896 allocutus
1043 1862 1106 1896 est
1137 1853 1406 1897 beatissimus
1435 1857 1587 1897 Petrus
1610 1853 1757 1898 dicens

374 1925 487 1968 inter
513 1933 668 1968 caetera
690 1942 697 1966 :
727 1943 745 1965 «
770 1924 897 1981 Agite
920 1924 1224 1982 poenitentiam
1241 1958 1251 1978 ,
1277 1933 1319 1967 et
1348 1924 1592 1983 baptizetur
1618 1941 1756 1968 unus-

377 2012 398 2035 »
433 1994 616 2054 quisque
632 2002 823 2037 vestrum
844 1993 889 2036 in
912 1993 1088 2037 nomine
1110 1993 1281 2037 Domini
1300 1997 1402 2037 Jesu
1423 1994 1606 2049 Christi,
1632 2004 1674 2038 et
1696 1994 1757 2050 di-

378 2084 397 2106 »
434 2065 663 2108 mittentur
687 2064 810 2108 vobis
833 2073 1009 2123 peccata
1030 2066 1206 2108 vestra5.
1235 2082 1255 2105 »
1282 2064 1365 2109 Sed
1396 2065 1602 2124 quoniam
1625 2064 1758 2109 iidem

376 2136 457 2195 ipsi
477 2136 671 2179 membra
694 2136 784 2194 ejus
807 2134 909 2179 facti
932 2144 1054 2189 sunt⁷
1089 2136 1210 2195 cujus
1227 2135 1272 2178 in
1292 2135 1412 2193 ligno
1434 2135 1628 2179 membra
1650 2136 1757 2179 fixe·

377 2217 507 2261 runt,
529 2206 716 2266 populus
735 2205 987 2250 Judaeorum
1011 2222 1098 2250 nou
1121 2215 1184 2249 est
1201 2207 1449 2264 recordatus
1468 2206 1607 2250 facere
1628 2207 1758 2250 mise-

378 2277 628 2328 1·icordian1;
648 2287 898 2336 persecutus
916 2286 978 2320 est
993 2277 1213 2320 hominem
1235 2276 1409 2334 inopem
1429 2286 1470 2319 et
1489 2276 1755 2332 mendicum,

380 2347 454 2391 sed
482 2348 527 2392 in
552 2347 754 2391 membris
776 2348 862 2392 suis
889 2368 896 2391 ε
922 2347 975 2390 de
996 2347 1156 2407 quibus
1184 2345 1380 2390 dicturus
1403 2356 1466 2390 est
1482 2382 1492 2401 ‚
1517 2346 1638 2407 quod
1659 2348 1760 2391 atti-

429 2451 439 2466 ¹
465 2447 555 2476 Rom.
575 2456 619 2485 xi,
639 2453 694 2486 20,
720 2454 820 2478 21.—
841 2452 854 2467 2
875 2453 892 2477 2
912 2446 982 2476 Cor.
1004 2455 1072 2486 vin,
1091 2455 1124 2486 9.
1141 2461 1183 2466 —
1201 2441 1214 2467 3
1232 2445 1387 2483 Joan.1v,
1407 2454 1438 2484 ς.
1465 2461 1506 2465 -
1527 2442 1543 2467 4
1560 2443 1606 2475 Id.
1626 2443 1756 2486 xix‚28.

379 2517 421 2523 ——
443 2499 458 2523 5
477 2503 549 2534 Aet.
572 2512 606 2543 u,
623 2501 676 2543 37,
696 2501 749 2533 38.
