<?xml version="1.0" encoding="UTF-8"?>
<!DOCTYPE html PUBLIC "-//W3C//DTD XHTML 1.0 Transitional//EN"
    "http://www.w3.org/TR/xhtml1/DTD/xhtml1-transitional.dtd">
<html xmlns="http://www.w3.org/1999/xhtml" xml:lang="en" lang="en">
 <head>
  <title>
</title>
<meta http-equiv="Content-Type" content="text/html;charset=utf-8" />
  <meta name='ocr-system' content='tesseract 3.04.00' />
  <meta name='ocr-capabilities' content='ocr_page ocr_carea ocr_par ocr_line ocrx_word'/>
</head>
<body>
  <div class='ocr_page' id='page_1' title='image "./operaomniaaccura11auguuoft_0313.png"; bbox 0 0 1848 3261; ppageno 0'>
   <div class='ocr_carea' id='block_1_1' title="bbox 435 205 1465 245">
    <p class='ocr_par' dir='ltr' id='par_1_1' title="bbox 435 205 1465 245">
     <span class='ocr_line' id='line_1_1' title="bbox 435 205 1465 245; baseline -0.002 -1"><span class='ocrx_word' id='word_1_1' title='bbox 435 213 678 245; x_wconf 69' lang='lat' dir='ltr'>ENARRATm</span> <span class='ocrx_word' id='word_1_2' title='bbox 709 217 754 244; x_wconf 80' lang='lat' dir='ltr'>m</span> <span class='ocrx_word' id='word_1_3' title='bbox 786 213 990 244; x_wconf 78' lang='lat' dir='ltr'>PsALMUM</span> <span class='ocrx_word' id='word_1_4' title='bbox 1021 215 1107 241; x_wconf 74' lang='lat' dir='ltr'>cix.</span> <span class='ocrx_word' id='word_1_5' title='bbox 1385 205 1465 242; x_wconf 86' lang='lat'>301</span> 
     </span>
    </p>
   </div>
   <div class='ocr_carea' id='block_1_2' title="bbox 80 278 1484 2446">
    <p class='ocr_par' dir='ltr' id='par_1_2' title="bbox 80 278 1478 1111">
     <span class='ocr_line' id='line_1_2' title="bbox 84 278 1473 341; baseline -0.003 -14"><span class='ocrx_word' id='word_1_6' title='bbox 84 297 185 327; x_wconf 89' lang='lat' dir='ltr'>cum</span> <span class='ocrx_word' id='word_1_7' title='bbox 207 280 486 341; x_wconf 84' lang='lat' dir='ltr'>principium.</span> <span class='ocrx_word' id='word_1_8' title='bbox 504 284 658 327; x_wconf 85' lang='lat' dir='ltr'>Nonne</span> <span class='ocrx_word' id='word_1_9' title='bbox 680 281 796 326; x_wconf 91' lang='lat' dir='ltr'>enim</span> <span class='ocrx_word' id='word_1_10' title='bbox 818 289 868 324; x_wconf 88' lang='lat' dir='ltr'>tu</span> <span class='ocrx_word' id='word_1_11' title='bbox 889 278 1032 323; x_wconf 78' lang='lat' dir='ltr'>dixisti</span> <span class='ocrx_word' id='word_1_12' title='bbox 1058 297 1068 323; x_wconf 79' lang='lat' dir='ltr'><strong><em>z</em></strong></span> <span class='ocrx_word' id='word_1_13' title='bbox 1089 296 1107 318; x_wconf 89' lang='lat'>«</span> <span class='ocrx_word' id='word_1_14' title='bbox 1127 280 1241 322; x_wconf 87' lang='lat' dir='ltr'>Ecce</span> <span class='ocrx_word' id='word_1_15' title='bbox 1262 278 1332 322; x_wconf 87' lang='lat' dir='ltr'>itis</span> <span class='ocrx_word' id='word_1_16' title='bbox 1353 279 1473 338; x_wconf 90' lang='lat' dir='ltr'>quis-</span> 
     </span>
     <span class='ocr_line' id='line_1_3' title="bbox 86 346 1474 412; baseline -0.001 -18"><span class='ocrx_word' id='word_1_17' title='bbox 86 370 108 394; x_wconf 92' lang='lat'>»</span> <span class='ocrx_word' id='word_1_18' title='bbox 142 367 229 412; x_wconf 91' lang='lat' dir='ltr'>que</span> <span class='ocrx_word' id='word_1_19' title='bbox 255 351 310 396; x_wconf 80' lang='lat' dir='ltr'>ad</span> <span class='ocrx_word' id='word_1_20' title='bbox 343 366 420 395; x_wconf 84' lang='lat' dir='ltr'>sua</span> <span class='ocrx_word' id='word_1_21' title='bbox 439 386 450 406; x_wconf 84' lang='lat'>‚</span> <span class='ocrx_word' id='word_1_22' title='bbox 485 360 529 395; x_wconf 79' lang='lat' dir='ltr'>et</span> <span class='ocrx_word' id='word_1_23' title='bbox 559 367 630 395; x_wconf 90' lang='lat' dir='ltr'>me</span> <span class='ocrx_word' id='word_1_24' title='bbox 661 351 800 396; x_wconf 90' lang='lat' dir='ltr'>solum</span> <span class='ocrx_word' id='word_1_25' title='bbox 836 347 1122 409; x_wconf 78' lang='lat' dir='ltr'>relinquetis3</span> <span class='ocrx_word' id='word_1_26' title='bbox 1157 346 1234 391; x_wconf 86' lang='lat' dir='ltr'>sed</span> <span class='ocrx_word' id='word_1_27' title='bbox 1257 363 1347 392; x_wconf 91' lang='lat' dir='ltr'>non</span> <span class='ocrx_word' id='word_1_28' title='bbox 1376 364 1474 393; x_wconf 90' lang='lat' dir='ltr'>sum</span> 
     </span>
     <span class='ocr_line' id='line_1_4' title="bbox 85 419 1474 480; baseline -0.001 -16"><span class='ocrx_word' id='word_1_29' title='bbox 85 439 106 464; x_wconf 88' lang='lat'>»</span> <span class='ocrx_word' id='word_1_30' title='bbox 142 420 258 466; x_wconf 92' lang='lat' dir='ltr'>solus</span> <span class='ocrx_word' id='word_1_31' title='bbox 273 456 285 476; x_wconf 82' lang='grc'>,</span> <span class='ocrx_word' id='word_1_32' title='bbox 309 421 413 480; x_wconf 79' lang='lat' dir='ltr'>quia</span> <span class='ocrx_word' id='word_1_33' title='bbox 436 424 563 465; x_wconf 82' lang='lat' dir='ltr'>Pater</span> <span class='ocrx_word' id='word_1_34' title='bbox 584 436 757 466; x_wconf 88' lang='lat' dir='ltr'>mecum</span> <span class='ocrx_word' id='word_1_35' title='bbox 778 422 899 466; x_wconf 82' lang='lat' dir='ltr'>est1?</span> <span class='ocrx_word' id='word_1_36' title='bbox 921 438 940 460; x_wconf 88' lang='lat'>»</span> <span class='ocrx_word' id='word_1_37' title='bbox 963 422 1020 463; x_wconf 88' lang='lat' dir='ltr'>Et</span> <span class='ocrx_word' id='word_1_38' title='bbox 1039 419 1109 462; x_wconf 89' lang='lat' dir='ltr'>hic</span> <span class='ocrx_word' id='word_1_39' title='bbox 1132 432 1252 476; x_wconf 81' lang='lat' dir='ltr'>ergo,</span> <span class='ocrx_word' id='word_1_40' title='bbox 1274 436 1292 458; x_wconf 96' lang='lat'>«</span> <span class='ocrx_word' id='word_1_41' title='bbox 1312 421 1474 462; x_wconf 84' lang='lat' dir='ltr'>Tecum</span> 
     </span>
     <span class='ocr_line' id='line_1_5' title="bbox 87 488 1474 550; baseline -0.001 -17"><span class='ocrx_word' id='word_1_42' title='bbox 87 510 106 533; x_wconf 87' lang='lat'>»</span> <span class='ocrx_word' id='word_1_43' title='bbox 140 491 417 550; x_wconf 83' lang='lat' dir='ltr'>principium.</span> <span class='ocrx_word' id='word_1_44' title='bbox 446 509 466 532; x_wconf 68' lang='lat'>³)</span> <span class='ocrx_word' id='word_1_45' title='bbox 493 492 643 536; x_wconf 79' lang='lat' dir='ltr'><strong>Dixisti</strong></span> <span class='ocrx_word' id='word_1_46' title='bbox 675 491 791 535; x_wconf 89' lang='lat' dir='ltr'>enim</span> <span class='ocrx_word' id='word_1_47' title='bbox 823 499 867 534; x_wconf 91' lang='lat' dir='ltr'>et</span> <span class='ocrx_word' id='word_1_48' title='bbox 895 489 999 533; x_wconf 80' lang='lat' dir='ltr'>alibi</span> <span class='ocrx_word' id='word_1_49' title='bbox 1025 507 1034 533; x_wconf 93' lang='lat'>:</span> <span class='ocrx_word' id='word_1_50' title='bbox 1063 507 1084 530; x_wconf 84' lang='lat'>‹&lt;</span> <span class='ocrx_word' id='word_1_51' title='bbox 1110 491 1238 531; x_wconf 85' lang='lat' dir='ltr'>Pater</span> <span class='ocrx_word' id='word_1_52' title='bbox 1261 496 1407 532; x_wconf 84' lang='lat' dir='ltr'>autem</span> <span class='ocrx_word' id='word_1_53' title='bbox 1428 488 1474 532; x_wconf 87' lang='lat' dir='ltr'>in</span> 
     </span>
     <span class='ocr_line' id='line_1_6' title="bbox 86 557 1474 619; baseline -0.001 -16"><span class='ocrx_word' id='word_1_54' title='bbox 86 579 107 603; x_wconf 92' lang='lat'>»</span> <span class='ocrx_word' id='word_1_55' title='bbox 140 576 211 604; x_wconf 91' lang='lat' dir='ltr'>me</span> <span class='ocrx_word' id='word_1_56' title='bbox 232 576 412 605; x_wconf 89' lang='lat' dir='ltr'>manens</span> <span class='ocrx_word' id='word_1_57' title='bbox 433 561 537 605; x_wconf 82' lang='lat' dir='ltr'>facit</span> <span class='ocrx_word' id='word_1_58' title='bbox 554 576 685 619; x_wconf 85' lang='lat' dir='ltr'>opera</span> <span class='ocrx_word' id='word_1_59' title='bbox 706 576 782 604; x_wconf 89' lang='lat' dir='ltr'>sua</span> <span class='ocrx_word' id='word_1_60' title='bbox 796 563 829 603; x_wconf 69' lang='lat'>2.</span> <span class='ocrx_word' id='word_1_61' title='bbox 857 563 1019 603; x_wconf 82' lang='lat' dir='ltr'>Tecum</span> <span class='ocrx_word' id='word_1_62' title='bbox 1040 557 1304 617; x_wconf 89' lang='lat' dir='ltr'>principium</span> <span class='ocrx_word' id='word_1_63' title='bbox 1325 576 1334 602; x_wconf 89' lang='lat'>:</span> <span class='ocrx_word' id='word_1_64' title='bbox 1355 575 1375 598; x_wconf 90' lang='lat'>»</span> <span class='ocrx_word' id='word_1_65' title='bbox 1393 572 1474 602; x_wconf 87' lang='lat' dir='ltr'>nec</span> 
     </span>
     <span class='ocr_line' id='line_1_7' title="bbox 81 627 1475 691; baseline -0.002 -16"><span class='ocrx_word' id='word_1_66' title='bbox 81 647 278 691; x_wconf 86' lang='lat' dir='ltr'>unquam</span> <span class='ocrx_word' id='word_1_67' title='bbox 301 648 324 675; x_wconf 86' lang='lat' dir='ltr'>a</span> <span class='ocrx_word' id='word_1_68' title='bbox 351 641 394 676; x_wconf 86' lang='lat' dir='ltr'>te</span> <span class='ocrx_word' id='word_1_69' title='bbox 421 640 640 691; x_wconf 81' lang='lat' dir='ltr'>separatus</span> <span class='ocrx_word' id='word_1_70' title='bbox 668 641 730 675; x_wconf 88' lang='lat' dir='ltr'>est</span> <span class='ocrx_word' id='word_1_71' title='bbox 759 635 900 676; x_wconf 80' lang='lat' dir='ltr'>Pater.</span> <span class='ocrx_word' id='word_1_72' title='bbox 939 629 1024 675; x_wconf 89' lang='lat' dir='ltr'>Sed</span> <span class='ocrx_word' id='word_1_73' title='bbox 1047 629 1225 689; x_wconf 79' lang='lat' dir='ltr'>quando</span> <span class='ocrx_word' id='word_1_74' title='bbox 1253 627 1475 673; x_wconf 77' lang='lat' dir='ltr'>videbitur</span> 
     </span>
     <span class='ocr_line' id='line_1_8' title="bbox 80 699 1473 761; baseline -0.002 -16"><span class='ocrx_word' id='word_1_75' title='bbox 80 711 227 746; x_wconf 89' lang='lat' dir='ltr'>tecum</span> <span class='ocrx_word' id='word_1_76' title='bbox 259 717 348 745; x_wconf 89' lang='lat' dir='ltr'>esse</span> <span class='ocrx_word' id='word_1_77' title='bbox 377 702 664 761; x_wconf 84' lang='lat' dir='ltr'>principium,</span> <span class='ocrx_word' id='word_1_78' title='bbox 708 710 814 746; x_wconf 92' lang='lat' dir='ltr'>tunc</span> <span class='ocrx_word' id='word_1_79' title='bbox 843 700 1125 745; x_wconf 79' lang='lat' dir='ltr'>manifestum</span> <span class='ocrx_word' id='word_1_80' title='bbox 1153 700 1233 743; x_wconf 82' lang='lat' dir='ltr'>erit</span> <span class='ocrx_word' id='word_1_81' title='bbox 1269 699 1473 743; x_wconf 88' lang='lat' dir='ltr'>omnibus</span> 
     </span>
     <span class='ocr_line' id='line_1_9' title="bbox 82 770 1471 833; baseline -0.002 -16"><span class='ocrx_word' id='word_1_82' title='bbox 82 773 295 818; x_wconf 86' lang='lat' dir='ltr'>similibus</span> <span class='ocrx_word' id='word_1_83' title='bbox 312 774 403 833; x_wconf 83' lang='lat' dir='ltr'>jam</span> <span class='ocrx_word' id='word_1_84' title='bbox 425 773 506 816; x_wconf 88' lang='lat' dir='ltr'>tibi</span> <span class='ocrx_word' id='word_1_85' title='bbox 528 773 656 817; x_wconf 82' lang='lat' dir='ltr'>factis</span> <span class='ocrx_word' id='word_1_86' title='bbox 680 792 688 817; x_wconf 76' lang='grc' dir='ltr'>ε</span> <span class='ocrx_word' id='word_1_87' title='bbox 710 773 920 832; x_wconf 81' lang='lat' dir='ltr'>quoniam</span> <span class='ocrx_word' id='word_1_88' title='bbox 939 770 1155 816; x_wconf 84' lang='lat' dir='ltr'>videbunt</span> <span class='ocrx_word' id='word_1_89' title='bbox 1175 780 1218 814; x_wconf 84' lang='lat' dir='ltr'>te</span> <span class='ocrx_word' id='word_1_90' title='bbox 1239 770 1365 814; x_wconf 86' lang='lat' dir='ltr'>sicuti</span> <span class='ocrx_word' id='word_1_91' title='bbox 1387 772 1471 814; x_wconf 81' lang='lat' dir='ltr'>es³.</span> 
     </span>
     <span class='ocr_line' id='line_1_10' title="bbox 82 841 1470 900; baseline -0.003 -12"><span class='ocrx_word' id='word_1_92' title='bbox 82 844 256 888; x_wconf 87' lang='lat' dir='ltr'>Etenim</span> <span class='ocrx_word' id='word_1_93' title='bbox 273 843 344 887; x_wconf 93' lang='lat' dir='ltr'>hic</span> <span class='ocrx_word' id='word_1_94' title='bbox 372 842 599 900; x_wconf 79' lang='lat' dir='ltr'>Philippus</span> <span class='ocrx_word' id='word_1_95' title='bbox 626 852 669 885; x_wconf 90' lang='lat' dir='ltr'>te</span> <span class='ocrx_word' id='word_1_96' title='bbox 700 842 898 897; x_wconf 76' lang='lat' dir='ltr'>videbat,</span> <span class='ocrx_word' id='word_1_97' title='bbox 934 851 977 885; x_wconf 91' lang='lat' dir='ltr'>et</span> <span class='ocrx_word' id='word_1_98' title='bbox 1006 845 1179 885; x_wconf 80' lang='lat' dir='ltr'>Patrem</span> <span class='ocrx_word' id='word_1_99' title='bbox 1202 841 1470 900; x_wconf 55' lang='lat' dir='ltr'>quaerebaffl.</span> 
     </span>
     <span class='ocr_line' id='line_1_11' title="bbox 85 910 1476 971; baseline -0.003 -13"><span class='ocrx_word' id='word_1_100' title='bbox 85 917 207 958; x_wconf 90' lang='lat' dir='ltr'>Tunc</span> <span class='ocrx_word' id='word_1_101' title='bbox 229 928 332 971; x_wconf 84' lang='lat' dir='ltr'>ergo</span> <span class='ocrx_word' id='word_1_102' title='bbox 352 910 570 956; x_wconf 83' lang='lat' dir='ltr'>videbitur</span> <span class='ocrx_word' id='word_1_103' title='bbox 592 911 711 971; x_wconf 86' lang='lat' dir='ltr'>quod</span> <span class='ocrx_word' id='word_1_104' title='bbox 733 927 851 955; x_wconf 91' lang='lat' dir='ltr'>nunc</span> <span class='ocrx_word' id='word_1_105' title='bbox 873 912 1078 956; x_wconf 85' lang='lat' dir='ltr'>creditur.</span> <span class='ocrx_word' id='word_1_106' title='bbox 1108 915 1230 956; x_wconf 83' lang='lat' dir='ltr'>Tunc</span> <span class='ocrx_word' id='word_1_107' title='bbox 1256 931 1276 953; x_wconf 85' lang='lat'>«</span> <span class='ocrx_word' id='word_1_108' title='bbox 1311 914 1476 955; x_wconf 85' lang='lat' dir='ltr'>Tecum</span> 
     </span>
     <span class='ocr_line' id='line_1_12' title="bbox 85 981 1478 1043; baseline -0.001 -16"><span class='ocrx_word' id='word_1_109' title='bbox 85 1003 106 1026; x_wconf 84' lang='lat'>&gt;›</span> <span class='ocrx_word' id='word_1_110' title='bbox 141 983 440 1043; x_wconf 81' lang='lat' dir='ltr'>principium»</span> <span class='ocrx_word' id='word_1_111' title='bbox 461 982 714 1026; x_wconf 77' lang='lat' dir='ltr'>videntibus</span> <span class='ocrx_word' id='word_1_112' title='bbox 732 983 903 1036; x_wconf 82' lang='lat' dir='ltr'>sanctis,</span> <span class='ocrx_word' id='word_1_113' title='bbox 928 981 1178 1026; x_wconf 82' lang='lat' dir='ltr'>videntibus</span> <span class='ocrx_word' id='word_1_114' title='bbox 1195 982 1324 1041; x_wconf 84' lang='lat' dir='ltr'>justis</span> <span class='ocrx_word' id='word_1_115' title='bbox 1345 1001 1354 1026; x_wconf 88' lang='lat'>:</span> <span class='ocrx_word' id='word_1_116' title='bbox 1376 982 1478 1025; x_wconf 88' lang='lat' dir='ltr'>sub-</span> 
     </span>
     <span class='ocr_line' id='line_1_13' title="bbox 83 1052 1318 1111; baseline -0.003 -13"><span class='ocrx_word' id='word_1_117' title='bbox 83 1053 180 1098; x_wconf 81' lang='lat' dir='ltr'>latis</span> <span class='ocrx_word' id='word_1_118' title='bbox 201 1053 256 1097; x_wconf 89' lang='lat' dir='ltr'>de</span> <span class='ocrx_word' id='word_1_119' title='bbox 274 1052 419 1096; x_wconf 81' lang='lat' dir='ltr'>medio</span> <span class='ocrx_word' id='word_1_120' title='bbox 436 1052 575 1111; x_wconf 84' lang='lat' dir='ltr'>impiis</span> <span class='ocrx_word' id='word_1_121' title='bbox 594 1086 604 1107; x_wconf 81' lang='grc'>,</span> <span class='ocrx_word' id='word_1_122' title='bbox 626 1068 681 1095; x_wconf 88' lang='lat' dir='ltr'>ne</span> <span class='ocrx_word' id='word_1_123' title='bbox 700 1052 878 1096; x_wconf 80' lang='lat' dir='ltr'>videant</span> <span class='ocrx_word' id='word_1_124' title='bbox 899 1052 1112 1095; x_wconf 84' lang='lat' dir='ltr'>honorem</span> <span class='ocrx_word' id='word_1_125' title='bbox 1133 1052 1318 1095; x_wconf 87' lang='lat' dir='ltr'>Domini.</span> 
     </span>
    </p>

    <p class='ocr_par' dir='ltr' id='par_1_3' title="bbox 85 1121 1484 2446">
     <span class='ocr_line' id='line_1_14' title="bbox 143 1121 1478 1181; baseline -0.002 -13"><span class='ocrx_word' id='word_1_126' title='bbox 143 1126 263 1168; x_wconf 74' lang='lat' dir='ltr'>XIV,</span> <span class='ocrx_word' id='word_1_127' title='bbox 289 1123 423 1167; x_wconf 76' lang='lat' dir='ltr'>Modo</span> <span class='ocrx_word' id='word_1_128' title='bbox 455 1138 556 1179; x_wconf 75' lang='lat' dir='ltr'>ergo</span> <span class='ocrx_word' id='word_1_129' title='bbox 585 1121 834 1177; x_wconf 82' lang='lat' dir='ltr'>credamus,</span> <span class='ocrx_word' id='word_1_130' title='bbox 855 1122 1006 1166; x_wconf 80' lang='lat' dir='ltr'>fratres</span> <span class='ocrx_word' id='word_1_131' title='bbox 1022 1156 1032 1176; x_wconf 80' lang='lat'>‚</span> <span class='ocrx_word' id='word_1_132' title='bbox 1059 1121 1180 1181; x_wconf 85' lang='lat' dir='ltr'>quod</span> <span class='ocrx_word' id='word_1_133' title='bbox 1201 1131 1308 1166; x_wconf 82' lang='lat' dir='ltr'>tunc</span> <span class='ocrx_word' id='word_1_134' title='bbox 1330 1121 1478 1167; x_wconf 84' lang='lat' dir='ltr'>videa-</span> 
     </span>
     <span class='ocr_line' id='line_1_15' title="bbox 86 1192 1477 1252; baseline -0.002 -13"><span class='ocrx_word' id='word_1_135' title='bbox 86 1210 197 1239; x_wconf 88' lang='lat' dir='ltr'>mus.</span> <span class='ocrx_word' id='word_1_136' title='bbox 219 1197 327 1238; x_wconf 84' lang='lat' dir='ltr'>Nam</span> <span class='ocrx_word' id='word_1_137' title='bbox 350 1202 394 1236; x_wconf 84' lang='lat' dir='ltr'>et</span> <span class='ocrx_word' id='word_1_138' title='bbox 424 1192 650 1251; x_wconf 78' lang='lat' dir='ltr'>Philippus</span> <span class='ocrx_word' id='word_1_139' title='bbox 673 1192 925 1251; x_wconf 75' lang='lat' dir='ltr'>objurgatus</span> <span class='ocrx_word' id='word_1_140' title='bbox 948 1201 1011 1236; x_wconf 89' lang='lat' dir='ltr'>est</span> <span class='ocrx_word' id='word_1_141' title='bbox 1036 1192 1158 1252; x_wconf 78' lang='lat' dir='ltr'>quod</span> <span class='ocrx_word' id='word_1_142' title='bbox 1179 1202 1393 1252; x_wconf 80' lang='lat' dir='ltr'>quaereret</span> <span class='ocrx_word' id='word_1_143' title='bbox 1411 1193 1477 1236; x_wconf 86' lang='lat' dir='ltr'>vi-</span> 
     </span>
     <span class='ocr_line' id='line_1_16' title="bbox 85 1262 1474 1321; baseline 0 -13"><span class='ocrx_word' id='word_1_144' title='bbox 85 1265 188 1308; x_wconf 83' lang='lat' dir='ltr'>dere</span> <span class='ocrx_word' id='word_1_145' title='bbox 211 1268 381 1308; x_wconf 82' lang='lat' dir='ltr'>Patrem</span> <span class='ocrx_word' id='word_1_146' title='bbox 397 1296 408 1316; x_wconf 86' lang='lat'>‚</span> <span class='ocrx_word' id='word_1_147' title='bbox 433 1278 533 1304; x_wconf 86' lang='lat' dir='ltr'>cum</span> <span class='ocrx_word' id='word_1_148' title='bbox 555 1262 601 1303; x_wconf 86' lang='lat' dir='ltr'>in</span> <span class='ocrx_word' id='word_1_149' title='bbox 624 1263 716 1318; x_wconf 80' lang='lat' dir='ltr'>ipso</span> <span class='ocrx_word' id='word_1_150' title='bbox 745 1262 856 1304; x_wconf 79' lang='lat' dir='ltr'>Filio</span> <span class='ocrx_word' id='word_1_151' title='bbox 878 1278 968 1306; x_wconf 84' lang='lat' dir='ltr'>non</span> <span class='ocrx_word' id='word_1_152' title='bbox 996 1272 1248 1321; x_wconf 77' lang='lat' dir='ltr'>agnosceret</span> <span class='ocrx_word' id='word_1_153' title='bbox 1269 1266 1440 1306; x_wconf 81' lang='lat' dir='ltr'>Patrem</span> <span class='ocrx_word' id='word_1_154' title='bbox 1465 1282 1474 1308; x_wconf 77' lang='lat' dir='ltr'><strong><em>z</em></strong></span> 
     </span>
     <span class='ocr_line' id='line_1_17' title="bbox 89 1330 1479 1390; baseline -0.002 -13"><span class='ocrx_word' id='word_1_155' title='bbox 89 1354 110 1377; x_wconf 87' lang='lat'>«</span> <span class='ocrx_word' id='word_1_156' title='bbox 146 1337 284 1377; x_wconf 82' lang='lat' dir='ltr'>Tanto</span> <span class='ocrx_word' id='word_1_157' title='bbox 306 1341 501 1390; x_wconf 82' lang='lat' dir='ltr'>tempore</span> <span class='ocrx_word' id='word_1_158' title='bbox 523 1330 750 1374; x_wconf 87' lang='lat' dir='ltr'>vobiscum</span> <span class='ocrx_word' id='word_1_159' title='bbox 786 1345 882 1374; x_wconf 87' lang='lat' dir='ltr'>sum</span> <span class='ocrx_word' id='word_1_160' title='bbox 903 1366 913 1385; x_wconf 88' lang='lat'><strong><em>‚</em></strong></span> <span class='ocrx_word' id='word_1_161' title='bbox 935 1342 979 1376; x_wconf 86' lang='lat' dir='ltr'>et</span> <span class='ocrx_word' id='word_1_162' title='bbox 1000 1347 1089 1375; x_wconf 84' lang='lat' dir='ltr'>non</span> <span class='ocrx_word' id='word_1_163' title='bbox 1110 1333 1348 1389; x_wconf 75' lang='lat' dir='ltr'>cognovisti</span> <span class='ocrx_word' id='word_1_164' title='bbox 1379 1334 1479 1375; x_wconf 77' lang='lat' dir='ltr'>me?</span> 
     </span>
     <span class='ocr_line' id='line_1_18' title="bbox 88 1399 1479 1462; baseline -0.001 -15"><span class='ocrx_word' id='word_1_165' title='bbox 88 1422 110 1446; x_wconf 84' lang='lat'>»</span> <span class='ocrx_word' id='word_1_166' title='bbox 146 1403 346 1462; x_wconf 79' lang='lat' dir='ltr'>Philippe</span> <span class='ocrx_word' id='word_1_167' title='bbox 365 1437 376 1457; x_wconf 80' lang='grc'><em>,</em></span> <span class='ocrx_word' id='word_1_168' title='bbox 402 1401 479 1461; x_wconf 83' lang='lat' dir='ltr'>qui</span> <span class='ocrx_word' id='word_1_169' title='bbox 500 1416 569 1444; x_wconf 80' lang='lat' dir='ltr'>me</span> <span class='ocrx_word' id='word_1_170' title='bbox 589 1399 698 1444; x_wconf 80' lang='lat' dir='ltr'>vidit</span> <span class='ocrx_word' id='word_1_171' title='bbox 714 1436 723 1454; x_wconf 82' lang='lat'>‚</span> <span class='ocrx_word' id='word_1_172' title='bbox 744 1400 854 1443; x_wconf 86' lang='lat' dir='ltr'>vidit</span> <span class='ocrx_word' id='word_1_173' title='bbox 876 1409 918 1444; x_wconf 76' lang='lat' dir='ltr'>et</span> <span class='ocrx_word' id='word_1_174' title='bbox 941 1404 1113 1444; x_wconf 78' lang='lat' dir='ltr'>Patrem</span> <span class='ocrx_word' id='word_1_175' title='bbox 1127 1403 1157 1444; x_wconf 79' lang='lat'>5.</span> <span class='ocrx_word' id='word_1_176' title='bbox 1174 1420 1193 1441; x_wconf 85' lang='lat'>»</span> <span class='ocrx_word' id='word_1_177' title='bbox 1214 1401 1298 1446; x_wconf 83' lang='lat' dir='ltr'>Sed</span> <span class='ocrx_word' id='word_1_178' title='bbox 1316 1403 1391 1461; x_wconf 84' lang='lat' dir='ltr'>qui</span> <span class='ocrx_word' id='word_1_179' title='bbox 1409 1417 1479 1445; x_wconf 88' lang='lat' dir='ltr'>me</span> 
     </span>
     <span class='ocr_line' id='line_1_19' title="bbox 85 1469 1480 1531; baseline -0.003 -13"><span class='ocrx_word' id='word_1_180' title='bbox 85 1473 223 1526; x_wconf 79' lang='lat' dir='ltr'>vidit,</span> <span class='ocrx_word' id='word_1_181' title='bbox 250 1488 339 1517; x_wconf 87' lang='lat' dir='ltr'>non</span> <span class='ocrx_word' id='word_1_182' title='bbox 368 1471 444 1531; x_wconf 79' lang='lat' dir='ltr'>qui</span> <span class='ocrx_word' id='word_1_183' title='bbox 472 1469 658 1514; x_wconf 80' lang='lat' dir='ltr'>formam</span> <span class='ocrx_word' id='word_1_184' title='bbox 690 1469 798 1512; x_wconf 84' lang='lat' dir='ltr'>servi</span> <span class='ocrx_word' id='word_1_185' title='bbox 819 1469 864 1513; x_wconf 89' lang='lat' dir='ltr'>in</span> <span class='ocrx_word' id='word_1_186' title='bbox 886 1485 955 1513; x_wconf 89' lang='lat' dir='ltr'>me</span> <span class='ocrx_word' id='word_1_187' title='bbox 977 1470 1100 1514; x_wconf 84' lang='lat' dir='ltr'>vidit.</span> <span class='ocrx_word' id='word_1_188' title='bbox 1131 1489 1150 1512; x_wconf 86' lang='lat'>«</span> <span class='ocrx_word' id='word_1_189' title='bbox 1173 1472 1254 1523; x_wconf 86' lang='lat' dir='ltr'>Qui</span> <span class='ocrx_word' id='word_1_190' title='bbox 1287 1485 1388 1528; x_wconf 83' lang='lat' dir='ltr'>ergo</span> <span class='ocrx_word' id='word_1_191' title='bbox 1410 1486 1480 1514; x_wconf 90' lang='lat' dir='ltr'>me</span> 
     </span>
     <span class='ocr_line' id='line_1_20' title="bbox 90 1538 1482 1601; baseline -0.001 -16"><span class='ocrx_word' id='word_1_192' title='bbox 90 1562 110 1586; x_wconf 90' lang='lat'>»</span> <span class='ocrx_word' id='word_1_193' title='bbox 148 1542 279 1597; x_wconf 78' lang='lat' dir='ltr'>vidit,</span> <span class='ocrx_word' id='word_1_194' title='bbox 307 1561 327 1584; x_wconf 86' lang='lat'>»</span> <span class='ocrx_word' id='word_1_195' title='bbox 356 1540 530 1601; x_wconf 83' lang='lat' dir='ltr'>qualem</span> <span class='ocrx_word' id='word_1_196' title='bbox 563 1554 632 1583; x_wconf 89' lang='lat' dir='ltr'>me</span> <span class='ocrx_word' id='word_1_197' title='bbox 665 1538 872 1583; x_wconf 83' lang='lat' dir='ltr'>abscondi</span> <span class='ocrx_word' id='word_1_198' title='bbox 904 1540 1161 1584; x_wconf 83' lang='lat' dir='ltr'>timentibus</span> <span class='ocrx_word' id='word_1_199' title='bbox 1183 1555 1252 1583; x_wconf 87' lang='lat' dir='ltr'>me</span> <span class='ocrx_word' id='word_1_200' title='bbox 1269 1575 1280 1595; x_wconf 85' lang='lat'>‚</span> <span class='ocrx_word' id='word_1_201' title='bbox 1305 1540 1482 1600; x_wconf 88' lang='lat' dir='ltr'>qualem</span> 
     </span>
     <span class='ocr_line' id='line_1_21' title="bbox 86 1610 1482 1671; baseline -0.003 -12"><span class='ocrx_word' id='word_1_202' title='bbox 86 1630 156 1659; x_wconf 89' lang='lat' dir='ltr'>me</span> <span class='ocrx_word' id='word_1_203' title='bbox 178 1612 416 1659; x_wconf 85' lang='lat' dir='ltr'>videndum</span> <span class='ocrx_word' id='word_1_204' title='bbox 439 1611 616 1671; x_wconf 83' lang='lat' dir='ltr'>perficio</span> <span class='ocrx_word' id='word_1_205' title='bbox 638 1610 912 1669; x_wconf 74' lang='lat' dir='ltr'>sperantibus</span> <span class='ocrx_word' id='word_1_206' title='bbox 934 1611 980 1654; x_wconf 91' lang='lat' dir='ltr'>in</span> <span class='ocrx_word' id='word_1_207' title='bbox 1002 1625 1072 1654; x_wconf 91' lang='lat' dir='ltr'>me</span> <span class='ocrx_word' id='word_1_208' title='bbox 1089 1612 1104 1637; x_wconf 70' lang='lat'><strong>⁶</strong></span> <span class='ocrx_word' id='word_1_209' title='bbox 1122 1646 1133 1666; x_wconf 76' lang='lat'>,</span> <span class='ocrx_word' id='word_1_210' title='bbox 1156 1629 1176 1652; x_wconf 71' lang='grc' dir='ltr'>α</span> <span class='ocrx_word' id='word_1_211' title='bbox 1197 1611 1317 1655; x_wconf 86' lang='lat' dir='ltr'>Vidit</span> <span class='ocrx_word' id='word_1_212' title='bbox 1339 1621 1381 1655; x_wconf 83' lang='lat' dir='ltr'>et</span> <span class='ocrx_word' id='word_1_213' title='bbox 1399 1615 1482 1655; x_wconf 51' lang='lat' dir='ltr'>Pa„</span> 
     </span>
     <span class='ocr_line' id='line_1_22' title="bbox 90 1680 1484 1741; baseline -0.001 -14"><span class='ocrx_word' id='word_1_214' title='bbox 90 1705 110 1728; x_wconf 86' lang='lat'>»</span> <span class='ocrx_word' id='word_1_215' title='bbox 148 1694 309 1729; x_wconf 85' lang='lat' dir='ltr'>trem.»</span> <span class='ocrx_word' id='word_1_216' title='bbox 337 1681 421 1727; x_wconf 88' lang='lat' dir='ltr'>Sed</span> <span class='ocrx_word' id='word_1_217' title='bbox 438 1681 540 1741; x_wconf 76' lang='lat' dir='ltr'>quia</span> <span class='ocrx_word' id='word_1_218' title='bbox 558 1681 640 1724; x_wconf 80' lang='lat' dir='ltr'>ista</span> <span class='ocrx_word' id='word_1_219' title='bbox 660 1680 767 1725; x_wconf 89' lang='lat' dir='ltr'>visio</span> <span class='ocrx_word' id='word_1_220' title='bbox 790 1690 886 1740; x_wconf 88' lang='lat' dir='ltr'>post</span> <span class='ocrx_word' id='word_1_221' title='bbox 908 1682 1014 1737; x_wconf 80' lang='lat' dir='ltr'>erit,</span> <span class='ocrx_word' id='word_1_222' title='bbox 1041 1697 1159 1725; x_wconf 88' lang='lat' dir='ltr'>nunc</span> <span class='ocrx_word' id='word_1_223' title='bbox 1181 1697 1260 1740; x_wconf 81' lang='lat' dir='ltr'>pro</span> <span class='ocrx_word' id='word_1_224' title='bbox 1283 1681 1358 1725; x_wconf 78' lang='lat' dir='ltr'>illa</span> <span class='ocrx_word' id='word_1_225' title='bbox 1375 1681 1484 1740; x_wconf 83' lang='lat' dir='ltr'>quid.</span> 
     </span>
     <span class='ocr_line' id='line_1_23' title="bbox 88 1749 1477 1811; baseline -0.004 -10"><span class='ocrx_word' id='word_1_226' title='bbox 88 1749 382 1801; x_wconf 74' lang='lat' dir='ltr'>habebimus?</span> <span class='ocrx_word' id='word_1_227' title='bbox 408 1751 645 1795; x_wconf 79' lang='lat' dir='ltr'>Videamus</span> <span class='ocrx_word' id='word_1_228' title='bbox 667 1750 776 1809; x_wconf 80' lang='lat' dir='ltr'>quid</span> <span class='ocrx_word' id='word_1_229' title='bbox 800 1752 916 1795; x_wconf 83' lang='lat' dir='ltr'>dicat</span> <span class='ocrx_word' id='word_1_230' title='bbox 939 1751 1157 1811; x_wconf 85' lang='lat' dir='ltr'>Philippo.</span> <span class='ocrx_word' id='word_1_231' title='bbox 1178 1752 1261 1796; x_wconf 88' lang='lat' dir='ltr'>Cui</span> <span class='ocrx_word' id='word_1_232' title='bbox 1280 1751 1444 1796; x_wconf 83' lang='lat' dir='ltr'>dixerat</span> <span class='ocrx_word' id='word_1_233' title='bbox 1469 1770 1477 1795; x_wconf 93' lang='lat'>:</span> 
     </span>
     <span class='ocr_line' id='line_1_24' title="bbox 94 1820 1482 1881; baseline -0.001 -13"><span class='ocrx_word' id='word_1_234' title='bbox 94 1845 113 1868; x_wconf 92' lang='lat'>»</span> <span class='ocrx_word' id='word_1_235' title='bbox 133 1826 219 1879; x_wconf 84' lang='lat' dir='ltr'>Qui</span> <span class='ocrx_word' id='word_1_236' title='bbox 234 1839 304 1867; x_wconf 91' lang='lat' dir='ltr'>me</span> <span class='ocrx_word' id='word_1_237' title='bbox 316 1822 441 1876; x_wconf 78' lang='lat' dir='ltr'>vidit,</span> <span class='ocrx_word' id='word_1_238' title='bbox 454 1820 563 1865; x_wconf 79' lang='lat' dir='ltr'>vidit</span> <span class='ocrx_word' id='word_1_239' title='bbox 579 1830 623 1864; x_wconf 88' lang='lat' dir='ltr'>et</span> <span class='ocrx_word' id='word_1_240' title='bbox 640 1824 835 1864; x_wconf 77' lang='lat' dir='ltr'>Patrem:</span> <span class='ocrx_word' id='word_1_241' title='bbox 857 1839 876 1862; x_wconf 87' lang='lat'>»</span> <span class='ocrx_word' id='word_1_242' title='bbox 889 1821 1011 1880; x_wconf 76' lang='lat' dir='ltr'>quasi</span> <span class='ocrx_word' id='word_1_243' title='bbox 1025 1821 1063 1864; x_wconf 90' lang='lat' dir='ltr'>ei</span> <span class='ocrx_word' id='word_1_244' title='bbox 1083 1821 1308 1881; x_wconf 83' lang='lat' dir='ltr'>Philippus</span> <span class='ocrx_word' id='word_1_245' title='bbox 1327 1822 1482 1866; x_wconf 76' lang='lat' dir='ltr'>tacitus</span> 
     </span>
     <span class='ocr_line' id='line_1_25' title="bbox 91 1889 1482 1955; baseline -0.004 -14"><span class='ocrx_word' id='word_1_246' title='bbox 91 1894 371 1955; x_wconf 82' lang='lat' dir='ltr'>responderet</span> <span class='ocrx_word' id='word_1_247' title='bbox 388 1895 466 1937; x_wconf 86' lang='lat' dir='ltr'>:Et</span> <span class='ocrx_word' id='word_1_248' title='bbox 486 1889 709 1951; x_wconf 82' lang='lat' dir='ltr'>quomodo</span> <span class='ocrx_word' id='word_1_249' title='bbox 733 1899 775 1934; x_wconf 93' lang='lat' dir='ltr'>te</span> <span class='ocrx_word' id='word_1_250' title='bbox 796 1890 1015 1947; x_wconf 83' lang='lat' dir='ltr'>videbo,si</span> <span class='ocrx_word' id='word_1_251' title='bbox 1037 1891 1158 1935; x_wconf 81' lang='lat' dir='ltr'>aliter</span> <span class='ocrx_word' id='word_1_252' title='bbox 1171 1892 1329 1937; x_wconf 82' lang='lat' dir='ltr'>videris</span> <span class='ocrx_word' id='word_1_253' title='bbox 1349 1908 1482 1952; x_wconf 81' lang='lat' dir='ltr'>quam</span> 
     </span>
     <span class='ocr_line' id='line_1_26' title="bbox 90 1960 1483 2020; baseline -0.003 -9"><span class='ocrx_word' id='word_1_254' title='bbox 90 1968 137 2011; x_wconf 85' lang='lat' dir='ltr'>in</span> <span class='ocrx_word' id='word_1_255' title='bbox 164 1965 301 2009; x_wconf 85' lang='lat' dir='ltr'>forma</span> <span class='ocrx_word' id='word_1_256' title='bbox 327 1962 473 2007; x_wconf 75' lang='lat' dir='ltr'>servi?</span> <span class='ocrx_word' id='word_1_257' title='bbox 496 1970 573 2005; x_wconf 84' lang='lat' dir='ltr'>aut</span> <span class='ocrx_word' id='word_1_258' title='bbox 599 1960 823 2020; x_wconf 85' lang='lat' dir='ltr'>quomodo</span> <span class='ocrx_word' id='word_1_259' title='bbox 850 1961 1010 2006; x_wconf 86' lang='lat' dir='ltr'>videbo</span> <span class='ocrx_word' id='word_1_260' title='bbox 1039 1966 1209 2006; x_wconf 77' lang='lat' dir='ltr'>Patrem</span> <span class='ocrx_word' id='word_1_261' title='bbox 1225 1998 1235 2017; x_wconf 84' lang='lat'>‚</span> <span class='ocrx_word' id='word_1_262' title='bbox 1267 1962 1483 2007; x_wconf 80' lang='lat' dir='ltr'>invalidus</span> 
     </span>
     <span class='ocr_line' id='line_1_27' title="bbox 90 2030 1482 2091; baseline -0.004 -10"><span class='ocrx_word' id='word_1_263' title='bbox 90 2038 224 2081; x_wconf 87' lang='lat' dir='ltr'>homo</span> <span class='ocrx_word' id='word_1_264' title='bbox 246 2032 440 2079; x_wconf 84' lang='lat' dir='ltr'>mortalis</span> <span class='ocrx_word' id='word_1_265' title='bbox 457 2067 469 2086; x_wconf 84' lang='lat'>‚</span> <span class='ocrx_word' id='word_1_266' title='bbox 494 2030 638 2091; x_wconf 87' lang='lat' dir='ltr'>pulvis</span> <span class='ocrx_word' id='word_1_267' title='bbox 660 2041 703 2075; x_wconf 89' lang='lat' dir='ltr'>et</span> <span class='ocrx_word' id='word_1_268' title='bbox 739 2032 879 2076; x_wconf 80' lang='lat' dir='ltr'>cinis?</span> <span class='ocrx_word' id='word_1_269' title='bbox 902 2034 1145 2077; x_wconf 84' lang='lat' dir='ltr'>Conversus</span> <span class='ocrx_word' id='word_1_270' title='bbox 1170 2033 1225 2078; x_wconf 81' lang='lat' dir='ltr'>ad</span> <span class='ocrx_word' id='word_1_271' title='bbox 1247 2049 1370 2089; x_wconf 81' lang='lat' dir='ltr'>eum,</span> <span class='ocrx_word' id='word_1_272' title='bbox 1393 2032 1482 2077; x_wconf 84' lang='lat' dir='ltr'>dif-</span> 
     </span>
     <span class='ocr_line' id='line_1_28' title="bbox 91 2102 1483 2163; baseline -0.001 -11"><span class='ocrx_word' id='word_1_273' title='bbox 91 2106 233 2153; x_wconf 83' lang='lat' dir='ltr'>ferens</span> <span class='ocrx_word' id='word_1_274' title='bbox 254 2105 488 2158; x_wconf 87' lang='lat' dir='ltr'>visionem,</span> <span class='ocrx_word' id='word_1_275' title='bbox 512 2104 729 2161; x_wconf 83' lang='lat' dir='ltr'>imperans</span> <span class='ocrx_word' id='word_1_276' title='bbox 750 2102 882 2146; x_wconf 86' lang='lat' dir='ltr'>fidem</span> <span class='ocrx_word' id='word_1_277' title='bbox 897 2138 908 2158; x_wconf 84' lang='lat'>‚</span> <span class='ocrx_word' id='word_1_278' title='bbox 936 2103 1014 2163; x_wconf 90' lang='lat' dir='ltr'>qui</span> <span class='ocrx_word' id='word_1_279' title='bbox 1035 2103 1199 2148; x_wconf 76' lang='lat' dir='ltr'>dixerat</span> <span class='ocrx_word' id='word_1_280' title='bbox 1226 2123 1235 2149; x_wconf 76' lang='grc' dir='ltr'>ε</span> <span class='ocrx_word' id='word_1_281' title='bbox 1265 2123 1285 2146; x_wconf 88' lang='lat'>«</span> <span class='ocrx_word' id='word_1_282' title='bbox 1311 2105 1392 2158; x_wconf 85' lang='lat' dir='ltr'>Qui</span> <span class='ocrx_word' id='word_1_283' title='bbox 1413 2120 1483 2150; x_wconf 89' lang='lat' dir='ltr'>me</span> 
     </span>
     <span class='ocr_line' id='line_1_29' title="bbox 94 2173 1482 2235; baseline -0.001 -14"><span class='ocrx_word' id='word_1_284' title='bbox 94 2197 116 2221; x_wconf 89' lang='lat'>»</span> <span class='ocrx_word' id='word_1_285' title='bbox 150 2177 288 2232; x_wconf 85' lang='lat' dir='ltr'>vidit,</span> <span class='ocrx_word' id='word_1_286' title='bbox 315 2175 425 2219; x_wconf 88' lang='lat' dir='ltr'>vidit</span> <span class='ocrx_word' id='word_1_287' title='bbox 446 2183 489 2217; x_wconf 91' lang='lat' dir='ltr'>et</span> <span class='ocrx_word' id='word_1_288' title='bbox 510 2177 685 2217; x_wconf 70' lang='lat' dir='ltr'>Patrem</span> <span class='ocrx_word' id='word_1_289' title='bbox 706 2194 717 2231; x_wconf 74' lang='lat'>3</span> <span class='ocrx_word' id='word_1_290' title='bbox 746 2191 765 2213; x_wconf 92' lang='lat'>»</span> <span class='ocrx_word' id='word_1_291' title='bbox 791 2174 894 2233; x_wconf 78' lang='lat' dir='ltr'>quia</span> <span class='ocrx_word' id='word_1_292' title='bbox 915 2173 1105 2218; x_wconf 86' lang='lat' dir='ltr'>multum</span> <span class='ocrx_word' id='word_1_293' title='bbox 1122 2184 1215 2219; x_wconf 75' lang='lat' dir='ltr'>erat</span> <span class='ocrx_word' id='word_1_294' title='bbox 1236 2174 1292 2219; x_wconf 82' lang='lat' dir='ltr'>ad</span> <span class='ocrx_word' id='word_1_295' title='bbox 1315 2175 1482 2235; x_wconf 76' lang='lat' dir='ltr'>Philip-</span> 
     </span>
     <span class='ocr_line' id='line_1_30' title="bbox 92 2242 1478 2308; baseline -0.003 -16"><span class='ocrx_word' id='word_1_296' title='bbox 92 2263 220 2308; x_wconf 84' lang='lat' dir='ltr'>pum,</span> <span class='ocrx_word' id='word_1_297' title='bbox 258 2255 302 2290; x_wconf 92' lang='lat' dir='ltr'>et</span> <span class='ocrx_word' id='word_1_298' title='bbox 333 2244 464 2303; x_wconf 82' lang='lat' dir='ltr'>longe</span> <span class='ocrx_word' id='word_1_299' title='bbox 493 2243 546 2287; x_wconf 79' lang='lat' dir='ltr'>ab</span> <span class='ocrx_word' id='word_1_300' title='bbox 569 2259 620 2288; x_wconf 87' lang='lat' dir='ltr'>eo</span> <span class='ocrx_word' id='word_1_301' title='bbox 645 2244 736 2287; x_wconf 74' lang='lat' dir='ltr'>erat</span> <span class='ocrx_word' id='word_1_302' title='bbox 761 2242 908 2287; x_wconf 80' lang='lat' dir='ltr'>videre</span> <span class='ocrx_word' id='word_1_303' title='bbox 929 2263 938 2288; x_wconf 75' lang='grc' dir='ltr'>ε</span> <span class='ocrx_word' id='word_1_304' title='bbox 965 2247 1104 2290; x_wconf 86' lang='lat' dir='ltr'>«Non</span> <span class='ocrx_word' id='word_1_305' title='bbox 1125 2245 1287 2300; x_wconf 78' lang='lat' dir='ltr'>credis,</span> <span class='ocrx_word' id='word_1_306' title='bbox 1314 2245 1478 2305; x_wconf 84' lang='lat' dir='ltr'>inquit,</span> 
     </span>
     <span class='ocr_line' id='line_1_31' title="bbox 96 2315 1482 2379; baseline -0.001 -17"><span class='ocrx_word' id='word_1_307' title='bbox 96 2338 116 2362; x_wconf 88' lang='lat'>»</span> <span class='ocrx_word' id='word_1_308' title='bbox 151 2319 255 2379; x_wconf 82' lang='lat' dir='ltr'>quia</span> <span class='ocrx_word' id='word_1_309' title='bbox 276 2332 357 2375; x_wconf 81' lang='lat' dir='ltr'>ego</span> <span class='ocrx_word' id='word_1_310' title='bbox 372 2317 418 2359; x_wconf 89' lang='lat' dir='ltr'>in</span> <span class='ocrx_word' id='word_1_311' title='bbox 440 2318 566 2359; x_wconf 82' lang='lat' dir='ltr'>Patre</span> <span class='ocrx_word' id='word_1_312' title='bbox 584 2350 594 2370; x_wconf 84' lang='lat'>,</span> <span class='ocrx_word' id='word_1_313' title='bbox 622 2323 665 2358; x_wconf 91' lang='lat' dir='ltr'>et</span> <span class='ocrx_word' id='word_1_314' title='bbox 687 2318 813 2358; x_wconf 78' lang='lat' dir='ltr'>Pater</span> <span class='ocrx_word' id='word_1_315' title='bbox 835 2315 881 2358; x_wconf 86' lang='lat' dir='ltr'>in</span> <span class='ocrx_word' id='word_1_316' title='bbox 903 2331 973 2359; x_wconf 89' lang='lat' dir='ltr'>me</span> <span class='ocrx_word' id='word_1_317' title='bbox 995 2325 1058 2359; x_wconf 87' lang='lat' dir='ltr'>est</span> <span class='ocrx_word' id='word_1_318' title='bbox 1077 2319 1091 2343; x_wconf 82' lang='lat'>⁷</span> <span class='ocrx_word' id='word_1_319' title='bbox 1107 2318 1124 2359; x_wconf 84' lang='lat'><strong>?</strong></span> <span class='ocrx_word' id='word_1_320' title='bbox 1142 2334 1161 2357; x_wconf 90' lang='lat'>»</span> <span class='ocrx_word' id='word_1_321' title='bbox 1189 2315 1318 2368; x_wconf 85' lang='lat' dir='ltr'>Quod</span> <span class='ocrx_word' id='word_1_322' title='bbox 1335 2316 1482 2360; x_wconf 82' lang='lat' dir='ltr'>videre</span> 
     </span>
     <span class='ocr_line' id='line_1_32' title="bbox 92 2384 1483 2446; baseline -0.002 -12"><span class='ocrx_word' id='word_1_323' title='bbox 92 2387 292 2434; x_wconf 84' lang='lat' dir='ltr'>nondum</span> <span class='ocrx_word' id='word_1_324' title='bbox 310 2394 430 2446; x_wconf 86' lang='lat' dir='ltr'>potes</span> <span class='ocrx_word' id='word_1_325' title='bbox 445 2420 456 2441; x_wconf 84' lang='lat'>‚</span> <span class='ocrx_word' id='word_1_326' title='bbox 478 2385 606 2429; x_wconf 87' lang='lat' dir='ltr'>crede</span> <span class='ocrx_word' id='word_1_327' title='bbox 621 2420 632 2440; x_wconf 83' lang='lat'><strong>‚</strong></span> <span class='ocrx_word' id='word_1_328' title='bbox 652 2393 702 2428; x_wconf 75' lang='lat' dir='ltr'>ut</span> <span class='ocrx_word' id='word_1_329' title='bbox 722 2384 870 2429; x_wconf 70' lang='lat' dir='ltr'>videre</span> <span class='ocrx_word' id='word_1_330' title='bbox 890 2386 1105 2430; x_wconf 84' lang='lat' dir='ltr'>merearis.</span> <span class='ocrx_word' id='word_1_331' title='bbox 1124 2388 1236 2431; x_wconf 76' lang='lat' dir='ltr'>Cum</span> <span class='ocrx_word' id='word_1_332' title='bbox 1253 2401 1354 2444; x_wconf 76' lang='lat' dir='ltr'>ergo</span> <span class='ocrx_word' id='word_1_333' title='bbox 1381 2402 1483 2431; x_wconf 80' lang='lat' dir='ltr'>ven-</span> 
     </span>
    </p>
   </div>
   <div class='ocr_carea' id='block_1_3' title="bbox 95 2481 1482 2585">
    <p class='ocr_par' dir='ltr' id='par_1_4' title="bbox 95 2481 1482 2585">
     <span class='ocr_line' id='line_1_33' title="bbox 143 2481 1482 2525; baseline -0.002 -7"><span class='ocrx_word' id='word_1_334' title='bbox 143 2493 151 2508; x_wconf 90' lang='lat'>¹</span> <span class='ocrx_word' id='word_1_335' title='bbox 169 2489 261 2518; x_wconf 72' lang='lat' dir='ltr'>Joan.</span> <span class='ocrx_word' id='word_1_336' title='bbox 281 2495 345 2524; x_wconf 77' lang='lat' dir='ltr'>xvi,</span> <span class='ocrx_word' id='word_1_337' title='bbox 366 2484 419 2515; x_wconf 81' lang='lat'>32.</span> <span class='ocrx_word' id='word_1_338' title='bbox 440 2500 481 2505; x_wconf 92' lang='lat'>—-</span> <span class='ocrx_word' id='word_1_339' title='bbox 505 2483 577 2515; x_wconf 57' lang='lat'>213.</span> <span class='ocrx_word' id='word_1_340' title='bbox 599 2494 672 2524; x_wconf 75' lang='lat' dir='ltr'>xiv,</span> <span class='ocrx_word' id='word_1_341' title='bbox 698 2494 747 2515; x_wconf 83' lang='lat'>10.</span> <span class='ocrx_word' id='word_1_342' title='bbox 776 2499 816 2504; x_wconf 94' lang='lat'><strong>—</strong></span> <span class='ocrx_word' id='word_1_343' title='bbox 837 2481 848 2504; x_wconf 88' lang='lat'><em>3</em></span> <span class='ocrx_word' id='word_1_344' title='bbox 872 2494 880 2514; x_wconf 87' lang='grc' dir='ltr'>ι</span> <span class='ocrx_word' id='word_1_345' title='bbox 905 2486 997 2516; x_wconf 78' lang='lat' dir='ltr'>Joan.</span> <span class='ocrx_word' id='word_1_346' title='bbox 1014 2496 1068 2525; x_wconf 82' lang='lat'>111,</span> <span class='ocrx_word' id='word_1_347' title='bbox 1091 2495 1109 2515; x_wconf 90' lang='lat'><strong>2</strong></span> <span class='ocrx_word' id='word_1_348' title='bbox 1138 2501 1179 2505; x_wconf 90' lang='lat'>—-</span> <span class='ocrx_word' id='word_1_349' title='bbox 1199 2482 1378 2525; x_wconf 69' lang='lat' dir='ltr'>41d.x1v‚</span> <span class='ocrx_word' id='word_1_350' title='bbox 1396 2483 1482 2516; x_wconf 77' lang='grc'>8.-</span> 
     </span>
     <span class='ocr_line' id='line_1_34' title="bbox 95 2538 971 2585; baseline -0.002 -12"><span class='ocrx_word' id='word_1_351' title='bbox 95 2541 205 2573; x_wconf 61' lang='lat' dir='ltr'>51bid.</span> <span class='ocrx_word' id='word_1_352' title='bbox 225 2553 258 2585; x_wconf 89' lang='lat'>9.</span> <span class='ocrx_word' id='word_1_353' title='bbox 279 2558 319 2562; x_wconf 89' lang='lat'>—</span> <span class='ocrx_word' id='word_1_354' title='bbox 334 2538 348 2562; x_wconf 79' lang='lat'>5</span> <span class='ocrx_word' id='word_1_355' title='bbox 368 2539 446 2572; x_wconf 67' lang='lat' dir='ltr'>Psai</span> <span class='ocrx_word' id='word_1_356' title='bbox 469 2549 543 2581; x_wconf 58' lang='lat' dir='ltr'>mx,</span> <span class='ocrx_word' id='word_1_357' title='bbox 559 2548 609 2571; x_wconf 70' lang='lat'>20.</span> <span class='ocrx_word' id='word_1_358' title='bbox 631 2556 673 2561; x_wconf 90' lang='lat'>—-</span> <span class='ocrx_word' id='word_1_359' title='bbox 693 2545 705 2572; x_wconf 83' lang='lat'>7</span> <span class='ocrx_word' id='word_1_360' title='bbox 724 2541 814 2570; x_wconf 77' lang='lat' dir='ltr'>Joan.</span> <span class='ocrx_word' id='word_1_361' title='bbox 834 2550 899 2581; x_wconf 57' lang='lat' dir='ltr'>xiv,</span> <span class='ocrx_word' id='word_1_362' title='bbox 922 2550 971 2571; x_wconf 87' lang='lat'>10.</span> 
     </span>
    </p>
   </div>
  </div>
 </body>
</html>
