1848 3261
367 211 451 249 382
797 218 832 248 s.
867 219 1098 250 Avensa-rm
1130 222 1312 251 13121500121

362 286 563 331 thedram
579 284 721 343 Moysi
741 284 938 331 sedentes
957 322 968 343 ,
989 287 1044 332 de
1065 287 1226 347 quibus
1248 288 1458 333 Dominus
1475 289 1562 334 ait:
1594 307 1614 331 «
1640 292 1746 342 Quae

363 373 384 397 >›
419 354 572 399 dicunt
592 390 604 409 ‚
645 354 774 399 facite
796 376 807 413 3
843 373 941 416 quae
987 367 1132 401 autem
1163 357 1331 402 faciunt
1347 394 1359 410 ,
1400 358 1542 403 facere
1583 357 1745 415 nolite3

365 446 383 469 »
419 424 573 470 dicunt
593 425 708 469 enim
725 460 736 481 ‚
762 435 805 470 et
833 442 923 470 non
955 427 1145 472 faciunt¹
1169 448 1178 473 :
1213 447 1234 470 »
1260 429 1413 489 utique
1440 429 1749 474 scrutabantur

359 496 606 541 testimonia
628 496 817 550 Domini,
834 506 884 540 ut
897 497 1111 542 haberent
1123 515 1223 559 quae
1236 498 1431 544 dicerent
1442 500 1574 554 bona,
1591 514 1749 559 quam-

358 566 420 611 vis
437 565 629 610 facerent
649 565 776 609 mala.
805 565 890 611 Sed
918 568 996 612 hos
1019 570 1283 614 omittamus.
1314 572 1448 614 Recte
1475 569 1639 630 quippe
1655 584 1747 613 res-

359 636 626 696 pondebitur
652 636 780 680 nobis
799 671 809 690 ,
841 636 962 697 quod
1001 638 1070 682 isti
1098 655 1189 684 non
1220 649 1470 685 scrutantur
1502 639 1750 684 testimonia

361 708 549 753 Domini.
575 710 674 753 Non
705 709 819 751 enim
842 718 1048 768 quaerunt
1068 710 1181 769 ipsa,
1213 711 1289 756 sed
1311 711 1431 755 aliud
1449 720 1655 772 quaerunt
1671 726 1750 770 per

359 779 466 838 ipsa,
497 779 542 822 id
563 788 642 834 est,
663 788 713 823 ut
738 779 1036 838 glorificentur
1065 781 1120 826 ab
1141 782 1415 838 hominibus,
1440 783 1510 827 vel
1533 781 1744 826 ditentur.

358 853 457 895 Non
477 859 539 894 est
560 850 644 895 hoc
674 851 856 895 scrutari
883 852 1127 896 testimonia
1155 853 1256 908 Dei,
1287 869 1377 897 non
1413 852 1593 912 diligere
1627 850 1750 912 quod

360 920 613 976 ostendunt,
642 921 759 966 nolle
784 923 1008 982 pervenire
1030 939 1118 983 quo
1136 923 1307 968 ducunt
1321 959 1332 979 ,
1352 923 1398 968 id
1413 933 1492 979 est,
1518 923 1574 967 ad
1591 927 1744 968 Deum.

359 997 449 1038 Aut
470 994 503 1038 si
521 1003 564 1037 et
585 994 663 1053 ipsi
685 1004 935 1038 scrutantur
966 995 1207 1040 testimonia
1234 996 1336 1051 Dei,
1368 996 1566 1056 quamvis
1589 1011 1678 1040 non
1699 1004 1750 1039 ut

359 1066 517 1125 ipsum,
541 1065 616 1109 sed
638 1074 688 1108 ut
715 1065 835 1110 aliud
863 1082 914 1109 ex
934 1066 1000 1110 his
1025 1067 1251 1111 inveniant
1276 1076 1319 1111 et
1347 1067 1601 1126 acquirant3
1632 1075 1749 1111 certe

360 1151 450 1180 non
468 1136 513 1179 in
530 1145 621 1180 toto
639 1135 769 1179 corde
786 1136 1019 1196 exquirunt
1033 1153 1150 1192 eum,
1172 1137 1292 1198 quod
1315 1153 1403 1181 non
1416 1137 1570 1197 utique
1589 1135 1749 1180 frustra

358 1207 430 1250 hic
453 1206 650 1250 additum
666 1205 895 1250 cernimus.
925 1208 1070 1251 Sciens
1091 1208 1206 1251 enim
1231 1208 1413 1267 Spiritus
1429 1243 1440 1262 ‚
1469 1208 1546 1266 qui
1570 1207 1662 1251 haec
1679 1205 1749 1250 di-

360 1277 419 1322 cit
433 1312 444 1332 ,
466 1267 626 1320 multos
649 1285 828 1335 propter
850 1276 970 1322 aliud
989 1313 1000 1333 ‚
1026 1294 1114 1322 non
1130 1288 1308 1338 propter
1320 1277 1440 1338 quod
1462 1278 1749 1322 constitutum

360 1356 443 1402 est,
469 1347 651 1391 scrutari
673 1347 918 1391 testimonia
946 1349 1059 1408 ejus,
1095 1364 1183 1393 non
1206 1358 1378 1392 tantum
1418 1348 1550 1403 dixit,
1581 1367 1602 1390 «
1626 1346 1748 1392 Beati

362 1436 382 1460 »
418 1418 494 1478 qui
515 1426 766 1462 scrutantur
787 1418 1034 1462 testimonia
1056 1419 1148 1478 ejus
1175 1438 1184 1463 :
1206 1437 1226 1461 »
1244 1419 1321 1463 sed
1339 1417 1522 1473 addidit,
1544 1437 1561 1458 «
1581 1421 1632 1462 In
1654 1426 1748 1463 toto

361 1508 382 1530 ))
408 1489 539 1533 corde
557 1488 793 1548 exquirunt
812 1503 930 1543 eum,
950 1497 1161 1548 tanquam
1179 1486 1339 1533 docens
1357 1487 1745 1549 quemadmodum,

356 1561 428 1606 vel
448 1570 626 1620 propter
644 1560 752 1619 quid
769 1559 1001 1604 scrutanda
1030 1560 1115 1605 sint
1136 1560 1381 1605 testimonia
1404 1560 1591 1604 Domini.
1617 1559 1750 1604 Deni-

358 1648 444 1694 que
459 1633 503 1676 in
515 1632 628 1676 libro
649 1632 878 1691 Sapientiae
898 1631 1081 1692 loquens
1095 1633 1185 1692 ipsa
1205 1633 1445 1692 Sapientia,
1476 1651 1496 1674 «
1513 1634 1744 1686 Quaerunt,

360 1722 381 1746 »
415 1703 583 1763 inquit,
609 1718 678 1746 me
700 1702 802 1746 mali
823 1737 834 1757 ‚
860 1711 902 1747 et
926 1719 1015 1747 non
1041 1703 1291 1761 invenium3
1324 1703 1513 1747 oderunt
1534 1703 1650 1746 enim
1680 1717 1750 1746 sa-

360 1793 381 1817 »
416 1774 669 1834 pientiam2.
699 1793 717 1815 »
744 1774 870 1826 Quod
897 1773 1005 1834 quid
1032 1783 1096 1818 est
1116 1774 1256 1829 aliud,
1286 1790 1418 1834 quam
1439 1773 1628 1818 oderunt
1644 1773 1748 1817 me?

357 1852 569 1901 Quaerunt
586 1861 687 1904 ergo
701 1861 770 1889 me
784 1881 794 1900 ,
821 1845 903 1895 ait.
934 1855 977 1890 et
996 1861 1086 1890 non
1107 1861 1178 1889 me
1199 1846 1430 1889 inveniunt
1459 1845 1535 1905 qui
1558 1844 1747 1889 oderunt

357 1933 442 1962 me.
464 1916 692 1971 Quomodo
713 1917 847 1975 igitur
870 1917 1080 1961 dicuntur
1096 1932 1290 1977 quaerere
1307 1915 1428 1976 quod
1446 1915 1650 1969 oderunt,
1665 1914 1747 1958 nisi

358 1989 460 2049 quia
483 2004 572 2032 non
594 1988 678 2031 hoc
699 2022 710 2042 ‚
736 1986 811 2030 sed
833 1985 953 2030 aliud
970 1987 1032 2030 ibi
1068 1988 1301 2048 quaerunt?
1333 1989 1431 2031 Non
1453 1986 1568 2029 enim
1591 1983 1748 2030 volunt

359 2075 448 2104 esse
471 2059 682 2118 sapientes
700 2057 746 2101 in
769 2057 845 2101 Dei
864 2056 1047 2116 gloriam
1066 2092 1077 2112 ‚
1108 2056 1183 2101 sed
1200 2056 1357 2101 volunt
1378 2055 1515 2101 videri
1533 2055 1746 2115 sapientes

357 2140 535 2191 propter
551 2128 777 2173 hominum
793 2127 989 2186 gloriam.
1008 2127 1235 2181 Quomodo
1255 2127 1368 2170 enim
1389 2126 1642 2186 sapientiam
1656 2140 1747 2169 non

358 2202 570 2255 oderunt,
596 2215 693 2260 quae
725 2198 852 2258 jubet
882 2208 925 2242 et
946 2197 1073 2243 docet
1104 2198 1474 2242 contemnendum
1505 2212 1593 2240 esse
1624 2193 1747 2255 qnod

358 2272 575 2331 diligunt?
598 2267 784 2314 Proinde
804 2304 814 2316 ,
845 2287 865 2310 «
895 2268 1016 2312 Beati
1049 2267 1316 2312 immaculati
1350 2267 1395 2311 in
1417 2266 1511 2321 via,
1546 2266 1622 2325 qui
1651 2280 1746 2309 am-

360 2361 380 2384 »
417 2342 572 2386 bulant
592 2341 637 2384 in
654 2339 749 2398 lege
770 2339 959 2383 Domini.
985 2338 1105 2382 Beati
1126 2338 1200 2398 qui
1223 2346 1473 2381 scrutantur
1498 2335 1744 2379 testimonia

363 2433 379 2453 »
415 2413 523 2472 ejus,
540 2412 585 2455 in
598 2420 690 2455 toto
708 2409 839 2454 corde
861 2409 1094 2469 exquirunt
1112 2424 1228 2452 eum.
1248 2426 1268 2448 »
1293 2408 1360 2452 Sic
1378 2408 1494 2451 enim
1509 2404 1744 2450 scrutando

356 2482 600 2528 testimonia
621 2481 713 2541 ejus
733 2515 744 2535 ‚
770 2489 820 2524 ut
840 2479 886 2523 in
908 2489 1001 2524 toto
1022 2478 1152 2524 corde
1175 2478 1404 2540 exquirant
1433 2493 1534 2522 cum
1550 2511 1562 2534 ‚
1586 2476 1742 2521 imma-

403 2574 412 2590 ¹
433 2566 546 2601 Matth.
569 2577 659 2609 xxm,
681 2566 711 2598 3.
737 2582 777 2589 -
798 2572 810 2588 ²
830 2567 919 2599 pror.
941 2576 964 2607 1,
987 2565 1043 2607 28,
1065 2573 1119 2607 29.
