1848 3261
491 222 733 255 ENARRAno
762 226 810 255 IN
839 223 1042 255 »sumum
1071 228 1138 255 cv.
1403 217 1487 258 233

114 294 187 341 alii
207 293 375 340 codices
407 293 572 338 habent
587 328 598 349 ,
628 311 649 336 «
673 296 735 338 De
755 293 966 337 Gentibus
999 311 1009 337 ε
1033 301 1083 336 ut
1104 292 1389 338 confiteamur
1409 311 1490 341 no-

115 384 138 408 »
171 366 279 409 mini
300 373 448 409 sancto
474 373 573 419 tuo,
600 372 644 408 et
671 364 906 423 gloriemur
934 363 980 406 in
1005 361 1135 406 laude
1153 372 1243 406 tua.
1276 382 1297 406 »
1323 365 1489 411 Deinde

112 435 301 480 breviter
321 435 501 495 subjecit
534 435 671 494 ipsam
702 433 877 477 laudem
904 452 913 478 :
951 452 972 476 «
996 432 1254 478 Benedictus
1279 436 1490 481 Dominus

114 524 136 549 »
171 510 286 551 Deus
309 505 435 550 Israel
451 541 462 561 ,
494 521 517 549 a
548 504 707 549 saeculo
730 512 772 547 et
793 519 931 564 usque
952 504 998 548 in
1020 503 1229 548 saeculum
1244 505 1256 529 ¹
1287 524 1296 549 :
1327 524 1344 546 »
1370 506 1491 564 quod

110 577 409 637 intelligimus,
432 576 486 620 ab
509 585 672 620 aeterno
689 591 827 635 usque
845 576 888 619 in
906 584 1117 619 aeternum
1134 597 1146 634 3
1166 575 1265 636 quia
1290 576 1381 620 sine
1402 578 1490 621 fine

111 649 363 693 laudabitur
384 649 439 692 ab
462 648 537 702 eis,
557 646 612 691 de
631 647 789 707 quibus
811 646 971 691 dicitur
993 667 1032 692 z«
1051 648 1170 691 Beati
1195 648 1270 707 qui
1291 648 1491 693 habitant

113 737 135 762 »
168 720 214 763 in
231 719 361 764 domo
377 728 468 773 tua,
487 719 534 762 in
550 718 705 763 saeeula
723 717 979 763 saeculorum
993 718 1238 762 laudabunt
1258 722 1370 762 te2.»
1394 722 1491 778 Ipsa

110 799 174 835 est
203 790 327 834 tertia
358 789 674 834 consummatio
706 789 897 849 corporis
918 789 1078 834 Christi
1100 789 1243 848 ejectis
1265 788 1491 834 daemoniis

109 871 154 906 et
169 859 370 921 perfectis
391 860 644 904 sanitatibus
666 876 803 920 usque
825 859 880 904 ad
901 859 1033 919 ipsius
1055 861 1246 918 corporis
1271 860 1492 905 immorta-

109 933 292 988 litatem,
328 947 511 990 regnum
537 932 849 991 sempiternum
871 931 1060 990 perfecte
1076 931 1366 986 laudantium,
1391 932 1492 992 quia

108 1002 300 1064 perfecte
313 1003 550 1046 amantium
570 1022 580 1058 3
606 1002 796 1060 perfecte
811 1011 957 1045 autem
980 1002 1234 1055 amantium,
1260 1002 1361 1061 quia
1383 1001 1492 1046 facie

109 1073 335 1118 adfaciem
357 1071 762 1130 contemplantium.
793 1074 914 1116 Tunc
947 1071 1062 1114 enim
1092 1071 1342 1130 perficietur
1371 1071 1493 1132 quod

107 1144 154 1188 in
173 1142 410 1203 primordio
431 1141 588 1186 Psalmi
611 1142 739 1201 hujus
763 1150 934 1185 oratum
957 1151 1040 1186 est:
1057 1160 1076 1183 «
1097 1144 1318 1186 Memento
1336 1143 1488 1196 nostri,

110 1232 132 1256 ³)
167 1213 365 1267 Domine,
386 1212 431 1255 in
454 1210 727 1270 beneplacito
749 1211 900 1271 populi
922 1212 1001 1264 tui,
1015 1212 1139 1256 visita
1156 1227 1233 1256 nos
1251 1212 1295 1255 in
1317 1211 1493 1256 salutari

110 1303 132 1327 »
167 1293 265 1338 tuo,
289 1284 344 1327 ad
372 1282 608 1327 videndum
640 1282 686 1326 in
717 1283 911 1326 bonitate
943 1282 1179 1327 electorum
1212 1292 1406 1337 tuorum,
1438 1282 1494 1328 ad

110 1373 132 1396 »
166 1354 406 1399 laetandum
427 1354 472 1397 in
488 1353 637 1397 laetitia
660 1354 795 1410 gentis
819 1363 922 1408 tuae,
953 1363 1003 1397 ut
1027 1354 1213 1397 lauderis
1237 1369 1337 1398 cum
1359 1354 1494 1398 haere-

111 1443 133 1468 »
167 1426 302 1469 ditate
324 1435 414 1469 tua.
446 1442 466 1465 ³)
507 1427 604 1469 Non
641 1424 758 1467 enim
793 1423 847 1468 de
875 1424 1086 1468 Gentibus
1123 1423 1231 1468 solas
1260 1433 1494 1483 congregat

108 1509 209 1541 oves
225 1530 235 1550 ,
265 1511 364 1555 quae
389 1493 610 1554 perierunt
639 1492 793 1538 domus
828 1493 989 1537 Isra'e‘l3
1010 1515 1021 1552 3
1046 1494 1120 1538 sed
1153 1495 1281 1537 etiam
1304 1509 1373 1538 eas
1393 1510 1493 1554 quae

108 1582 198 1612 non
219 1575 320 1610 sunt
341 1566 395 1609 de
413 1565 486 1609 illo
505 1564 606 1609 ovili
624 1600 634 1620 ,
655 1573 705 1608 ut
726 1565 780 1609 sit
797 1580 897 1623 grex
914 1581 1027 1609 unus
1043 1601 1053 1620 ,
1078 1574 1129 1609 ut
1151 1564 1318 1609 dictum
1340 1574 1428 1619 est,
1450 1574 1493 1610 et

107 1653 221 1681 unus
244 1637 427 1696 pastor4.
455 1635 598 1680 Judaei
625 1651 728 1680 vero
750 1652 851 1680 cum
879 1645 1037 1695 putant
1072 1636 1127 1680 ad
1158 1652 1285 1680 suum
1308 1652 1493 1694 regnum

107 1706 274 1752 visibile
295 1707 420 1750 istam
441 1706 656 1766 pertinere
673 1707 968 1766 prophetiam,
994 1708 1094 1767 quia
1117 1723 1190 1767 spe
1210 1707 1492 1751 invisibilium

107 1778 325 1822 bonorum
350 1776 536 1834 gaudere
561 1792 650 1821 non
681 1787 870 1831 norunt,
908 1777 953 1820 in
982 1777 1159 1837 laqueos
1191 1777 1305 1821 illius
1337 1778 1492 1822 ruituri

109 1857 234 1901 sunt,
260 1846 315 1891 de
336 1862 424 1906 quo
446 1847 657 1890 Dominus
686 1847 765 1891 ait:
792 1866 812 1889 «
838 1850 932 1905 Ego
961 1848 1057 1892 veni
1082 1849 1128 1892 in
1157 1849 1335 1892 nomine
1357 1848 1493 1893 Patris

113 1938 130 1960 >›
162 1918 273 1972 mei,
298 1926 341 1960 et
360 1932 448 1960 non
466 1917 709 1976 suscepistis
729 1933 821 1974 me,
846 1917 952 1962 alius
964 1919 1109 1962 veniet
1129 1920 1173 1966 in
1197 1918 1372 1962 nomine
1394 1935 1488 1975 suo,

110 2006 131 2030 »
167 1988 286 2031 hunc
319 1987 604 2045 suscipietis⁵.
636 2007 654 2028 »
695 1990 755 2031 De
781 2003 869 2047 quo
906 1988 1124 2048 apostolus
1162 1987 1321 2033 Paulus
1356 1989 1488 2034 dicit:

114 2077 134 2101 «
168 2059 278 2112 Quia
291 2058 554 2102 revelabitur
570 2058 702 2102 homo
721 2059 902 2117 peccati,
927 2058 1039 2103 filius
1067 2060 1267 2104 interitus
1282 2095 1292 2114 ,
1313 2060 1389 2119 qui
1412 2059 1492 2103 ad-

110 2147 132 2171 »
157 2137 351 2173 versatur
362 2137 404 2171 et
416 2128 903 2188 superextollitursupra
919 2145 1046 2173 omne
1058 2130 1176 2190 quod
1190 2129 1347 2174 dicitur
1362 2133 1489 2185 Deus,

112 2218 132 2242 »
170 2209 244 2244 aut
262 2199 380 2259 quod
394 2198 573 2254 colitur,
597 2199 655 2243 ita
669 2199 779 2243 utin
800 2199 961 2259 templo
979 2201 1055 2244 Dei
1073 2200 1244 2255 sedeat,
1261 2199 1493 2245 ostendens

111 2289 133 2312 υ
168 2286 212 2314 se
237 2279 441 2330 tanquam
460 2270 514 2313 sit
539 2273 667 2314 Deus.
692 2288 711 2311 »
739 2273 794 2314 Et
824 2271 953 2330 paulo
972 2282 1069 2331 post
1088 2308 1098 2326 ,
1130 2292 1150 2315 «
1184 2275 1305 2316 Tunc
1329 2272 1494 2316 revela-

112 2359 133 2383 »
169 2341 308 2395 bitur,
329 2341 496 2401 inquit,
522 2340 718 2401 iniquus,
744 2358 875 2402 quem
892 2344 1101 2388 Dominus
1116 2347 1238 2388 Jesus
1262 2344 1492 2388 interficiet

111 2429 133 2453 »
169 2411 323 2471 spiritu
346 2412 428 2456 oris
450 2412 541 2467 sui,
576 2421 619 2456 et
646 2412 874 2457 evacuabit
909 2412 1226 2459 illuminatione
1253 2414 1493 2474 praesentiae

158 2506 269 2585 ¹5Psal.
289 2518 340 2549 ev,
358 2506 413 2549 48,
445 2525 473 2531 -
496 2515 509 2532 ²
525 2509 570 2542 Id.
592 2520 723 2552 Lxxxm,
743 2509 774 2542 5.
795 2527 834 2533 -
857 2508 870 2533 3
884 2510 999 2544 Matth.
1019 2522 1075 2554 xv,
1096 2509 1149 2553 24.
1172 2528 1214 2534 —-
1236 2509 1252 2541 4
1269 2513 1362 2544 Joan.
1381 2521 1414 2552 x,
1439 2511 1488 2543 16.

112 2579 154 2586 —
198 2562 294 2606 1d.v‚
312 2563 366 2605 43,
