<?xml version="1.0" encoding="UTF-8"?>
<!DOCTYPE html PUBLIC "-//W3C//DTD XHTML 1.0 Transitional//EN"
    "http://www.w3.org/TR/xhtml1/DTD/xhtml1-transitional.dtd">
<html xmlns="http://www.w3.org/1999/xhtml" xml:lang="en" lang="en">
 <head>
  <title>
</title>
<meta http-equiv="Content-Type" content="text/html;charset=utf-8" />
  <meta name='ocr-system' content='tesseract 3.04.00' />
  <meta name='ocr-capabilities' content='ocr_page ocr_carea ocr_par ocr_line ocrx_word'/>
</head>
<body>
  <div class='ocr_page' id='page_1' title='image "./operaomniaaccura11auguuoft_0246.png"; bbox 0 0 1848 3261; ppageno 0'>
   <div class='ocr_carea' id='block_1_1' title="bbox 413 247 1348 296">
    <p class='ocr_par' dir='ltr' id='par_1_1' title="bbox 413 247 1348 296">
     <span class='ocr_line' id='line_1_1' title="bbox 413 247 1348 296; baseline -0.003 -1"><span class='ocrx_word' id='word_1_1' title='bbox 413 255 498 295; x_wconf 78' lang='lat'>236</span> <span class='ocrx_word' id='word_1_2' title='bbox 839 269 873 296; x_wconf 85' lang='lat' dir='ltr'>s.</span> <span class='ocrx_word' id='word_1_3' title='bbox 908 247 1135 294; x_wconf 71' lang='lat' dir='ltr'>Aucus-rim</span> <span class='ocrx_word' id='word_1_4' title='bbox 1165 264 1348 293; x_wconf 72' lang='lat' dir='ltr'>Emscon</span> 
     </span>
    </p>
   </div>
   <div class='ocr_carea' id='block_1_2' title="bbox 400 329 1794 2585">
    <p class='ocr_par' dir='ltr' id='par_1_2' title="bbox 400 329 1794 2286">
     <span class='ocr_line' id='line_1_2' title="bbox 411 329 1793 391; baseline -0.002 -14"><span class='ocrx_word' id='word_1_5' title='bbox 411 333 488 377; x_wconf 86' lang='lat' dir='ltr'>bct</span> <span class='ocrx_word' id='word_1_6' title='bbox 516 350 534 372; x_wconf 86' lang='lat'>«</span> <span class='ocrx_word' id='word_1_7' title='bbox 550 330 767 377; x_wconf 85' lang='lat' dir='ltr'>Alleluia»</span> <span class='ocrx_word' id='word_1_8' title='bbox 799 331 952 377; x_wconf 86' lang='lat' dir='ltr'>titulus</span> <span class='ocrx_word' id='word_1_9' title='bbox 976 332 1055 376; x_wconf 88' lang='lat' dir='ltr'>iste</span> <span class='ocrx_word' id='word_1_10' title='bbox 1070 367 1081 387; x_wconf 91' lang='lat'>,</span> <span class='ocrx_word' id='word_1_11' title='bbox 1114 345 1205 375; x_wconf 90' lang='lat' dir='ltr'>non</span> <span class='ocrx_word' id='word_1_12' title='bbox 1229 331 1359 391; x_wconf 87' lang='lat' dir='ltr'>hujus</span> <span class='ocrx_word' id='word_1_13' title='bbox 1381 329 1538 375; x_wconf 84' lang='lat' dir='ltr'>Psalmi</span> <span class='ocrx_word' id='word_1_14' title='bbox 1566 330 1793 390; x_wconf 88' lang='lat' dir='ltr'>proprium</span> 
     </span>
     <span class='ocr_line' id='line_1_3' title="bbox 411 401 1794 462; baseline -0.002 -15"><span class='ocrx_word' id='word_1_15' title='bbox 411 412 496 459; x_wconf 85' lang='lat' dir='ltr'>est,</span> <span class='ocrx_word' id='word_1_16' title='bbox 536 401 611 446; x_wconf 87' lang='lat' dir='ltr'>sed</span> <span class='ocrx_word' id='word_1_17' title='bbox 633 412 677 447; x_wconf 87' lang='lat' dir='ltr'>et</span> <span class='ocrx_word' id='word_1_18' title='bbox 707 403 813 447; x_wconf 90' lang='lat' dir='ltr'>alius</span> <span class='ocrx_word' id='word_1_19' title='bbox 835 403 1030 462; x_wconf 83' lang='lat' dir='ltr'>superior</span> <span class='ocrx_word' id='word_1_20' title='bbox 1051 402 1111 446; x_wconf 89' lang='lat' dir='ltr'>sic</span> <span class='ocrx_word' id='word_1_21' title='bbox 1127 401 1275 445; x_wconf 87' lang='lat' dir='ltr'>habet.</span> <span class='ocrx_word' id='word_1_22' title='bbox 1300 404 1357 445; x_wconf 81' lang='lat' dir='ltr'>Et</span> <span class='ocrx_word' id='word_1_23' title='bbox 1378 410 1594 461; x_wconf 90' lang='lat' dir='ltr'>quantum</span> <span class='ocrx_word' id='word_1_24' title='bbox 1615 409 1794 460; x_wconf 87' lang='lat' dir='ltr'>apparet</span> 
     </span>
     <span class='ocr_line' id='line_1_4' title="bbox 411 470 1794 533; baseline -0.001 -16"><span class='ocrx_word' id='word_1_25' title='bbox 411 489 462 518; x_wconf 86' lang='lat' dir='ltr'>ex</span> <span class='ocrx_word' id='word_1_26' title='bbox 479 474 570 533; x_wconf 90' lang='lat' dir='ltr'>ejus</span> <span class='ocrx_word' id='word_1_27' title='bbox 588 481 730 528; x_wconf 82' lang='lat' dir='ltr'>textu,</span> <span class='ocrx_word' id='word_1_28' title='bbox 756 482 953 517; x_wconf 87' lang='lat' dir='ltr'>cantatus</span> <span class='ocrx_word' id='word_1_29' title='bbox 975 482 1039 517; x_wconf 88' lang='lat' dir='ltr'>est</span> <span class='ocrx_word' id='word_1_30' title='bbox 1059 472 1133 516; x_wconf 90' lang='lat' dir='ltr'>ille</span> <span class='ocrx_word' id='word_1_31' title='bbox 1155 471 1209 515; x_wconf 89' lang='lat' dir='ltr'>de</span> <span class='ocrx_word' id='word_1_32' title='bbox 1226 470 1391 530; x_wconf 91' lang='lat' dir='ltr'>populo</span> <span class='ocrx_word' id='word_1_33' title='bbox 1415 470 1574 528; x_wconf 80' lang='lat' dir='ltr'>Israe&#39;13</span> <span class='ocrx_word' id='word_1_34' title='bbox 1594 480 1794 516; x_wconf 90' lang='lat' dir='ltr'>cantatur</span> 
     </span>
     <span class='ocr_line' id='line_1_5' title="bbox 411 541 1793 588; baseline -0.001 -1"><span class='ocrx_word' id='word_1_35' title='bbox 411 553 557 588; x_wconf 88' lang='lat' dir='ltr'>autem</span> <span class='ocrx_word' id='word_1_36' title='bbox 585 544 663 587; x_wconf 88' lang='lat' dir='ltr'>iste</span> <span class='ocrx_word' id='word_1_37' title='bbox 685 542 739 587; x_wconf 92' lang='lat' dir='ltr'>de</span> <span class='ocrx_word' id='word_1_38' title='bbox 755 543 953 587; x_wconf 83' lang='lat' dir='ltr'>universa</span> <span class='ocrx_word' id='word_1_39' title='bbox 972 542 1160 587; x_wconf 81' lang='lat' dir='ltr'>Ecclesia</span> <span class='ocrx_word' id='word_1_40' title='bbox 1185 542 1263 586; x_wconf 88' lang='lat' dir='ltr'>Dei</span> <span class='ocrx_word' id='word_1_41' title='bbox 1284 541 1443 585; x_wconf 83' lang='lat' dir='ltr'>diffusa</span> <span class='ocrx_word' id='word_1_42' title='bbox 1464 550 1558 586; x_wconf 88' lang='lat' dir='ltr'>toto</span> <span class='ocrx_word' id='word_1_43' title='bbox 1576 541 1682 586; x_wconf 86' lang='lat' dir='ltr'>orbe</span> <span class='ocrx_word' id='word_1_44' title='bbox 1704 550 1793 586; x_wconf 88' lang='lat' dir='ltr'>ter-</span> 
     </span>
     <span class='ocr_line' id='line_1_6' title="bbox 409 611 1794 673; baseline -0.002 -13"><span class='ocrx_word' id='word_1_45' title='bbox 409 630 571 660; x_wconf 89' lang='lat' dir='ltr'>rarum.</span> <span class='ocrx_word' id='word_1_46' title='bbox 598 617 729 658; x_wconf 82' lang='lat' dir='ltr'>Forte</span> <span class='ocrx_word' id='word_1_47' title='bbox 749 629 839 658; x_wconf 87' lang='lat' dir='ltr'>non</span> <span class='ocrx_word' id='word_1_48' title='bbox 857 614 1074 658; x_wconf 90' lang='lat' dir='ltr'>immerito</span> <span class='ocrx_word' id='word_1_49' title='bbox 1095 614 1161 659; x_wconf 89' lang='lat' dir='ltr'>bis</span> <span class='ocrx_word' id='word_1_50' title='bbox 1177 613 1334 668; x_wconf 80' lang='lat' dir='ltr'>habet,</span> <span class='ocrx_word' id='word_1_51' title='bbox 1363 631 1384 654; x_wconf 88' lang='lat'>«</span> <span class='ocrx_word' id='word_1_52' title='bbox 1397 611 1584 657; x_wconf 82' lang='lat' dir='ltr'>Alleluia</span> <span class='ocrx_word' id='word_1_53' title='bbox 1597 631 1606 657; x_wconf 88' lang='lat'>:</span> <span class='ocrx_word' id='word_1_54' title='bbox 1621 631 1640 654; x_wconf 95' lang='lat'>»</span> <span class='ocrx_word' id='word_1_55' title='bbox 1657 629 1794 673; x_wconf 89' lang='lat' dir='ltr'>prop-</span> 
     </span>
     <span class='ocr_line' id='line_1_7' title="bbox 412 684 1794 746; baseline 0.001 -18"><span class='ocrx_word' id='word_1_56' title='bbox 412 704 433 728; x_wconf 91' lang='lat'>»</span> <span class='ocrx_word' id='word_1_57' title='bbox 468 695 533 730; x_wconf 87' lang='lat' dir='ltr'>ter</span> <span class='ocrx_word' id='word_1_58' title='bbox 555 685 675 746; x_wconf 85' lang='lat' dir='ltr'>quod</span> <span class='ocrx_word' id='word_1_59' title='bbox 702 684 939 729; x_wconf 88' lang='lat' dir='ltr'>clamamus</span> <span class='ocrx_word' id='word_1_60' title='bbox 959 695 1001 729; x_wconf 89' lang='lat' dir='ltr'>et</span> <span class='ocrx_word' id='word_1_61' title='bbox 1023 685 1148 730; x_wconf 85' lang='lat' dir='ltr'>Abba</span> <span class='ocrx_word' id='word_1_62' title='bbox 1166 720 1177 740; x_wconf 87' lang='lat'>,</span> <span class='ocrx_word' id='word_1_63' title='bbox 1203 688 1345 729; x_wconf 82' lang='lat' dir='ltr'>Pater.</span> <span class='ocrx_word' id='word_1_64' title='bbox 1363 702 1383 725; x_wconf 93' lang='lat'>»</span> <span class='ocrx_word' id='word_1_65' title='bbox 1408 686 1520 729; x_wconf 90' lang='lat' dir='ltr'>Cum</span> <span class='ocrx_word' id='word_1_66' title='bbox 1543 684 1662 728; x_wconf 90' lang='lat' dir='ltr'>aliud</span> <span class='ocrx_word' id='word_1_67' title='bbox 1683 684 1794 730; x_wconf 91' lang='lat' dir='ltr'>nihil</span> 
     </span>
     <span class='ocr_line' id='line_1_8' title="bbox 408 753 1794 816; baseline -0.001 -15"><span class='ocrx_word' id='word_1_68' title='bbox 408 757 463 802; x_wconf 88' lang='lat' dir='ltr'>sit</span> <span class='ocrx_word' id='word_1_69' title='bbox 484 756 631 811; x_wconf 85' lang='lat' dir='ltr'>Abba,</span> <span class='ocrx_word' id='word_1_70' title='bbox 666 772 798 816; x_wconf 88' lang='lat' dir='ltr'>quam</span> <span class='ocrx_word' id='word_1_71' title='bbox 820 759 947 800; x_wconf 84' lang='lat' dir='ltr'>Pater</span> <span class='ocrx_word' id='word_1_72' title='bbox 973 775 982 800; x_wconf 76' lang='lat' dir='ltr'><em>z</em></span> <span class='ocrx_word' id='word_1_73' title='bbox 1008 771 1097 800; x_wconf 89' lang='lat' dir='ltr'>non</span> <span class='ocrx_word' id='word_1_74' title='bbox 1125 765 1271 799; x_wconf 88' lang='lat' dir='ltr'>tamen</span> <span class='ocrx_word' id='word_1_75' title='bbox 1299 753 1458 799; x_wconf 85' lang='lat' dir='ltr'>frustra</span> <span class='ocrx_word' id='word_1_76' title='bbox 1480 754 1587 798; x_wconf 70' lang='lat' dir='ltr'>dixit</span> <span class='ocrx_word' id='word_1_77' title='bbox 1603 758 1794 814; x_wconf 87' lang='lat' dir='ltr'>Aposto-</span> 
     </span>
     <span class='ocr_line' id='line_1_9' title="bbox 407 825 1794 886; baseline 0 -16"><span class='ocrx_word' id='word_1_78' title='bbox 407 827 474 871; x_wconf 88' lang='lat' dir='ltr'>lus</span> <span class='ocrx_word' id='word_1_79' title='bbox 498 846 506 872; x_wconf 89' lang='lat'>:</span> <span class='ocrx_word' id='word_1_80' title='bbox 539 845 558 869; x_wconf 89' lang='lat'>«</span> <span class='ocrx_word' id='word_1_81' title='bbox 575 830 626 870; x_wconf 92' lang='lat' dir='ltr'>In</span> <span class='ocrx_word' id='word_1_82' title='bbox 649 843 737 886; x_wconf 89' lang='lat' dir='ltr'>quo</span> <span class='ocrx_word' id='word_1_83' title='bbox 759 827 1011 882; x_wconf 85' lang='lat' dir='ltr'>clamamus,</span> <span class='ocrx_word' id='word_1_84' title='bbox 1032 827 1159 871; x_wconf 76' lang='lat' dir='ltr'>Abba</span> <span class='ocrx_word' id='word_1_85' title='bbox 1179 861 1190 880; x_wconf 88' lang='lat'>,</span> <span class='ocrx_word' id='word_1_86' title='bbox 1211 826 1430 881; x_wconf 67' lang='lat' dir='ltr'>Pater1g»</span> <span class='ocrx_word' id='word_1_87' title='bbox 1453 825 1534 869; x_wconf 89' lang='lat' dir='ltr'>nisi</span> <span class='ocrx_word' id='word_1_88' title='bbox 1556 825 1658 885; x_wconf 87' lang='lat' dir='ltr'>quia</span> <span class='ocrx_word' id='word_1_89' title='bbox 1680 842 1794 870; x_wconf 87' lang='lat' dir='ltr'>unus</span> 
     </span>
     <span class='ocr_line' id='line_1_10' title="bbox 407 895 1790 958; baseline 0.001 -18"><span class='ocrx_word' id='word_1_90' title='bbox 407 898 585 958; x_wconf 84' lang='lat' dir='ltr'>quidem</span> <span class='ocrx_word' id='word_1_91' title='bbox 616 899 753 958; x_wconf 83' lang='lat' dir='ltr'>paries</span> <span class='ocrx_word' id='word_1_92' title='bbox 783 898 961 942; x_wconf 87' lang='lat' dir='ltr'>veniens</span> <span class='ocrx_word' id='word_1_93' title='bbox 995 897 1051 942; x_wconf 92' lang='lat' dir='ltr'>ad</span> <span class='ocrx_word' id='word_1_94' title='bbox 1077 896 1265 956; x_wconf 85' lang='lat' dir='ltr'>lapidem</span> <span class='ocrx_word' id='word_1_95' title='bbox 1304 896 1579 955; x_wconf 80' lang='lat' dir='ltr'>angularem,</span> <span class='ocrx_word' id='word_1_96' title='bbox 1611 895 1790 953; x_wconf 87' lang='lat' dir='ltr'>clamat,</span> 
     </span>
     <span class='ocr_line' id='line_1_11' title="bbox 411 967 1794 1021; baseline 0.001 -11"><span class='ocrx_word' id='word_1_97' title='bbox 411 986 432 1010; x_wconf 89' lang='lat'>«</span> <span class='ocrx_word' id='word_1_98' title='bbox 466 968 620 1019; x_wconf 75' lang='lat' dir='ltr'>Abba3</span> <span class='ocrx_word' id='word_1_99' title='bbox 648 987 668 1009; x_wconf 91' lang='lat'>»</span> <span class='ocrx_word' id='word_1_100' title='bbox 695 968 802 1013; x_wconf 88' lang='lat' dir='ltr'>alius</span> <span class='ocrx_word' id='word_1_101' title='bbox 823 984 875 1012; x_wconf 71' lang='lat' dir='ltr'>ex</span> <span class='ocrx_word' id='word_1_102' title='bbox 899 968 983 1012; x_wconf 91' lang='lat' dir='ltr'>alio</span> <span class='ocrx_word' id='word_1_103' title='bbox 1004 968 1139 1012; x_wconf 87' lang='lat' dir='ltr'>latere</span> <span class='ocrx_word' id='word_1_104' title='bbox 1160 968 1338 1021; x_wconf 85' lang='lat' dir='ltr'>clamat,</span> <span class='ocrx_word' id='word_1_105' title='bbox 1374 970 1539 1011; x_wconf 83' lang='lat' dir='ltr'>«Pater</span> <span class='ocrx_word' id='word_1_106' title='bbox 1564 985 1613 1011; x_wconf 75' lang='lat' dir='ltr'>z»</span> <span class='ocrx_word' id='word_1_107' title='bbox 1650 967 1696 1011; x_wconf 89' lang='lat' dir='ltr'>in</span> <span class='ocrx_word' id='word_1_108' title='bbox 1716 967 1794 1012; x_wconf 87' lang='lat' dir='ltr'>illo</span> 
     </span>
     <span class='ocr_line' id='line_1_12' title="bbox 407 1037 1794 1099; baseline 0.001 -17"><span class='ocrx_word' id='word_1_109' title='bbox 407 1039 560 1099; x_wconf 83' lang='lat' dir='ltr'>utique</span> <span class='ocrx_word' id='word_1_110' title='bbox 582 1038 724 1098; x_wconf 85' lang='lat' dir='ltr'>lapide</span> <span class='ocrx_word' id='word_1_111' title='bbox 747 1038 964 1098; x_wconf 78' lang='lat' dir='ltr'>angulari,</span> <span class='ocrx_word' id='word_1_112' title='bbox 991 1040 1067 1099; x_wconf 85' lang='lat' dir='ltr'>qui</span> <span class='ocrx_word' id='word_1_113' title='bbox 1085 1048 1145 1082; x_wconf 87' lang='lat' dir='ltr'>est</span> <span class='ocrx_word' id='word_1_114' title='bbox 1164 1054 1247 1098; x_wconf 75' lang='lat' dir='ltr'>pax</span> <span class='ocrx_word' id='word_1_115' title='bbox 1269 1047 1430 1092; x_wconf 84' lang='lat' dir='ltr'>nostra,</span> <span class='ocrx_word' id='word_1_116' title='bbox 1456 1038 1530 1097; x_wconf 88' lang='lat' dir='ltr'>qui</span> <span class='ocrx_word' id='word_1_117' title='bbox 1549 1037 1652 1082; x_wconf 90' lang='lat' dir='ltr'>fecit</span> <span class='ocrx_word' id='word_1_118' title='bbox 1671 1047 1794 1083; x_wconf 86' lang='lat' dir='ltr'>utra-</span> 
     </span>
     <span class='ocr_line' id='line_1_13' title="bbox 407 1108 1794 1170; baseline 0.001 -18"><span class='ocrx_word' id='word_1_119' title='bbox 407 1125 494 1170; x_wconf 90' lang='lat' dir='ltr'>que</span> <span class='ocrx_word' id='word_1_120' title='bbox 530 1113 710 1154; x_wconf 85' lang='lat' dir='ltr'>unum2.</span> <span class='ocrx_word' id='word_1_121' title='bbox 733 1110 968 1154; x_wconf 82' lang='lat' dir='ltr'>Videamus</span> <span class='ocrx_word' id='word_1_122' title='bbox 1006 1125 1108 1169; x_wconf 83' lang='lat' dir='ltr'>ergo</span> <span class='ocrx_word' id='word_1_123' title='bbox 1149 1109 1220 1153; x_wconf 85' lang='lat' dir='ltr'>hic</span> <span class='ocrx_word' id='word_1_124' title='bbox 1249 1109 1354 1168; x_wconf 86' lang='lat' dir='ltr'>quid</span> <span class='ocrx_word' id='word_1_125' title='bbox 1391 1108 1718 1163; x_wconf 83' lang='lat' dir='ltr'>admoneamur,</span> <span class='ocrx_word' id='word_1_126' title='bbox 1750 1119 1794 1154; x_wconf 88' lang='lat' dir='ltr'>et</span> 
     </span>
     <span class='ocr_line' id='line_1_14' title="bbox 405 1178 1794 1238; baseline 0 -15"><span class='ocrx_word' id='word_1_127' title='bbox 405 1179 524 1223; x_wconf 89' lang='lat' dir='ltr'>unde</span> <span class='ocrx_word' id='word_1_128' title='bbox 547 1179 830 1238; x_wconf 80' lang='lat' dir='ltr'>gratulemur,</span> <span class='ocrx_word' id='word_1_129' title='bbox 871 1189 914 1224; x_wconf 90' lang='lat' dir='ltr'>et</span> <span class='ocrx_word' id='word_1_130' title='bbox 942 1179 1060 1223; x_wconf 88' lang='lat' dir='ltr'>unde</span> <span class='ocrx_word' id='word_1_131' title='bbox 1097 1194 1344 1237; x_wconf 80' lang='lat' dir='ltr'>gemamus,</span> <span class='ocrx_word' id='word_1_132' title='bbox 1380 1188 1423 1222; x_wconf 89' lang='lat' dir='ltr'>et</span> <span class='ocrx_word' id='word_1_133' title='bbox 1443 1179 1562 1222; x_wconf 91' lang='lat' dir='ltr'>unde</span> <span class='ocrx_word' id='word_1_134' title='bbox 1585 1178 1794 1223; x_wconf 80' lang='lat' dir='ltr'>auxilium</span> 
     </span>
     <span class='ocr_line' id='line_1_15' title="bbox 405 1248 1788 1310; baseline 0.001 -17"><span class='ocrx_word' id='word_1_135' title='bbox 405 1250 697 1310; x_wconf 78' lang='lat' dir='ltr'>postulemus,</span> <span class='ocrx_word' id='word_1_136' title='bbox 735 1250 853 1294; x_wconf 87' lang='lat' dir='ltr'>unde</span> <span class='ocrx_word' id='word_1_137' title='bbox 892 1250 1158 1304; x_wconf 86' lang='lat' dir='ltr'>deseramur,</span> <span class='ocrx_word' id='word_1_138' title='bbox 1191 1248 1310 1293; x_wconf 90' lang='lat' dir='ltr'>unde</span> <span class='ocrx_word' id='word_1_139' title='bbox 1337 1249 1463 1293; x_wconf 84' lang='lat' dir='ltr'>nobis</span> <span class='ocrx_word' id='word_1_140' title='bbox 1488 1250 1788 1307; x_wconf 84' lang='lat' dir='ltr'>subveniatur,</span> 
     </span>
     <span class='ocr_line' id='line_1_16' title="bbox 405 1319 1793 1382; baseline 0.001 -17"><span class='ocrx_word' id='word_1_141' title='bbox 405 1319 513 1380; x_wconf 86' lang='lat' dir='ltr'>quid</span> <span class='ocrx_word' id='word_1_142' title='bbox 546 1320 677 1364; x_wconf 87' lang='lat' dir='ltr'>simus</span> <span class='ocrx_word' id='word_1_143' title='bbox 705 1336 783 1379; x_wconf 89' lang='lat' dir='ltr'>per</span> <span class='ocrx_word' id='word_1_144' title='bbox 814 1336 919 1375; x_wconf 88' lang='lat' dir='ltr'>nos,</span> <span class='ocrx_word' id='word_1_145' title='bbox 952 1320 1059 1380; x_wconf 88' lang='lat' dir='ltr'>quid</span> <span class='ocrx_word' id='word_1_146' title='bbox 1089 1335 1166 1379; x_wconf 91' lang='lat' dir='ltr'>per</span> <span class='ocrx_word' id='word_1_147' title='bbox 1185 1320 1525 1364; x_wconf 86' lang='lat' dir='ltr'>misericordiam</span> <span class='ocrx_word' id='word_1_148' title='bbox 1547 1320 1651 1376; x_wconf 87' lang='lat' dir='ltr'>Dei,</span> <span class='ocrx_word' id='word_1_149' title='bbox 1681 1337 1793 1382; x_wconf 89' lang='lat' dir='ltr'>quo-</span> 
     </span>
     <span class='ocr_line' id='line_1_17' title="bbox 404 1390 1792 1450; baseline 0.001 -16"><span class='ocrx_word' id='word_1_150' title='bbox 404 1391 536 1435; x_wconf 88' lang='lat' dir='ltr'>modo</span> <span class='ocrx_word' id='word_1_151' title='bbox 553 1400 699 1435; x_wconf 83' lang='lat' dir='ltr'>nostra</span> <span class='ocrx_word' id='word_1_152' title='bbox 722 1390 922 1450; x_wconf 86' lang='lat' dir='ltr'>superbia</span> <span class='ocrx_word' id='word_1_153' title='bbox 941 1400 1207 1446; x_wconf 81' lang='lat' dir='ltr'>conteratur,</span> <span class='ocrx_word' id='word_1_154' title='bbox 1227 1399 1277 1434; x_wconf 89' lang='lat' dir='ltr'>ut</span> <span class='ocrx_word' id='word_1_155' title='bbox 1290 1390 1404 1434; x_wconf 88' lang='lat' dir='ltr'>illius</span> <span class='ocrx_word' id='word_1_156' title='bbox 1428 1392 1560 1448; x_wconf 83' lang='lat' dir='ltr'>gratia</span> <span class='ocrx_word' id='word_1_157' title='bbox 1577 1391 1792 1450; x_wconf 82' lang='lat' dir='ltr'>glorifice-</span> 
     </span>
     <span class='ocr_line' id='line_1_18' title="bbox 403 1461 1794 1522; baseline 0.002 -18"><span class='ocrx_word' id='word_1_158' title='bbox 403 1470 490 1505; x_wconf 84' lang='lat' dir='ltr'>tur.</span> <span class='ocrx_word' id='word_1_159' title='bbox 518 1461 760 1522; x_wconf 80' lang='lat' dir='ltr'>Unicuique</span> <span class='ocrx_word' id='word_1_160' title='bbox 783 1461 1013 1506; x_wconf 85' lang='lat' dir='ltr'>hominum</span> <span class='ocrx_word' id='word_1_161' title='bbox 1036 1461 1158 1522; x_wconf 86' lang='lat' dir='ltr'>quod</span> <span class='ocrx_word' id='word_1_162' title='bbox 1180 1461 1376 1505; x_wconf 86' lang='lat' dir='ltr'>dicturus</span> <span class='ocrx_word' id='word_1_163' title='bbox 1397 1477 1515 1516; x_wconf 86' lang='lat' dir='ltr'>sum,</span> <span class='ocrx_word' id='word_1_164' title='bbox 1540 1461 1576 1505; x_wconf 90' lang='lat' dir='ltr'>si</span> <span class='ocrx_word' id='word_1_165' title='bbox 1597 1462 1690 1505; x_wconf 89' lang='lat' dir='ltr'>fieri</span> <span class='ocrx_word' id='word_1_166' title='bbox 1711 1478 1794 1522; x_wconf 88' lang='lat' dir='ltr'>po-</span> 
     </span>
     <span class='ocr_line' id='line_1_19' title="bbox 403 1526 1793 1593; baseline 0.001 -17"><span class='ocrx_word' id='word_1_167' title='bbox 403 1540 486 1576; x_wconf 74' lang='lat' dir='ltr'>test</span> <span class='ocrx_word' id='word_1_168' title='bbox 503 1567 513 1586; x_wconf 93' lang='lat'>,</span> <span class='ocrx_word' id='word_1_169' title='bbox 540 1526 807 1576; x_wconf 56' lang='lat' dir='ltr'>occurrat&#39;in</span> <span class='ocrx_word' id='word_1_170' title='bbox 839 1548 897 1576; x_wconf 89' lang='lat' dir='ltr'>se.</span> <span class='ocrx_word' id='word_1_171' title='bbox 932 1535 1109 1593; x_wconf 83' lang='lat' dir='ltr'>Loquor</span> <span class='ocrx_word' id='word_1_172' title='bbox 1129 1541 1274 1576; x_wconf 85' lang='lat' dir='ltr'>autem</span> <span class='ocrx_word' id='word_1_173' title='bbox 1292 1532 1570 1588; x_wconf 89' lang='lat' dir='ltr'>hominibus,</span> <span class='ocrx_word' id='word_1_174' title='bbox 1601 1533 1678 1593; x_wconf 87' lang='lat' dir='ltr'>qui</span> <span class='ocrx_word' id='word_1_175' title='bbox 1700 1549 1793 1577; x_wconf 87' lang='lat' dir='ltr'>am-</span> 
     </span>
     <span class='ocr_line' id='line_1_20' title="bbox 402 1602 1792 1663; baseline 0.003 -18"><span class='ocrx_word' id='word_1_176' title='bbox 402 1602 557 1646; x_wconf 86' lang='lat' dir='ltr'>bulant</span> <span class='ocrx_word' id='word_1_177' title='bbox 590 1602 704 1646; x_wconf 87' lang='lat' dir='ltr'>viam</span> <span class='ocrx_word' id='word_1_178' title='bbox 725 1603 828 1657; x_wconf 91' lang='lat' dir='ltr'>Dei,</span> <span class='ocrx_word' id='word_1_179' title='bbox 865 1611 908 1646; x_wconf 90' lang='lat' dir='ltr'>et</span> <span class='ocrx_word' id='word_1_180' title='bbox 945 1603 1171 1647; x_wconf 84' lang='lat' dir='ltr'>constituti</span> <span class='ocrx_word' id='word_1_181' title='bbox 1197 1611 1300 1647; x_wconf 84' lang='lat' dir='ltr'>sunt</span> <span class='ocrx_word' id='word_1_182' title='bbox 1328 1603 1373 1646; x_wconf 91' lang='lat' dir='ltr'>in</span> <span class='ocrx_word' id='word_1_183' title='bbox 1406 1603 1551 1663; x_wconf 91' lang='lat' dir='ltr'>aliquo</span> <span class='ocrx_word' id='word_1_184' title='bbox 1581 1613 1792 1663; x_wconf 90' lang='lat' dir='ltr'>provectu</span> 
     </span>
     <span class='ocr_line' id='line_1_21' title="bbox 403 1671 1790 1733; baseline 0.002 -18"><span class='ocrx_word' id='word_1_185' title='bbox 403 1672 597 1732; x_wconf 87' lang='lat' dir='ltr'>spiritali.</span> <span class='ocrx_word' id='word_1_186' title='bbox 627 1672 751 1716; x_wconf 87' lang='lat' dir='ltr'>Unde</span> <span class='ocrx_word' id='word_1_187' title='bbox 781 1673 814 1716; x_wconf 90' lang='lat' dir='ltr'>si</span> <span class='ocrx_word' id='word_1_188' title='bbox 839 1674 915 1733; x_wconf 87' lang='lat' dir='ltr'>qui</span> <span class='ocrx_word' id='word_1_189' title='bbox 933 1671 1044 1717; x_wconf 85' lang='lat' dir='ltr'>forte</span> <span class='ocrx_word' id='word_1_190' title='bbox 1069 1682 1246 1732; x_wconf 87' lang='lat' dir='ltr'>propter</span> <span class='ocrx_word' id='word_1_191' title='bbox 1267 1674 1352 1717; x_wconf 86' lang='lat' dir='ltr'>hoc</span> <span class='ocrx_word' id='word_1_192' title='bbox 1372 1674 1515 1718; x_wconf 86' lang='lat' dir='ltr'>minus</span> <span class='ocrx_word' id='word_1_193' title='bbox 1537 1689 1606 1717; x_wconf 91' lang='lat' dir='ltr'>me</span> <span class='ocrx_word' id='word_1_194' title='bbox 1626 1673 1790 1718; x_wconf 87' lang='lat' dir='ltr'>intelli-</span> 
     </span>
     <span class='ocr_line' id='line_1_22' title="bbox 403 1743 1790 1804; baseline 0.003 -18"><span class='ocrx_word' id='word_1_195' title='bbox 403 1752 539 1800; x_wconf 86' lang='lat' dir='ltr'>gunt,</span> <span class='ocrx_word' id='word_1_196' title='bbox 576 1743 798 1787; x_wconf 86' lang='lat' dir='ltr'>inveniant</span> <span class='ocrx_word' id='word_1_197' title='bbox 830 1744 907 1787; x_wconf 81' lang='lat' dir='ltr'>ubi</span> <span class='ocrx_word' id='word_1_198' title='bbox 929 1745 1038 1799; x_wconf 83' lang='lat' dir='ltr'>sint,</span> <span class='ocrx_word' id='word_1_199' title='bbox 1072 1753 1114 1787; x_wconf 90' lang='lat' dir='ltr'>et</span> <span class='ocrx_word' id='word_1_200' title='bbox 1135 1743 1402 1804; x_wconf 79' lang='lat' dir='ltr'>proficiendo</span> <span class='ocrx_word' id='word_1_201' title='bbox 1435 1743 1490 1787; x_wconf 92' lang='lat' dir='ltr'>ad</span> <span class='ocrx_word' id='word_1_202' title='bbox 1518 1743 1790 1790; x_wconf 85' lang='lat' dir='ltr'>intellectum</span> 
     </span>
     <span class='ocr_line' id='line_1_23' title="bbox 403 1812 1792 1861; baseline 0.002 -4"><span class='ocrx_word' id='word_1_203' title='bbox 403 1812 623 1858; x_wconf 82' lang='lat' dir='ltr'>festinent.</span> <span class='ocrx_word' id='word_1_204' title='bbox 642 1816 737 1858; x_wconf 78' lang='lat' dir='ltr'>Non</span> <span class='ocrx_word' id='word_1_205' title='bbox 758 1823 901 1858; x_wconf 83' lang='lat' dir='ltr'>autem</span> <span class='ocrx_word' id='word_1_206' title='bbox 925 1814 1110 1858; x_wconf 77' lang='lat' dir='ltr'>arbitror</span> <span class='ocrx_word' id='word_1_207' title='bbox 1133 1814 1404 1858; x_wconf 84' lang='lat' dir='ltr'>deserturum</span> <span class='ocrx_word' id='word_1_208' title='bbox 1427 1818 1566 1859; x_wconf 88' lang='lat' dir='ltr'>Deum</span> <span class='ocrx_word' id='word_1_209' title='bbox 1584 1826 1792 1861; x_wconf 83' lang='lat' dir='ltr'>conatum</span> 
     </span>
     <span class='ocr_line' id='line_1_24' title="bbox 402 1884 1792 1945; baseline 0.003 -18"><span class='ocrx_word' id='word_1_210' title='bbox 402 1893 622 1939; x_wconf 85' lang='lat' dir='ltr'>nostrum,</span> <span class='ocrx_word' id='word_1_211' title='bbox 647 1894 698 1928; x_wconf 89' lang='lat' dir='ltr'>ut</span> <span class='ocrx_word' id='word_1_212' title='bbox 715 1884 770 1929; x_wconf 82' lang='lat' dir='ltr'>ad</span> <span class='ocrx_word' id='word_1_213' title='bbox 793 1900 940 1929; x_wconf 87' lang='lat' dir='ltr'>omnes</span> <span class='ocrx_word' id='word_1_214' title='bbox 960 1885 1185 1945; x_wconf 84' lang='lat' dir='ltr'>perveniat</span> <span class='ocrx_word' id='word_1_215' title='bbox 1207 1885 1327 1945; x_wconf 85' lang='lat' dir='ltr'>quod</span> <span class='ocrx_word' id='word_1_216' title='bbox 1342 1884 1581 1945; x_wconf 86' lang='lat' dir='ltr'>loquimur,</span> <span class='ocrx_word' id='word_1_217' title='bbox 1607 1886 1694 1930; x_wconf 85' lang='lat' dir='ltr'>sive</span> <span class='ocrx_word' id='word_1_218' title='bbox 1715 1903 1792 1931; x_wconf 77' lang='lat' dir='ltr'>ex-</span> 
     </span>
     <span class='ocr_line' id='line_1_25' title="bbox 400 1956 1791 2017; baseline 0.003 -19"><span class='ocrx_word' id='word_1_219' title='bbox 400 1965 545 2015; x_wconf 89' lang='lat' dir='ltr'>pertos</span> <span class='ocrx_word' id='word_1_220' title='bbox 564 1991 575 2010; x_wconf 88' lang='lat'>,</span> <span class='ocrx_word' id='word_1_221' title='bbox 601 1956 688 1999; x_wconf 85' lang='lat' dir='ltr'>sive</span> <span class='ocrx_word' id='word_1_222' title='bbox 710 1957 976 2015; x_wconf 74' lang='lat' dir='ltr'>inexpertos,</span> <span class='ocrx_word' id='word_1_223' title='bbox 1002 1965 1053 2000; x_wconf 88' lang='lat' dir='ltr'>ut</span> <span class='ocrx_word' id='word_1_224' title='bbox 1075 1957 1237 2016; x_wconf 82' lang='lat' dir='ltr'>experti</span> <span class='ocrx_word' id='word_1_225' title='bbox 1270 1956 1517 2016; x_wconf 86' lang='lat' dir='ltr'>approbent</span> <span class='ocrx_word' id='word_1_226' title='bbox 1532 1992 1543 2012; x_wconf 83' lang='lat'>‚</span> <span class='ocrx_word' id='word_1_227' title='bbox 1576 1957 1791 2017; x_wconf 83' lang='lat' dir='ltr'>inexperti</span> 
     </span>
     <span class='ocr_line' id='line_1_26' title="bbox 402 2025 1790 2089; baseline 0.002 -20"><span class='ocrx_word' id='word_1_228' title='bbox 402 2025 670 2080; x_wconf 88' lang='lat' dir='ltr'>desiderent,</span> <span class='ocrx_word' id='word_1_229' title='bbox 703 2035 746 2070; x_wconf 81' lang='lat' dir='ltr'>et</span> <span class='ocrx_word' id='word_1_230' title='bbox 773 2027 976 2071; x_wconf 88' lang='lat' dir='ltr'>omnibus</span> <span class='ocrx_word' id='word_1_231' title='bbox 1006 2027 1147 2071; x_wconf 83' lang='lat' dir='ltr'>suavis</span> <span class='ocrx_word' id='word_1_232' title='bbox 1177 2027 1231 2071; x_wconf 82' lang='lat' dir='ltr'>sit</span> <span class='ocrx_word' id='word_1_233' title='bbox 1260 2027 1495 2086; x_wconf 81' lang='lat' dir='ltr'>disputatio</span> <span class='ocrx_word' id='word_1_234' title='bbox 1524 2043 1619 2072; x_wconf 89' lang='lat' dir='ltr'>mea</span> <span class='ocrx_word' id='word_1_235' title='bbox 1655 2047 1664 2073; x_wconf 90' lang='lat'>:</span> <span class='ocrx_word' id='word_1_236' title='bbox 1689 2045 1790 2089; x_wconf 86' lang='lat' dir='ltr'>quae</span> 
     </span>
     <span class='ocr_line' id='line_1_27' title="bbox 401 2097 1788 2156; baseline 0.002 -17"><span class='ocrx_word' id='word_1_237' title='bbox 401 2097 592 2156; x_wconf 87' lang='lat' dir='ltr'>primum</span> <span class='ocrx_word' id='word_1_238' title='bbox 614 2098 800 2142; x_wconf 89' lang='lat' dir='ltr'>Domino</span> <span class='ocrx_word' id='word_1_239' title='bbox 818 2099 959 2142; x_wconf 87' lang='lat' dir='ltr'>suavis</span> <span class='ocrx_word' id='word_1_240' title='bbox 981 2099 1085 2152; x_wconf 85' lang='lat' dir='ltr'>erit,</span> <span class='ocrx_word' id='word_1_241' title='bbox 1112 2098 1146 2142; x_wconf 89' lang='lat' dir='ltr'>si</span> <span class='ocrx_word' id='word_1_242' title='bbox 1167 2097 1352 2142; x_wconf 85' lang='lat' dir='ltr'>veridica</span> <span class='ocrx_word' id='word_1_243' title='bbox 1375 2098 1455 2141; x_wconf 88' lang='lat' dir='ltr'>erit</span> <span class='ocrx_word' id='word_1_244' title='bbox 1470 2119 1480 2156; x_wconf 80' lang='lat'>3</span> <span class='ocrx_word' id='word_1_245' title='bbox 1498 2097 1686 2143; x_wconf 80' lang='lat' dir='ltr'>veridica</span> <span class='ocrx_word' id='word_1_246' title='bbox 1708 2115 1788 2143; x_wconf 90' lang='lat' dir='ltr'>au-</span> 
     </span>
     <span class='ocr_line' id='line_1_28' title="bbox 403 2160 1789 2231; baseline 0.003 -19"><span class='ocrx_word' id='word_1_247' title='bbox 403 2178 491 2213; x_wconf 91' lang='lat' dir='ltr'>tem</span> <span class='ocrx_word' id='word_1_248' title='bbox 514 2170 616 2225; x_wconf 89' lang='lat' dir='ltr'>erit,</span> <span class='ocrx_word' id='word_1_249' title='bbox 650 2169 684 2214; x_wconf 87' lang='lat' dir='ltr'>si</span> <span class='ocrx_word' id='word_1_250' title='bbox 715 2186 805 2214; x_wconf 89' lang='lat' dir='ltr'>non</span> <span class='ocrx_word' id='word_1_251' title='bbox 834 2171 939 2215; x_wconf 86' lang='lat' dir='ltr'>mihi</span> <span class='ocrx_word' id='word_1_252' title='bbox 971 2187 995 2215; x_wconf 86' lang='lat' dir='ltr'>a</span> <span class='ocrx_word' id='word_1_253' title='bbox 1024 2186 1121 2226; x_wconf 89' lang='lat' dir='ltr'>me,</span> <span class='ocrx_word' id='word_1_254' title='bbox 1157 2168 1234 2214; x_wconf 90' lang='lat' dir='ltr'>sed</span> <span class='ocrx_word' id='word_1_255' title='bbox 1255 2160 1405 2214; x_wconf 74' lang='lat' dir='ltr'>abillo</span> <span class='ocrx_word' id='word_1_256' title='bbox 1428 2169 1523 2214; x_wconf 83' lang='lat' dir='ltr'>erit.</span> <span class='ocrx_word' id='word_1_257' title='bbox 1553 2170 1622 2216; x_wconf 90' lang='lat' dir='ltr'>Sic</span> <span class='ocrx_word' id='word_1_258' title='bbox 1654 2171 1789 2231; x_wconf 88' lang='lat' dir='ltr'>coepit</span> 
     </span>
     <span class='ocr_line' id='line_1_29' title="bbox 402 2240 625 2286; baseline 0.009 -2"><span class='ocrx_word' id='word_1_259' title='bbox 402 2240 597 2285; x_wconf 85' lang='lat' dir='ltr'>Psalmus</span> <span class='ocrx_word' id='word_1_260' title='bbox 616 2260 625 2286; x_wconf 77' lang='grc' dir='ltr'>ε</span> 
     </span>
    </p>

    <p class='ocr_par' dir='ltr' id='par_1_3' title="bbox 402 2311 1787 2585">
     <span class='ocr_line' id='line_1_30' title="bbox 462 2311 1787 2373; baseline 0.003 -19"><span class='ocrx_word' id='word_1_261' title='bbox 462 2314 521 2355; x_wconf 93' lang='grc' dir='ltr'>ΙΙ.</span> <span class='ocrx_word' id='word_1_262' title='bbox 561 2312 877 2357; x_wconf 85' lang='lat' dir='ltr'>«Confitemini</span> <span class='ocrx_word' id='word_1_263' title='bbox 899 2313 1112 2366; x_wconf 88' lang='lat' dir='ltr'>Domino,</span> <span class='ocrx_word' id='word_1_264' title='bbox 1150 2311 1354 2373; x_wconf 87' lang='lat' dir='ltr'>quoniam</span> <span class='ocrx_word' id='word_1_265' title='bbox 1389 2311 1530 2356; x_wconf 86' lang='lat' dir='ltr'>suavis</span> <span class='ocrx_word' id='word_1_266' title='bbox 1560 2321 1646 2367; x_wconf 89' lang='lat' dir='ltr'>est,</span> <span class='ocrx_word' id='word_1_267' title='bbox 1672 2328 1787 2373; x_wconf 92' lang='lat' dir='ltr'>quo-</span> 
     </span>
     <span class='ocr_line' id='line_1_31' title="bbox 404 2381 1783 2443; baseline 0.003 -20"><span class='ocrx_word' id='word_1_268' title='bbox 404 2399 424 2423; x_wconf 93' lang='lat'>»</span> <span class='ocrx_word' id='word_1_269' title='bbox 460 2382 575 2425; x_wconf 89' lang='lat' dir='ltr'>niam</span> <span class='ocrx_word' id='word_1_270' title='bbox 597 2382 642 2425; x_wconf 89' lang='lat' dir='ltr'>in</span> <span class='ocrx_word' id='word_1_271' title='bbox 664 2381 870 2427; x_wconf 72' lang='lat' dir='ltr'>saeculum</span> <span class='ocrx_word' id='word_1_272' title='bbox 889 2383 1178 2427; x_wconf 88' lang='lat' dir='ltr'>misericordia</span> <span class='ocrx_word' id='word_1_273' title='bbox 1195 2383 1326 2443; x_wconf 61' lang='lat' dir='ltr'>ejusss.</span> <span class='ocrx_word' id='word_1_274' title='bbox 1349 2401 1369 2424; x_wconf 90' lang='lat'>»</span> <span class='ocrx_word' id='word_1_275' title='bbox 1391 2385 1485 2427; x_wconf 93' lang='lat' dir='ltr'>Hoc</span> <span class='ocrx_word' id='word_1_276' title='bbox 1499 2384 1783 2441; x_wconf 82' lang='lat' dir='ltr'>confitemini,</span> 
     </span>
     <span class='ocr_line' id='line_1_32' title="bbox 402 2452 1787 2513; baseline 0.004 -19"><span class='ocrx_word' id='word_1_277' title='bbox 402 2452 609 2512; x_wconf 88' lang='lat' dir='ltr'>quoniam</span> <span class='ocrx_word' id='word_1_278' title='bbox 632 2454 771 2498; x_wconf 86' lang='lat' dir='ltr'>suavis</span> <span class='ocrx_word' id='word_1_279' title='bbox 794 2462 857 2497; x_wconf 83' lang='lat' dir='ltr'>est</span> <span class='ocrx_word' id='word_1_280' title='bbox 883 2473 892 2498; x_wconf 73' lang='grc' dir='ltr'>ε</span> <span class='ocrx_word' id='word_1_281' title='bbox 914 2454 947 2497; x_wconf 87' lang='lat' dir='ltr'>si</span> <span class='ocrx_word' id='word_1_282' title='bbox 976 2453 1195 2513; x_wconf 81' lang='lat' dir='ltr'>gustastis,</span> <span class='ocrx_word' id='word_1_283' title='bbox 1221 2453 1505 2497; x_wconf 84' lang='lat' dir='ltr'>confitemini.</span> <span class='ocrx_word' id='word_1_284' title='bbox 1530 2456 1626 2499; x_wconf 91' lang='lat' dir='ltr'>Non</span> <span class='ocrx_word' id='word_1_285' title='bbox 1644 2462 1787 2513; x_wconf 85' lang='lat' dir='ltr'>potest</span> 
     </span>
     <span class='ocr_line' id='line_1_33' title="bbox 403 2522 1784 2585; baseline 0.001 -19"><span class='ocrx_word' id='word_1_286' title='bbox 403 2531 549 2566; x_wconf 87' lang='lat' dir='ltr'>autem</span> <span class='ocrx_word' id='word_1_287' title='bbox 573 2524 791 2580; x_wconf 85' lang='lat' dir='ltr'>confiteri,</span> <span class='ocrx_word' id='word_1_288' title='bbox 817 2524 893 2585; x_wconf 89' lang='lat' dir='ltr'>qui</span> <span class='ocrx_word' id='word_1_289' title='bbox 916 2534 1085 2582; x_wconf 82' lang='lat' dir='ltr'>gustare</span> <span class='ocrx_word' id='word_1_290' title='bbox 1118 2523 1274 2568; x_wconf 90' lang='lat' dir='ltr'>noluit.</span> <span class='ocrx_word' id='word_1_291' title='bbox 1302 2522 1428 2567; x_wconf 86' lang='lat' dir='ltr'>Unde</span> <span class='ocrx_word' id='word_1_292' title='bbox 1450 2525 1566 2568; x_wconf 91' lang='lat' dir='ltr'>enim</span> <span class='ocrx_word' id='word_1_293' title='bbox 1588 2525 1784 2569; x_wconf 89' lang='lat' dir='ltr'>dicturus</span> 
     </span>
    </p>
   </div>
   <div class='ocr_carea' id='block_1_3' title="bbox 452 2607 1514 2653">
    <p class='ocr_par' dir='ltr' id='par_1_4' title="bbox 452 2607 1514 2653">
     <span class='ocr_line' id='line_1_34' title="bbox 452 2607 1514 2653; baseline 0.003 -13"><span class='ocrx_word' id='word_1_294' title='bbox 452 2615 461 2631; x_wconf 90' lang='lat'>¹</span> <span class='ocrx_word' id='word_1_295' title='bbox 479 2609 570 2641; x_wconf 83' lang='lat' dir='ltr'>Rom.</span> <span class='ocrx_word' id='word_1_296' title='bbox 590 2621 660 2652; x_wconf 82' lang='lat' dir='ltr'>vm,</span> <span class='ocrx_word' id='word_1_297' title='bbox 678 2611 729 2643; x_wconf 85' lang='lat'>15.</span> <span class='ocrx_word' id='word_1_298' title='bbox 750 2627 791 2634; x_wconf 77' lang='lat'>-·</span> <span class='ocrx_word' id='word_1_299' title='bbox 810 2617 823 2635; x_wconf 88' lang='lat'>²</span> <span class='ocrx_word' id='word_1_300' title='bbox 839 2610 952 2653; x_wconf 78' lang='lat' dir='ltr'>Ephes.</span> <span class='ocrx_word' id='word_1_301' title='bbox 975 2623 1012 2653; x_wconf 85' lang='lat'>11,</span> <span class='ocrx_word' id='word_1_302' title='bbox 1029 2609 1068 2653; x_wconf 74' lang='lat'>14</span> <span class='ocrx_word' id='word_1_303' title='bbox 1089 2614 1122 2643; x_wconf 80' lang='lat' dir='ltr'>et</span> <span class='ocrx_word' id='word_1_304' title='bbox 1139 2619 1191 2644; x_wconf 82' lang='lat'>20.</span> <span class='ocrx_word' id='word_1_305' title='bbox 1217 2626 1258 2633; x_wconf 98' lang='lat'><strong>—</strong></span> <span class='ocrx_word' id='word_1_306' title='bbox 1278 2607 1292 2633; x_wconf 81' lang='lat'>3</span> <span class='ocrx_word' id='word_1_307' title='bbox 1311 2609 1391 2643; x_wconf 78' lang='lat' dir='ltr'>Psal.</span> <span class='ocrx_word' id='word_1_308' title='bbox 1406 2621 1468 2651; x_wconf 72' lang='lat' dir='ltr'>ew,</span> <span class='ocrx_word' id='word_1_309' title='bbox 1485 2620 1514 2643; x_wconf 87' lang='lat'>1.</span> 
     </span>
    </p>
   </div>
  </div>
 </body>
</html>
