1848 3261
289 238 529 270 ENARRA'mo
561 242 576 268 1
608 242 653 269 nv
686 238 888 270 PsALMUM
919 240 1016 279 cm,
1051 238 1188 268 SERMO
1222 244 1250 269 1.
1365 231 1418 270 93

43 315 87 351 et
108 307 153 350 in
175 306 341 351 bonum
371 315 593 363 operatur,
619 306 790 352 dicente
817 304 1049 365 Apost010:
1081 323 1101 347 «
1126 307 1237 350 Cum
1268 306 1421 351 timore

45 395 65 420 1)
102 387 145 422 et
170 387 352 423 tremore
378 387 560 422 vestram
583 379 772 438 ipsorum
800 377 982 421 salutem
1009 377 1245 436 operamini
1273 395 1281 421 ε
1309 381 1423 422 Deus

47 467 66 490 »
102 449 218 493 enim
240 459 304 493 est
325 448 401 509 qui
423 458 627 508 operatur
648 450 694 493 in
723 448 888 494 vobis1.
918 467 935 488 »
962 450 1077 506 Ergo
1101 463 1155 490 ne
1177 456 1219 491 te
1243 447 1423 492 extolle-

43 536 135 576 res,
160 521 261 581 quia
293 520 397 565 facis
420 521 600 564 verbum
620 521 710 580 ejus
725 555 735 575 ,
761 520 863 580 quia
884 519 989 563 facis
1007 517 1278 563 voluntatem
1301 520 1392 579 ejus
1411 554 1421 574 ,

42 590 180 636 voluit
209 600 251 635 te
274 590 518 645 humiliari,
544 590 811 649 respiciendo
835 590 1015 648 gratiam
1049 590 1140 649 ejus
1158 624 1169 644 ,
1203 588 1321 633 unde
1343 590 1427 634 hoc

44 669 300 706 consecutus
322 675 378 704 es.
402 678 421 701 «
449 663 499 703 In
522 660 640 704 omni
657 659 753 704 loco
772 658 1075 704 dominationis
1090 660 1196 718 ejus.
1221 658 1424 715 Benedic,

46 750 66 774 »
102 732 243 775 anima
257 746 367 786 mea,
384 730 674 774 Dominum.'»
693 733 788 790 Ipse
801 730 980 774 ultimus
995 745 1141 775 versus
1157 739 1235 784 est,
1256 732 1330 789 qui
1346 731 1430 789 pri-

43 818 139 847 mus
166 821 174 847 :
200 801 445 846 benedictio
463 818 485 845 a
500 802 640 861 capite
656 837 666 857 ,
693 801 941 845 benedictio
963 801 1009 844 in
1031 802 1116 845 fine
1144 816 1153 841 ε
1176 817 1196 844 a
1219 800 1429 845 benedic-

44 873 159 917 tione
177 872 359 931 profecti
382 887 552 925 sumus,
574 870 629 915 ad
651 872 1000 917 benedictionem
1024 871 1271 928 redeamus,
1297 871 1340 915 in
1358 871 1432 916 be-

44 942 290 987 nedictione
310 957 554 1001 regnemus.

52 1085 1424 1105 mmmmmwwmmmmwwmwwvmmmmmmmrwuwurmmmmw

494 1189 888 1237 ENARRATIO
927 1192 947 1236 Ι

433 1333 493 1372 IN
537 1332 839 1374 PSALMUM
893 1332 1023 1373 0111.

610 1474 786 1513 samito
813 1475 875 1511 12.

454 1600 516 1641 De
533 1597 671 1657 prima
700 1606 823 1657 parte
838 1597 1012 1642 Psalmi.

113 1725 148 1767 Ι.
182 1725 263 1767 Dm
296 1720 475 1782 quidem
508 1720 886 1777 nudiustertiano,
927 1730 1144 1781 quantum
1186 1723 1432 1768 meminisse

46 1792 308 1852 dignamini,
341 1791 615 1837 abundanter
644 1790 794 1836 refecti
816 1792 914 1835 estis
944 1811 953 1836 ε
990 1790 1064 1835 sed
1082 1792 1183 1852 quia
1205 1807 1282 1836 nos
1305 1793 1433 1837 ctiam

46 1873 145 1924 post
166 1862 347 1921 longum
369 1877 614 1905 sermonem
642 1861 876 1906 avidissimi
910 1861 1128 1906 dimisistis
1145 1897 1156 1918 ,
1191 1878 1281 1906 non
1303 1873 1434 1922 puta-

45 1936 187 1980 vimus
207 1933 488 1979 sanctitatem
502 1935 701 1977 Vestram
725 1931 925 1977 hodierni
950 1932 1035 1976 diei
1054 1933 1203 1977 debito
1229 1933 1437 1978 fraudan-

47 2007 148 2050 dam
168 2025 179 2063 3
203 2014 254 2049 ut
288 2005 371 2049 1100
398 2006 452 2048 sit
473 2003 529 2047 de
558 2004 731 2059 debito,
757 2002 869 2047 illud
899 2002 953 2047 de
978 2002 1116 2048 lucro.
1144 2004 1337 2049 Psalmus
1361 2007 1438 2065 qui

45 2077 184 2122 lectus
207 2085 294 2132 est,
321 2091 457 2135 prope
479 2083 597 2120 totus
620 2075 766 2132 figuris
794 2089 941 2118 rerum
963 2075 1261 2136 mysteriisque
1285 2086 1436 2121 conte-

46 2149 163 2194 xitur
178 2183 189 2205 ,
210 2157 253 2192 et
275 2163 383 2207 opus
405 2147 537 2191 habet
555 2162 645 2191 11011
678 2145 819 2190 solum
842 2154 1015 2202 nostra,
1041 2146 1117 2190 sed
1145 2148 1272 2191 etiam
1295 2158 1436 2193 vestra

47 2236 137 2266 non
158 2234 289 2280 parva
303 2218 546 2262 intentione
567 2237 575 2262 :
601 2232 853 2278 quanquam
869 2217 1000 2261 etiam
1024 2226 1180 2262 cuncta
1202 2234 1300 2278 quae
1323 2218 1437 2264 dicta

48 2300 173 2347 sunt,
194 2290 359 2350 possint
385 2288 441 2332 ad
472 2287 659 2332 litteram
690 2286 887 2345 religiose
920 2287 1070 2347 accipi.
1110 2291 1436 2333 Enumerantur

50 2363 164 2406 enim
187 2361 266 2405 etsi
288 2375 377 2404 non
400 2359 545 2404 omnia
561 2394 571 2414 ,
597 2358 736 2403 multa
760 2367 906 2402 tamen
924 2374 1053 2418 opera
1073 2360 1172 2414 Dei,
1210 2376 1308 2419 quae
1333 2370 1436 2405 nota

50 2441 150 2477 sunt
172 2430 372 2476 omnibus
394 2429 686 2484 intuentibus,
707 2429 782 2489 qui
805 2437 968 2472 norunt
990 2438 1032 2472 et
1047 2444 1096 2472 ex
1120 2429 1184 2473 his
1202 2446 1301 2490 quae
1323 2429 1436 2475 facta

101 2536 108 2552 ¹
131 2528 242 2570 Philip.
262 2538 285 2557 11
301 2552 309 2568 ,
335 2535 371 2557 12
385 2553 392 2566 ,
424 2526 472 2557 13.
499 2542 540 2547 —
560 2531 572 2547 ²
593 2524 729 2557 Habitus
748 2528 796 2556 cst
820 2523 879 2556 iste
897 2525 1009 2556 Sermo
1034 2523 1245 2567 Carthagine,
1265 2537 1304 2559 ex
1322 2537 1353 2558 11.
1383 2527 1435 2570 13,

52 2585 227 2628 Augustino
242 2583 311 2625 jam
328 2592 404 2614 seue
425 2592 465 2615 ex
480 2581 581 2613 Serui.
599 2591 634 2621 11,
650 2591 681 2612 n.
705 2591 736 2621 7.
