1848 3261
247 221 488 252 ENARRATIO
519 225 565 252 m
596 222 798 254 PsALMUM
828 225 985 264 can,
1020 224 1157 256 SERMO
1190 230 1264 256 xx.
1361 216 1445 257 477

76 306 93 329 »
127 287 270 347 ligunt
286 291 679 335 manifestationem
694 292 784 351 ejus
799 293 810 316 ¹
829 309 873 335 z»
894 292 1144 353 Hocitaque
1162 294 1441 351 desiderium,

70 356 124 401 de
137 375 225 418 quo
241 375 360 404 nunc
374 361 538 419 agimus
550 397 560 416 ,
575 361 629 405 de
649 361 887 405 delectione
901 363 1122 419 consurgit
1139 363 1442 409 manifestatio-

69 427 134 471 nis
167 430 257 489 ejus
284 448 293 475 z
319 431 373 474 de
405 447 491 491 qua
509 431 611 476 item
636 432 763 486 dicit,
794 450 813 474 «
838 433 949 476 Cum
974 431 1170 476 Christus
1203 435 1450 492 apparuerit

70 518 90 541 »
125 501 212 545 vita
223 512 364 547 vestra
378 538 388 558 ‚
409 513 515 548 tunc
529 514 572 548 et
585 519 659 548 vos
676 519 775 548 cum
789 503 864 548 illo
886 505 1145 564 apparebitis
1157 505 1202 548 in
1219 505 1353 564 gloria
1365 509 1396 549 2.
1427 527 1445 548 »

68 571 210 616 Prima
228 589 330 632 ergo
350 583 544 634 tempora
560 574 764 619 Ecclesiae
787 585 886 619 ante
903 575 1080 634 virginis
1098 585 1271 635 partum
1286 611 1296 631 ‚
1324 592 1449 621 sanc-

65 650 132 686 tos
152 643 399 688 habuerunt
419 646 496 705 qui
517 644 811 690 desiderarent
838 646 1144 691 incarnationis
1166 649 1257 708 ejus
1285 648 1450 692 adven-

65 722 160 757 tum
197 734 206 758 ε
251 715 331 759 ista
364 731 466 760 vero
504 726 700 776 tempora
742 733 791 761 ex
828 734 916 777 quo
944 717 1137 762 ascendit
1178 719 1224 762 in
1261 719 1446 775 coelum,

65 793 234 829 sanctos
246 785 412 831 habent
431 787 506 847 qui
524 787 769 832 desiderent
791 790 882 848 ejus
904 789 1298 834 manifestationem
1313 789 1368 834 ad
1384 790 1450 834 vi-

65 870 140 899 vos
151 864 195 899 et
210 865 405 901 mortuos
413 856 687 917 judicandos.
706 861 857 918 Neque
871 860 955 904 hoc
969 859 1171 904 Ecclesiae
1189 860 1452 905 desiderium

65 925 120 971 ab
141 926 264 972 initio
285 944 425 988 usque
442 928 487 973 in
501 930 633 973 finem
656 930 802 975 saeculi
824 929 1038 990 requievit
1056 930 1353 990 aliquantum,
1370 931 1452 976 nisi

64 996 260 1057 quandiu
282 998 353 1043 hic
386 1015 487 1043 cum
507 999 734 1059 Discipulis
754 1001 800 1044 in
822 1015 950 1045 carne
975 1009 1169 1044 versatus
1191 1011 1256 1045 est
1270 1037 1280 1056 ‚
1316 1011 1367 1045 ut
1383 1011 1453 1047 to-

65 1067 151 1111 tius
173 1068 364 1128 corporis
382 1069 541 1114 Christi
556 1070 598 1113 in
616 1070 697 1114 hac
711 1070 798 1114 vita
816 1071 1022 1129 gementis
1039 1087 1123 1115 vox
1141 1071 1452 1116 convenienter

64 1137 333 1197 intelligatur
353 1158 362 1183 :
392 1159 412 1181 «
431 1138 600 1184 Defecit
620 1141 666 1184 in
686 1140 873 1185 salutare
895 1150 1021 1184 tuum
1039 1141 1182 1185 anima
1204 1157 1300 1185 mea
1315 1177 1325 1196 ‚
1347 1151 1390 1186 et
1406 1143 1453 1186 in

67 1226 86 1250 »
122 1209 307 1253 verbum
329 1219 457 1254 tuum
479 1211 645 1270 speravi
672 1230 681 1255 2
709 1230 728 1252 »
757 1212 841 1256 hoc
875 1221 958 1267 est,
978 1212 1025 1255 in
1042 1212 1326 1271 promissum3
1352 1229 1452 1273 quae

60 1294 156 1339 spes
174 1278 278 1324 facit
296 1316 306 1335 ,
330 1290 379 1325 ut
396 1296 472 1340 per
495 1282 746 1341 patientiam
769 1292 1046 1343 expectetur3
1071 1282 1192 1343 quod
1221 1300 1243 1327 a
1268 1283 1451 1328 creden-

61 1350 178 1394 tibus
190 1366 279 1395 non
296 1351 470 1395 videtur
481 1353 513 1395 ³.
531 1353 675 1396 Etiam
682 1353 753 1397 hic
763 1368 927 1411 graecus
940 1353 1066 1411 {illud
1078 1354 1264 1397 verbum
1276 1355 1446 1410 habet4,

62 1420 182 1480 quod
199 1419 379 1481 quidam
401 1422 537 1465 nostri
554 1422 809 1482 interpretes
824 1441 841 1463 «
860 1424 1156 1482 supersperavi
1176 1442 1196 1465 »
1218 1424 1451 1469 transferre

61 1490 312 1535 maluerunt
343 1510 352 1536 ε
388 1492 491 1552 quia
524 1491 676 1552 procul
704 1491 840 1537 dubio
859 1492 957 1552 plus
975 1491 1176 1537 futurum
1197 1503 1288 1550 est,
1315 1509 1451 1555 quam

61 1559 147 1605 dici
169 1569 325 1620 potest.

122 1635 179 1676 II.
207 1651 227 1673 «
254 1631 536 1688 Defecerunt,
560 1633 730 1692 inquit,
754 1633 868 1678 oculi
884 1633 970 1677 mei
987 1633 1033 1677 in
1055 1633 1278 1694 eloquium
1300 1642 1444 1691 tuum,

65 1722 85 1744 »
120 1703 334 1759 dicentes,
373 1704 551 1764 quando
589 1704 881 1749 consolaberis
903 1706 1026 1748 me⁵P
1050 1722 1070 1746 »
1101 1708 1214 1750 Ecce
1235 1722 1382 1751 rursus
1403 1707 1450 1751 in

61 1773 197 1818 oculis
214 1808 224 1828 ,
251 1773 327 1818 sed
367 1774 521 1833 utique
557 1774 857 1828 interioribus,
888 1772 1117 1817 laudabilis
1146 1784 1189 1818 et
1213 1774 1314 1819 felix
1341 1795 1349 1821 ε
1374 1775 1449 1820 ille

62 1844 257 1889 defectus
273 1880 283 1899 ,
310 1860 400 1889 non
419 1845 598 1889 veniens
616 1860 666 1888 ex
686 1844 938 1888 infirmitate
961 1844 1093 1888 animi
1120 1864 1128 1889 ;
1149 1845 1225 1889 sed
1247 1862 1298 1890 ex
1318 1846 1446 1892 forti-

62 1914 214 1960 tudine
230 1914 430 1958 desiderii
444 1915 491 1958 in
508 1914 767 1973 promissum
788 1914 881 1958 Dei.
904 1916 997 1958 Hoc
1014 1915 1129 1958 enim
1149 1915 1208 1959 ait
1228 1935 1236 1960 :
1256 1935 1275 1958 «
1299 1917 1345 1960 in
1362 1917 1449 1962 elo-

64 2004 85 2027 »
122 1985 275 2045 quium
304 1993 445 2028 tuum.
469 2002 490 2026 »
516 1984 747 2037 Quomodo
782 1993 928 2028 autem
964 1984 1069 2028 tales
1107 1985 1222 2029 oculi
1261 1987 1413 2032 dicunt
1435 2008 1444 2034 :

67 2074 87 2097 «
121 2053 308 2109 Quando
331 2054 620 2099 consolaberis
643 2069 734 2109 me,
762 2073 782 2095 n
814 2054 895 2098 nisi
917 2070 1017 2099 cum
1037 2053 1112 2098 tali
1134 2056 1376 2101 intentione
1405 2068 1449 2103 et

63 2125 362 2185 expectatione
390 2134 536 2169 oratur
559 2133 602 2168 et
625 2124 840 2183 gemitur?
861 2125 1029 2184 Lingua
1051 2126 1167 2169 enim
1189 2126 1331 2187 loqui,
1357 2144 1447 2174 non

63 2196 180 2242 oculi
197 2195 336 2241 solent
361 2215 369 2240 z
395 2195 470 2240 sed
487 2195 714 2240 oculorum
736 2195 927 2255 quodam
946 2195 1078 2240 modo
1095 2211 1178 2241 vox
1196 2206 1258 2241 est
1274 2197 1446 2243 deside-

63 2269 179 2312 rium
208 2267 428 2312 orationis.
454 2269 617 2311 Verum
640 2266 684 2310 in
712 2281 762 2310 eo
785 2266 904 2326 quod
930 2267 1009 2321 ait,
1039 2286 1058 2309 ‹<
1082 2267 1268 2320 Quando
1290 2285 1446 2315 conso-

70 2358 88 2381 »
122 2338 279 2382 laberis
290 2353 381 2391 me,
411 2357 429 2379 »
455 2345 664 2397 tanquam
686 2352 827 2381 moras
840 2352 883 2380 se
904 2337 1071 2396 perpeti
1092 2337 1291 2382 ostendit.
1320 2341 1445 2385 Unde

65 2418 129 2454 est
154 2409 285 2454 etiam
316 2407 426 2452 illud
450 2427 458 2452 :
488 2427 505 2448 «
542 2411 599 2453 Et
620 2417 690 2463 tu,
730 2411 935 2464 Domine,
963 2411 1247 2470 quousqueG‘?
1272 2428 1291 2451 »
1317 2410 1446 2464 Quod

114 2512 125 2529 ¹
142 2513 161 2537 2
179 2505 259 2537 Tim.
280 2515 328 2545 w,
348 2503 379 2536 8.
400 2520 442 2526 —
463 2510 476 2526 ²
495 2503 615 2537 Coloss.
642 2515 689 2542 111,
709 2502 739 2545 4
761 2520 802 2526 -
822 2501 835 2526 3
854 2505 946 2536 Rom.
966 2514 1035 2546 vm,
1051 2504 1104 2537 25.
1127 2521 1167 2527 --
1187 2503 1203 2528 4
1224 2507 1323 2538 Graec.
1346 2506 1444 2539 ἐπῆ.-

70 2578 153 2598 κισσι.
175 2581 216 2588 —-
239 2562 255 2587 5
269 2563 349 2597 Psal.
368 2574 479 2604 cxvm,
497 2566 551 2597 82.
573 2579 613 2587 ——
631 2561 647 2586 6
668 2563 714 2595 Id.
737 2574 779 2604 vi,
803 2562 834 2605 4.
