1848 3261
450 218 692 250 ENARRATIO
723 221 768 249 m
799 217 1003 248 PsALMUM
1033 222 1117 248 ext.
1397 211 1480 250 323

103 286 362 350 possidetur.
379 289 507 333 Hunc
521 304 691 333 versum
707 287 977 349 parturiebat
992 286 1065 331 ille
1079 288 1289 347 superior,
1304 306 1325 331 «
1340 286 1487 334 Gloria

105 377 127 402 »
161 367 204 403 et
220 357 381 402 divitiae
402 357 447 401 in
463 357 595 403 domo
612 361 718 419 ejus.
747 376 768 399 »

161 431 215 474 V.
241 429 327 483 Qui
348 430 442 473 haec
468 429 615 489 itaque
641 428 771 484 facit,
800 447 820 470 «
845 428 1052 488 Disponet
1080 443 1298 473 sermones
1317 444 1416 474 suos
1437 431 1484 475 in

105 517 126 541 »
155 499 322 559 judicio
340 501 370 544 ¹.
399 518 420 541 »
441 502 573 544 Facta
593 500 685 559 ipsa
706 514 922 543 sermones
944 508 1067 552 sunt,
1090 499 1248 559 quibus
1266 500 1485 560 injudicio

102 568 364 614 defendetur
390 589 398 616 ε
424 570 544 630 quod
566 571 605 613 ei
637 585 727 614 non
755 569 835 614 erit
866 570 957 614 sine
979 570 1267 615 misericordia
1284 606 1296 626 ‚
1320 571 1423 631 quia
1445 582 1484 615 et

101 642 194 702 ipse
209 642 314 686 fecit
331 641 681 686 misericordiam.
702 661 719 683 «
740 642 956 696 Quoniam
968 643 1014 687 in
1035 652 1247 688 aeternum
1258 660 1344 689 non
1362 660 1484 689 com-

106 731 128 755 »
163 713 437 757 movebitur²
458 732 467 758 ε
485 731 506 754 »
520 713 596 773 qui
609 712 664 757 ad
685 712 905 758 dexteram
926 724 1171 773 segregatus
1189 715 1350 772 audiet,
1371 736 1391 759 «
1407 721 1489 763 Ve-

107 800 131 826 »
164 783 270 839 nite,
290 783 509 828 benedicti
525 784 661 828 Patris
673 784 773 839 mei,
790 784 997 844 percipite
1019 801 1202 844 regnum
1224 788 1343 847 quod
1365 791 1489 835 vobis

108 874 128 897 »
163 864 359 914 paratum
390 864 454 899 est
476 855 531 898 ab
550 855 728 913 §origine
749 856 941 899 mundiss.
973 874 992 897 »
1022 858 1175 917 Neque
1203 859 1316 902 enim
1348 860 1491 922 aliqua

104 925 193 970 illic
204 941 373 981 eorum,
399 926 479 970 nisi
506 939 637 986 opera
656 926 960 972 misericordiae
978 940 1387 975 commemorantur.
1401 936 1493 977 Au-

105 997 196 1041 diet
215 1011 332 1054 ergo,
351 1015 372 1038 «
388 996 565 1051 Venite,
588 997 806 1041 benedicti
828 998 963 1042 Patris
976 999 1059 1041 mei
1076 1019 1087 1056 3
1105 999 1243 1059 »quia
1266 1019 1285 1042 «
1301 1003 1491 1048 Genera-

110 1086 129 1109 »
164 1068 226 1111 tio
240 1075 456 1111 rectorum
472 1067 770 1122 benedicetur,
791 1088 806 1109 »
827 1068 895 1113 Sic
912 1087 932 1110 «
949 1071 1001 1112 In
1015 1070 1223 1114 memoria
1234 1080 1395 1116 aeterna
1413 1075 1495 1119 erit

109 1156 131 1181 »
159 1139 302 1198 justus
325 1157 333 1183 :
360 1147 403 1181 et
423 1138 478 1182 ab
501 1137 655 1181 auditu
679 1138 794 1182 malo
831 1154 921 1182 non
944 1140 1144 1184 timebit⁴
1171 1159 1182 1186 t
1219 1160 1239 1183 »
1265 1145 1387 1202 quod
1408 1144 1493 1190 dici

107 1208 255 1254 audiet
283 1209 332 1252 iis
358 1208 434 1268 qui
462 1224 487 1252 a
517 1208 675 1252 sinitris
711 1217 866 1263 erunt,
895 1228 914 1251 «
951 1213 1015 1253 Ite
1027 1210 1072 1253 in
1093 1211 1239 1270 ignem
1262 1222 1491 1274 aeternum,

110 1282 153 1339 »ᾗ
166 1280 242 1340 qui
263 1288 529 1338 praeparatus
557 1288 621 1323 est
647 1278 822 1324 diabolo
850 1289 894 1324 et
909 1280 1071 1339 angelis
1094 1283 1184 1342 ejus
1198 1285 1229 1327 ⁵.
1265 1304 1284 1326 »

169 1353 245 1396 VI.
261 1353 414 1411 Itaque
425 1351 501 1411 qui
513 1351 583 1395 hic
595 1366 684 1394 non
697 1366 773 1395 sua
787 1352 966 1411 quaerit,
982 1351 1056 1396 sed
1070 1370 1168 1412 quae
1183 1356 1207 1398 J
1211 1370 1285 1399 esu
1297 1357 1492 1417 Christi63

110 1422 280 1467 labores
303 1421 610 1481 patientissime
630 1421 827 1476 sustinet,
846 1422 1054 1481 promissa
1076 1423 1262 1469 fidenter
1281 1438 1493 1487 expectat,

116 1512 137 1536 α
171 1496 375 1536 Paratum
398 1500 462 1535 est
488 1507 562 1535 cor
584 1492 674 1551 ejus
697 1507 868 1551 sperare
889 1492 934 1536 in
958 1494 1158 1538 Domino.
1182 1514 1202 1536 »
1228 1498 1379 1556 Neque
1400 1499 1499 1544 ullis

112 1563 426 1609 tentationibus
452 1562 678 1620 frangitur.
710 1581 730 1604 «
760 1564 1077 1608 Confirmatum
1101 1573 1165 1609 est
1186 1582 1260 1611 cor
1281 1568 1388 1627 ejus,
1409 1586 1499 1616 non

118 1656 137 1678 »
172 1634 540 1687 commovebitur,
570 1632 710 1677 donec
738 1632 883 1678 videat
917 1649 1046 1694 super
1081 1636 1276 1682 inimicos
1303 1643 1445 1685 suos7.
1475 1660 1495 1684 »

112 1705 276 1750 inimici
297 1706 389 1765 ejus
415 1703 487 1748 hic
503 1702 649 1748 videre
666 1704 782 1748 bona
799 1704 1033 1749 voluerunt
1052 1741 1063 1761 ‚
1084 1716 1128 1750 et
1148 1723 1250 1752 cum
1271 1709 1330 1754 eis
1352 1711 1500 1757 invisi-

114 1776 218 1821 bilia
250 1775 609 1835 promitterentur
623 1810 633 1829 ,
670 1773 876 1819 dicebant
905 1790 914 1816 τ
948 1794 967 1817 «
1006 1776 1112 1829 Quis
1141 1779 1338 1824 ostendet
1374 1783 1500 1828 nobis

117 1865 138 1889 »
172 1847 354 1891 bonass?
378 1864 398 1887 »
429 1845 724 1890 Confirmetur
750 1860 852 1904 ergo
890 1861 964 1889 cor
999 1856 1224 1904 nostrum,
1267 1865 1348 1895 nec
1381 1868 1502 1897 com-

107 1932 396 1973 moveamur&
419 1914 560 1960 donec
585 1915 809 1960 videamus
842 1931 972 1975 super
992 1916 1189 1963 inimicos
1217 1930 1400 1966 nostros.
1430 1924 1500 1968 Illi

116 1988 233 2032 enim
254 1986 410 2032 volunt
436 1984 583 2031 videre
600 1985 716 2029 bona
743 1986 972 2030 hominum
993 1987 1038 2031 in
1065 1997 1179 2033 terra
1202 1991 1498 2049 morientium,

116 2073 195 2102 nos
211 2055 427 2101 credimus
448 2074 468 2097 «
493 2054 652 2099 Videre
673 2054 789 2099 bona
811 2056 979 2100 Domini
994 2057 1040 2101 in
1054 2066 1167 2103 terra
1183 2060 1425 2107 viventium
1438 2066 1500 2108 9.»

176 2130 276 2188 VII.
306 2127 391 2171 Sed
411 2140 618 2184 magnum
633 2135 712 2180 est,
730 2127 1034 2172 confirmatum
1053 2129 1213 2174 habere
1234 2147 1309 2176 cor
1323 2168 1333 2188 ‚
1355 2143 1398 2179 et
1414 2151 1504 2181 non

118 2197 383 2245 commoveri
405 2232 416 2252 ,
437 2212 539 2241 cum
564 2195 627 2240 illi
647 2196 838 2256 gaudent
860 2199 936 2258 qui
954 2210 1102 2245 amant
1122 2202 1243 2262 quod
1265 2203 1437 2262 vident,
1459 2217 1505 2253 et

118 2271 331 2316 insultant
352 2269 391 2313 ei
413 2268 488 2328 qui
510 2267 628 2328 quod
647 2284 736 2312 non
757 2268 876 2313 videt
897 2280 1061 2329 sperat,
1080 2274 1174 2316 «Et
1196 2290 1285 2319 non
1306 2292 1504 2323 commo-

126 2362 145 2384 »
177 2341 373 2395 vebitur,
408 2339 547 2384 donec
582 2338 727 2384 videat
750 2357 770 2381 »
805 2348 848 2383 et
885 2340 997 2401 ipse,
1035 2358 1125 2388 non
1153 2344 1355 2391 deorsum
1386 2350 1504 2409 quod

170 2462 179 2478 ¹
201 2453 361 2494 Psal.cx1‚
387 2452 416 2484 5.
443 2470 485 2475 —
510 2459 522 2475 ²
547 2451 627 2484 lbid.
648 2452 681 2483 6.
704 2469 746 2474 —
776 2449 788 2473 3
807 2452 919 2484 Matth.
945 2465 1019 2495 xxv,
1044 2454 1096 2496 34,
1122 2473 1163 2479 ——
1184 2455 1197 2486 4
1220 2458 1299 2490 Psai.
1319 2471 1380 2501 cm,
1400 2472 1431 2503 7,
1464 2480 1505 2487 .-

124 2509 139 2534 5
156 2507 494 2550 Mattl1.xxv‚41.—
516 2505 531 2529 6
552 2507 666 2549 Philip.
694 2517 728 2548 n,
748 2515 801 2539 21.
826 2524 863 2530 -—
883 2514 896 2540 7
915 2508 1128 2552 Psal.ex1‚7‚
1147 2512 1177 2543 8.
1199 2529 1241 2535 -—-
1259 2512 1399 2557 81d.1v‚
1414 2517 1447 2549 6,
1465 2534 1505 2542 .-

125 2573 140 2599 9
154 2566 201 2599 Id.
221 2577 308 2606 xxvi,
331 2563 380 2596 13.

1245 2624 1316 2664 21.
