1848 3261
421 249 661 278 ENAunATIO
694 251 739 277 IN
770 248 974 277 PsALMUM
1006 251 1078 274 cn.
1383 237 1436 274 67

64 326 206 362 certus
229 325 372 371 curat,
398 324 442 359 et
458 315 601 373 gratis.
628 319 758 359 Ferto
780 329 882 372 ergo
902 328 1055 356 manus
1077 314 1169 372 ejus
1185 346 1196 367 ‚
1223 328 1248 356 o
1270 312 1412 356 anima
1426 347 1438 368 ,

65 403 164 448 quae
187 386 404 431 benedicis
435 401 557 441 eum,
588 402 679 430 non
708 383 964 429 obliviscens
986 384 1292 428 retributiones
1320 384 1442 443 ejus:

69 477 90 501 «
127 460 257 503 Sanat
278 457 394 501 enim
417 472 564 501 omnes
577 455 804 514 languores
826 464 938 499 tuos.
966 472 987 495 ³>

124 530 202 572 VI.
226 546 247 569 «
271 527 354 581 Qui
381 526 553 571 redimit
574 526 628 570 de
659 526 937 585 corruptione
959 525 1092 569 vitam
1130 533 1265 568 tuam.
1293 541 1314 565 »
1340 523 1448 567 Inde

65 608 188 643 sanat
209 614 358 643 omnes
381 598 610 656 languores
627 607 745 653 tuos,
771 597 874 658 quia
900 596 1074 640 redimit
1094 595 1148 639 de
1170 595 1448 654 corruptione

67 669 200 714 vitam
217 679 354 713 tuam.
389 689 410 712 «
434 673 548 714 Ecce
575 685 731 728 corpus
753 667 874 729 quod
895 667 1188 727 corrumpitur
1208 702 1218 722 ‚
1246 674 1449 725 aggravat

69 758 90 782 »
127 740 355 784 animam¹.
383 758 404 781 »
430 741 574 784 Vitam
606 755 709 799 ergo
739 739 873 783 habet
903 739 1046 783 anima
1078 753 1172 782 mea
1194 738 1238 780 in
1270 752 1450 795 corpore

65 810 354 870 corruptibili.
375 810 558 864 Qualem
580 811 744 855 vitam?
765 812 906 854 Onera
929 810 1113 870 patitur,
1141 809 1332 869 pondera
1355 824 1448 852 sus-

67 882 191 926 tinet.
218 881 288 925 Ad
308 881 450 940 ipsum
474 884 611 925 Deum
629 880 933 940 cogitandum,
967 881 1077 925 sicut
1100 879 1280 938 dignum
1313 888 1375 922 est
1394 879 1449 922 ab

66 951 244 996 homine
267 952 443 1009 cogitari
461 955 599 995 Deum
617 986 628 1007 ‚
653 961 816 1011 quanta
840 950 1110 1010 impediunt,
1146 949 1283 994 veluti
1315 950 1451 992 inter-

66 1021 274 1082 pellantia
309 1022 363 1065 de
395 1022 647 1066 necessitate
681 1022 969 1081 corruptionis
1009 1022 1243 1065 humanae?
1278 1023 1449 1072 Quanta

71 1094 302 1137 revocant?
323 1102 484 1151 quanta
501 1108 524 1135 a
537 1093 711 1136 sublimi
725 1093 967 1136 intentione
987 1092 1277 1152 detorquent?
1293 1100 1458 1151 quauta

71 1161 377 1221 interpellant?
389 1178 486 1222 quae
502 1164 625 1205 turba
644 1163 993 1221 phantasmatum
1004 1164 1022 1206 P
1033 1163 1108 1222 qui
1122 1162 1273 1222 populi
1287 1177 1461 1220 sugges-

70 1234 266 1278 tionum?
278 1236 434 1278 Totum
447 1233 581 1277 hocin
593 1234 723 1277 corde
734 1234 943 1288 humano,
960 1244 1166 1295 tanquam
1179 1233 1232 1278 de
1240 1234 1461 1278 vermibus

70 1304 361 1363 corruptionis
376 1304 507 1364 hujus
522 1312 671 1348 scatet.
686 1304 1050 1363 Exaggeravimus
1065 1305 1286 1360 morbum,
1310 1303 1457 1348 laude-

71 1391 168 1419 mus
195 1384 238 1419 et
264 1374 499 1418 medicum.
536 1377 635 1420 Non
671 1390 774 1434 ergo
803 1385 845 1419 te
866 1377 1060 1429 sanabit,
1087 1377 1163 1436 qui
1195 1376 1298 1420 fecit
1327 1375 1460 1420 talem

73 1444 212 1506 qualis
228 1461 318 1489 non
340 1454 591 1503 aegrotares,
618 1445 652 1488 si
672 1444 812 1502 legem
833 1446 1024 1490 sanitatis
1049 1455 1269 1505 acceptam
1292 1460 1460 1491 servare

74 1516 305 1561 voluisses?
325 1519 480 1561 Nonne
520 1516 599 1559 tibi
621 1525 664 1560 et
686 1516 897 1576 disposuit
919 1526 962 1561 et
982 1517 1203 1561 mandavit
1227 1516 1335 1577 quid
1364 1527 1460 1561 tan-

78 1602 219 1646 geres,
242 1585 349 1647 quid
371 1602 461 1631 non
484 1596 703 1645 tangeres,
730 1588 785 1631 ad
812 1586 1084 1631 retinendam
1111 1587 1352 1632 salutem2?
1377 1590 1466 1633 No-

75 1657 192 1703 luisti
208 1659 357 1702 audire
365 1659 420 1702 ad
432 1657 720 1713 retinendam,
733 1658 834 1702 audi
847 1658 901 1703 ad
915 1658 1220 1718 recipiendam.
1233 1663 1463 1718 Languore

77 1738 156 1773 tuo
178 1737 380 1788 expertus
399 1744 464 1784 es,
485 1744 616 1788 quam
637 1728 738 1772 vera
752 1728 825 1772 ille
837 1729 1046 1789 jussisset.
1068 1732 1165 1773 Jam
1183 1728 1362 1773 tandem
1382 1729 1462 1773 ali-

78 1799 256 1860 quando
284 1801 416 1844 homo
450 1799 572 1860 quod
602 1816 692 1844 non
719 1801 861 1844 tenuit
881 1801 1099 1855 monitus,
1134 1800 1281 1844 audiat
1301 1800 1371 1845 vel
1393 1817 1468 1844 ex—

77 1880 241 1929 pertus.
267 1873 376 1924 Quae
398 1870 558 1914 duritia
571 1879 634 1914 est
649 1905 660 1919 ,
680 1886 813 1930 quam
831 1886 910 1915 nec
929 1872 1174 1930 experentia
1189 1872 1345 1916 docet?
1367 1875 1464 1917 Non

79 1957 182 2000 ergo
213 1951 256 1984 te
291 1940 480 1995 sanabit,
517 1941 592 2000 qui
625 1940 755 1985 talem
794 1939 955 1985 fecerat
986 1951 1036 1985 ut
1070 1957 1297 2002 nunquam
1329 1958 1470 1999 aegrou·

78 2020 213 2065 tares,
238 2011 272 2054 si
294 2012 383 2070 ejus
405 2019 622 2069 praecepta
643 2026 811 2054 servare
831 2010 1062 2054 voluisses?
1083 2014 1181 2056 Non
1202 2020 1245 2055 te
1268 2012 1462 2067 sanabit,

78 2082 156 2141 qui
178 2080 283 2126 fecit
303 2079 513 2139 AngeIOS,
537 2089 580 2124 et
600 2089 643 2124 te
661 2078 873 2124 refectum
895 2090 1147 2141 aequaturus
1169 2091 1233 2127 est
1256 2083 1462 2141 Angelis?

78 2154 176 2197 Non
193 2151 362 2195 sanabit
383 2149 547 2194 factum
570 2150 625 2194 ad
639 2151 871 2209 imaginem
893 2167 1015 2195 suam
1032 2187 1042 2207 ‚
1067 2153 1143 2212 qui
1170 2152 1274 2197 fecit
1301 2153 1464 2197 coelum

79 2231 123 2266 et
144 2223 328 2266 terram?
353 2220 531 2266 Sanabit
553 2230 595 2265 te
609 2257 620 2276 ‚
646 2237 754 2281 opus
773 2231 836 2266 est
853 2231 902 2266 ut
917 2223 1058 2266 sanari
1078 2222 1197 2267 velis.
1223 2226 1353 2268 Sanat
1369 2240 1464 2268 om—

80 2293 184 2336 nino
205 2291 278 2335 ille
306 2291 548 2352 quemlibet
573 2291 851 2350 languidum,
889 2293 966 2337 sed
987 2309 1077 2338 non
1107 2303 1229 2338 sanat
1256 2295 1458 2339 invitum.

81 2362 196 2416 Quid
216 2371 359 2405 autern
392 2370 435 2405 te
456 2362 624 2406 beatius
640 2398 650 2417 ‚
685 2378 817 2423 quam
839 2373 888 2407 ut
909 2373 1114 2424 tanquam
1140 2365 1185 2408 in
1207 2381 1339 2410 manu
1361 2376 1434 2411 tua
1448 2402 1459 2422 ‚

80 2433 141 2478 sic
168 2426 327 2476 habeas
349 2432 395 2475 in
415 2430 640 2476 voluntate
667 2433 893 2477 sanitatem
919 2437 1066 2479 tuam?
1092 2436 1134 2480 Si
1157 2435 1288 2479 velles
1306 2452 1393 2480 esse
1415 2437 1462 2481 in

80 2503 226 2564 aliquo
242 2501 416 2547 sublimi
436 2503 600 2547 honore
623 2504 670 2547 in
690 2504 772 2548 hac
800 2513 939 2563 terra3
964 2506 1196 2562 ducatum,
1216 2522 1457 2566 proconsu-

130 2593 141 2611 ¹
161 2589 240 2629 Sap.
255 2597 302 2628 ιι,
326 2585 378 2619 15.
396 2603 437 2610 -
456 2592 470 2610 ²
492 2588 572 2619 Gen.
591 2596 628 2628 u,
647 2586 701 2628 16,
730 2597 780 2628 ¹7·

1212 2644 1252 2683 5.
