1848 3261
396 217 482 260 446
834 229 869 260 s.
903 229 1134 260 Auensnm
1165 230 1348 259 131215001’1

392 305 524 357 pectu
569 311 754 356 regnum
794 297 1146 343 confundebatur
1190 311 1284 340 eam
1322 295 1462 356 loqui.
1517 296 1781 342 Testimonia

392 367 578 427 quippe,
594 367 640 411 in
663 368 823 428 quibus
840 368 945 413 dicit
961 368 1081 429 quod
1094 367 1358 428 loquebatur
1374 401 1386 421 ‚
1411 382 1549 425 graece
1567 368 1780 425 martyria

389 450 729 498 nuncupantur3
760 456 848 500 quo
873 440 1008 484 verbo
1038 442 1129 501 jam
1159 439 1324 483 utimur
1355 453 1434 497 pro
1460 437 1612 483 latino.
1652 437 1778 482 Unde

391 508 556 553 dictum
580 519 643 554 est
663 510 791 554 etiam
816 510 1079 555 vocabulum
1096 513 1340 567 Martyrum
1357 543 1368 563 ,
1395 508 1556 568 quibus
1579 507 1781 567 praedssxit

383 581 508 625 Jesus
523 616 534 635 ‚
556 579 678 640 quod
696 589 739 624 et
768 590 867 625 ante
882 596 1002 640 reges
1030 598 1130 626 eum
1147 581 1324 626 fuerant
1345 578 1585 623 confessuri
1603 579 1634 623 ¹.

343 702 355 707 μ
463 652 540 695 IV.
580 666 600 693 ι(
626 654 682 695 Et
703 651 972 708 meditabar,
1002 652 1173 713 inquit,
1200 652 1247 696 in
1276 650 1492 695 mandatis
1527 649 1640 703 tuis,
1675 664 1778 709 quae

389 737 411 762 ³>
446 720 592 765 dilexi.
616 725 673 766 Et
693 721 832 768 levavi
863 739 1016 768 manus
1032 739 1147 768 meas
1177 722 1233 767 ad
1255 721 1459 766 mandata
1480 724 1555 764 tua
1577 732 1676 780 quae
1703 719 1777 764 ‹li-

388 806 412 832 »
445 790 612 836 lex12.»
637 793 733 838 Sive
762 794 884 855 quod
907 795 1109 840 nonnulli
1133 793 1304 840 codices
1328 792 1497 837 habent
1518 790 1564 833 in
1589 798 1778 850 unoque

384 875 528 918 versu,
548 863 717 908 «Dilexi
739 865 880 922 valde,
900 887 918 908 »
937 876 1012 911 aut
1033 866 1206 921 «nimis,
1225 884 1246 907 »
1267 873 1344 909 aut
1365 884 1385 907 «
1403 862 1726 919 Vehementer3
1754 878 1776 903 »

385 932 496 977 sicut
519 934 794 994 interpretari
815 936 995 996 placuit,
1022 936 1143 998 quod
1166 951 1304 996 graece
1327 934 1489 979 dieitur
1503 939 1639 985 σφ’ωἳροι.
1657 935 1781 977 Man-

387 1001 487 1047 data
503 1019 605 1063 ergo
626 1007 699 1050 Dei
722 1006 887 1063 dilexit,
905 1024 980 1068 per
1000 1009 1083 1053 hoc
1101 1023 1178 1068 per
1192 1007 1314 1067 quod
1334 1003 1590 1049 ambulabat
1610 1004 1655 1047 in
1677 1002 1780 1046 lati-

385 1073 566 1131 tudine3
591 1091 668 1134 per
689 1078 895 1136 Spiritum
919 1079 1081 1123 seilicet,
1103 1087 1301 1123 sanctum
1317 1112 1328 1132 ,
1348 1091 1426 1135 per
1448 1091 1579 1135 quern
1604 1073 1780 1118 dilectio

383 1144 474 1202 ipsa
498 1145 778 1203 diffunditur,
796 1160 834 1192 et
858 1149 1010 1193 dilatat
1027 1149 1158 1195 corda
1180 1148 1376 1192 fidelium
1395 1148 1426 1190 ³.
1453 1145 1610 1189 Dilexit
1631 1154 1779 1189 autem

383 1223 427 1257 et
449 1216 682 1274 cogitando
704 1227 747 1262 et
764 1219 1000 1278 operando.
1020 1223 1128 1264 Nam
1143 1219 1263 1279 quod
1282 1218 1337 1261 ad
1358 1216 1667 1274 cogitationem
1685 1230 1781 1274 per-

382 1285 493 1328 tinet
511 1321 522 1339 ,
548 1287 608 1330 ait
631 1305 640 1332 :
665 1306 684 1329 «
709 1290 766 1332 Et
788 1289 1026 1333 meditabar
1048 1290 1092 1333 in
1115 1287 1330 1333 mandatis
1359 1287 1445 1330 tuis
1470 1305 1479 1330 z
1507 1304 1527 1326 »
1555 1285 1675 1345 qnod
1698 1301 1778 1329 au-

383 1363 472 1398 tem
495 1355 550 1400 ad
573 1359 866 1416 operationem
884 1394 894 1414 ‚
915 1362 1004 1403 «Et
1021 1359 1161 1403 levavi
1180 1373 1333 1401 manus
1356 1371 1472 1399 meas
1496 1356 1551 1398 ad
1572 1354 1779 1399 mandata

385 1442 406 1466 ³)
443 1434 562 1469 tua.»
590 1428 773 1488 Utrique
796 1438 942 1473 autem
965 1430 1190 1473 sententiae
1215 1425 1398 1480 addidit,
1415 1428 1554 1478 «Quae
1574 1424 1729 1468 dilexi:
1752 1441 1774 1465 »

383 1495 505 1539 Finis
521 1497 637 1540 enim
659 1499 868 1558 praecepti
890 1508 953 1542 est
968 1499 1153 1543 charitas
1175 1498 1230 1541 de
1253 1496 1383 1541 eorde
1407 1495 1560 1554 puro4.
1589 1494 1777 1547 Quando

381 1565 463 1608 isto
485 1567 571 1608 fine
589 1601 600 1619 ‚
626 1566 672 1608 id
699 1578 784 1621 est,
809 1570 941 1626 hujus
966 1569 1027 1610 rei
1050 1567 1419 1626 eonteinplatione
1446 1566 1496 1608 fit
1518 1564 1777 1608 mandatum

381 1635 485 1689 Dei,
511 1645 618 1679 tune
641 1637 690 1680 fit
711 1651 811 1679 vere
832 1652 941 1695 opus
964 1637 1129 1680 bonum
1153 1658 1164 1694 3
1190 1647 1233 1681 et
1250 1647 1356 1680 tune
1378 1635 1581 1679 levantur
1602 1649 1772 1690 manus,

381 1705 485 1764 quia
514 1721 752 1764 supernum
781 1716 844 1750 est
866 1722 953 1766 quo
985 1706 1199 1750 levantur.
1227 1710 1460 1764 Propterea
1483 1705 1538 1748 de
1559 1704 1651 1763 ipsa
1671 1705 1776 1748 eha-

380 1775 506 1818 ritate
538 1775 766 1820 loeuturus
794 1776 1028 1835 Apostolus
1049 1777 1109 1819 ait
1134 1795 1143 1820 :
1173 1795 1194 1818 «
1227 1775 1631 1834 Supereminentem
1655 1774 1773 1818 viam

384 1862 406 1886 »
440 1845 563 1889 vobis
586 1845 864 1890 demonstro5
888 1865 898 1890 :
918 1864 938 1887 n
962 1855 1006 1890 et
1027 1844 1111 1889 alio
1128 1845 1242 1900 loco,
1263 1847 1581 1903 «Cognoscere,
1607 1843 1769 1903 inquit,

383 1934 404 1957 ³)
440 1917 569 1959 etiam
592 1916 986 1975 supereminentem
1017 1916 1206 1959 scientiae
1235 1914 1490 1959 charitatem
1513 1913 1718 1958 Christifi.
1746 1930 1767 1955 »

379 1989 490 2032 Nam
513 1988 545 2030 si
567 1987 622 2030 de
645 2002 773 2046 opere
792 1985 1100 2030 mandatorum
1133 1986 1211 2029 Dei
1232 2000 1395 2028 merces
1419 1993 1602 2027 terrenae
1630 1981 1772 2026 felici-

380 2057 480 2100 tatis
503 2057 731 2116 expetitur,
748 2056 1029 2115 deponuntur
1052 2071 1205 2099 manus
1226 2054 1371 2114 potius
1393 2068 1523 2113 quam
1544 2052 1768 2111 levantur3

380 2129 481 2187 quia
504 2137 673 2171 terrena
698 2127 991 2171 emolumenta
1014 2143 1113 2187 quae
1131 2141 1220 2173 non
1241 2139 1411 2168 sursum
1426 2159 1436 2178 ‚
1468 2122 1544 2167 sed
1566 2122 1770 2166 deorsum

380 2208 497 2253 sunt,
515 2198 591 2243 illo
609 2214 738 2258 opere
761 2196 1133 2258 requiruntur.Ad
1150 2205 1388 2253 utrumque
1411 2201 1556 2237 autem
1579 2192 1769 2251 pertinet

379 2268 501 2329 quod
522 2269 717 2329 sequitur
738 2288 747 2313 ε
777 2288 796 2310 «
822 2272 878 2312 Et
902 2268 1128 2312 exercebar
1144 2267 1188 2310 in
1204 2263 1590 2326 justificationibus
1612 2262 1712 2306 tuis.
1743 2280 1763 2304 »

379 2338 508 2393 Quod
529 2339 673 2399 plures
690 2340 943 2398 interpretes
966 2338 1110 2382 dicere
1131 2335 1382 2381 maluerunt
1404 2354 1412 2379 :
1438 2349 1570 2394 quam
1584 2352 1603 2375 «
1623 2336 1767 2376 Laeta-

380 2428 401 2451 ³)
438 2410 532 2465 bar⁷
555 2429 575 2451 »
602 2419 678 2454 aut
699 2429 719 2452 «
745 2410 1012 2464 Garriebam,
1035 2426 1054 2450 »
1079 2406 1201 2468 quod
1221 2405 1355 2466 aliqui
1377 2403 1647 2464 interpretati
1663 2412 1766 2447 sunt

427 2511 436 2526 ¹
455 2505 570 2536 Matth.
591 2515 624 2545 x,
643 2505 694 2536 18.
715 2521 756 2526 —
774 2510 786 2526 ²
809 2503 885 2534 Psal.
902 2514 1007 2542 cxvm,
1028 2501 1082 2544 47,
1096 2500 1150 2542 48.
1166 2517 1208 2523 —-
1228 2498 1241 2522 3
1262 2503 1353 2533 Rom.
1373 2510 1406 2541 v,
1421 2498 1453 2530 5.
1472 2514 1514 2521 —
1528 2496 1545 2527 4
1567 2508 1579 2529 1
1593 2497 1672 2529 Tim.
1687 2507 1710 2537 1,
1726 2494 1760 2528 5.

377 2576 420 2583 ·-·
442 2559 456 2583 5
477 2569 496 2592 2
519 2562 671 2602 Cei-„xm
690 2560 744 2592 31.
762 2556 831 2582 —5
851 2558 967 2601 Ephe&
987 2570 1033 2598 111,
1060 2568 1110 2599 19.
