1848 3261
398 202 481 240 338
811 209 846 239 s.
881 209 1112 240 niensium
1145 212 1326 240 Emscom

392 278 463 322 hic
476 276 644 321 dictum
657 285 736 332 est,
747 295 767 319 «
782 278 902 322 Mare
912 277 1037 334 vidit,
1050 286 1092 322 et
1108 276 1236 336 fugit.
1246 294 1266 319 »
1283 278 1327 323 Si
1338 277 1454 322 enim
1467 279 1538 323 hic
1552 293 1633 339 per
1644 280 1777 325 verba

392 346 600 407 praeteriti
620 346 847 406 temporis,
883 347 993 391 sicut
1016 356 1101 402 est,
1125 346 1259 402 vidit,
1285 356 1329 392 et
1351 345 1463 406 fugit
1478 383 1490 403 ,
1516 349 1685 393 occulte
1710 348 1778 394 fu-

391 427 490 463 tura
533 417 825 478 praedicantur
858 436 868 462 :
912 417 1137 462 Videbunt
1177 425 1293 461 certe
1334 427 1378 462 et
1418 418 1746 463 confundentur
1761 454 1773 475 ‚

387 488 566 550 quando
588 488 726 533 futuri
747 488 955 547 temporis
980 489 1113 533 verba
1135 497 1236 532 sunt
1250 522 1262 543 ‚
1284 489 1380 547 quis
1403 489 1561 534 audeat
1578 490 1632 534 de
1646 490 1776 535 rebus

386 560 615 620 praeteritis
637 559 860 618 cogitare?
891 561 947 603 Et
971 558 1104 618 paulo
1125 568 1223 619 post
1239 593 1250 614 ‚
1275 558 1389 618 ipsos
1409 560 1552 605 hostes
1574 569 1744 605 nostros
1760 594 1772 616 ‚

384 631 460 690 qui
480 645 558 674 nos
575 628 790 688 fugientes
809 638 858 673 ut
878 629 1178 673 interimerent
1193 629 1488 689 sequebantur
1499 665 1510 685 ,
1530 630 1577 675 id
1593 640 1678 685 est,
1695 630 1775 675 de-

385 699 486 744 licta
508 709 655 744 nostra
670 734 682 756 ,
708 700 818 744 sicut
840 700 1069 759 AEgyptios
1085 700 1132 744 in
1160 700 1268 743 mari
1291 700 1491 756 obrutos⁷
1515 701 1575 746 ita
1605 701 1652 745 in
1673 701 1776 761 bap-

377 769 507 814 tismo
537 769 733 815 demersa
755 779 799 814 et
828 770 1022 814 extincta
1043 769 1142 814 luce
1167 769 1321 814 clarius
1349 770 1521 815 intimat
1542 805 1553 826 ‚
1588 771 1737 816 dicens
1761 787 1770 813 :

383 859 405 883 «
439 841 658 894 Quoniam
678 840 950 887 voluntarius
980 850 1023 885 et
1054 841 1293 885 misericors
1315 849 1409 896 est,
1434 841 1525 901 ipse
1550 851 1774 887 convertet

381 929 403 953 »
439 920 483 956 et
513 911 790 956 miserebitur
820 912 990 966 nostri,
1028 910 1250 969 demerget
1284 910 1442 955 delicta
1476 921 1623 956 nostra
1648 947 1660 968 ‚
1691 913 1772 956 de-

380 999 401 1023 »
436 991 603 1041 merget
622 982 669 1025 in
691 982 819 1026 maris
843 981 1115 1041 profundum
1139 996 1288 1026 omnes
1311 980 1460 1040 culpas
1482 990 1662 1026 nostras.
1689 999 1709 1023 ›>

433 1055 486 1096 V.
514 1052 630 1106 Quid
652 1061 730 1107 est,
757 1052 1026 1096 charissimi?
1053 1052 1137 1105 Qui
1168 1067 1245 1095 vos
1269 1052 1527 1109 cognoscitis
1558 1051 1771 1097 Israelitas

373 1121 616 1166 secundum
637 1137 785 1166 semen
801 1122 990 1166 Abrahae
1009 1155 1019 1175 ‚
1047 1121 1124 1180 qui
1145 1120 1245 1164 estis
1275 1120 1431 1164 domus
1458 1122 1594 1166 Jacob
1614 1137 1770 1166 secun-

373 1191 480 1235 dum
497 1192 826 1252 promissionem
848 1191 1067 1246 haeredes,
1101 1191 1349 1249 cognoscite
1371 1192 1501 1235 etiam
1522 1208 1598 1237 vos
1623 1192 1771 1236 exiisse

372 1262 425 1305 ab
441 1264 651 1322 AEgypto‚
663 1262 740 1322 qui
756 1262 858 1305 huic
871 1260 1034 1305 saeculo
1051 1260 1330 1304 renuntiastis
1346 1261 1518 1319 3exiisse
1532 1261 1586 1305 de
1605 1260 1770 1321 populo

372 1333 584 1389 barbaro,
607 1333 684 1393 qui
711 1331 984 1377 confessione
1010 1332 1182 1390 pietatis
1204 1346 1280 1375 vos
1310 1347 1335 1374 a
1366 1330 1642 1390 blasphemiis
1663 1347 1770 1390 gen-

368 1403 480 1447 tium
496 1403 753 1463 sejunxistis.
774 1405 873 1448 Non
893 1411 957 1446 est
979 1401 1096 1445 enim
1114 1401 1264 1459 lingua
1284 1410 1448 1457 vestra,
1472 1401 1547 1446 sed
1564 1402 1764 1459 barbara,

368 1489 467 1533 quae
500 1477 640 1518 Deum
667 1472 848 1516 laudare
873 1487 966 1516 non
988 1471 1125 1525 novit,
1157 1472 1232 1515 cui
1252 1487 1327 1516 vos
1348 1473 1531 1517 cantatis
1552 1472 1761 1528 Alleluia,

368 1543 484 1589 sacta
516 1552 580 1588 est
613 1543 730 1587 enim
762 1541 920 1586 Judaea
951 1541 1234 1586 sanctificatio
1264 1543 1357 1602 ejus
1394 1543 1441 1586 in
1461 1543 1600 1588 vobis.
1630 1546 1767 1589 «Non

369 1632 390 1657 »
425 1614 543 1659 enirn¹
562 1614 638 1674 qui
659 1615 705 1658 in
729 1612 961 1658 manifesto
981 1615 1005 1656 J
1011 1611 1161 1656 udaeus
1185 1622 1250 1657 est
1270 1647 1280 1668 ‚
1313 1629 1457 1673 neque
1477 1630 1576 1674 quae
1600 1614 1645 1658 in
1668 1629 1764 1659 ma-

368 1703 388 1727 »
423 1685 581 1729 nifesto
602 1686 649 1728 in
670 1699 799 1728 carne
821 1692 885 1727 est
908 1682 1180 1727 circumcisio
1199 1701 1207 1727 :
1230 1682 1306 1726 sed
1321 1684 1396 1742 qui
1413 1683 1459 1727 in
1483 1683 1656 1729 occulto
1680 1687 1705 1728 J
1710 1701 1764 1729 u-

366 1774 387 1798 »
422 1754 543 1799 daeus
569 1764 633 1799 est
648 1790 659 1810 ‚
684 1763 728 1798 et
749 1753 1078 1798 circumcisione
1099 1751 1240 1796 cordis
1262 1754 1292 1795 ¹.
1323 1770 1342 1793 »
1372 1756 1642 1811 Interrogate
1661 1769 1763 1812 ergo

363 1825 494 1871 corda
510 1835 651 1870 vestra
668 1841 677 1866 :
696 1825 730 1868 si
746 1840 795 1868 ea
812 1822 1083 1868 circumcidit
1101 1822 1226 1877 fides,
1247 1822 1282 1866 si
1304 1824 1506 1882 purgavit
1530 1823 1758 1881 confessio,

364 1896 411 1940 in
432 1896 554 1942 vobis
582 1895 696 1940 facta
714 1904 777 1939 est
799 1893 952 1938 Judaea
971 1892 1256 1937 sanctificatio
1281 1893 1387 1952 ejus,
1413 1893 1459 1936 in
1489 1894 1609 1938 vobis
1630 1895 1761 1940 Israel

363 1977 551 2027 potestas
566 1968 672 2026 ejus.
691 1965 819 2009 Dedit
841 1965 956 2007 enim
979 1963 1102 2008 vobis
1126 1971 1387 2022 potestatem
1401 1962 1511 2008 filios
1527 1967 1604 2008 Dei
1620 1965 1757 2010 fieri2.

420 2042 496 2083 V[.
535 2041 736 2082 Jamvero
776 2035 1027 2079 recordetur
1061 2034 1366 2093 unusquisque
1401 2044 1598 2078 vestrum
1612 2071 1623 2090 ,
1659 2051 1759 2081 cum

361 2114 451 2155 Deo
472 2109 604 2154 vellet
625 2123 699 2152 cor
722 2106 938 2166 applicare
955 2140 966 2160 ,
1000 2106 1179 2164 ejusque
1203 2104 1323 2147 suavi
1341 2105 1452 2164 jugo
1471 2139 1482 2160 ‚
1509 2105 1714 2149 recedens
1734 2122 1758 2151 a

361 2180 548 2242 pristinis
565 2177 819 2237 ignorantiae
839 2192 927 2220 suae
946 2175 1172 2219 desideriis
1185 2209 1196 2229 ‚
1213 2174 1423 2217 devotum
1441 2175 1635 2219 animum
1652 2176 1758 2220 sub-

360 2252 483 2307 dere,
509 2249 842 2308 carnalibusque
872 2247 1004 2306 hujus
1032 2243 1187 2288 mundi
1215 2242 1359 2299 factis,
1392 2245 1463 2302 (in
1484 2247 1643 2305 quibus
1665 2247 1756 2290 sine

358 2322 507 2367 fructu
537 2319 790 2372 laborabat,
826 2326 986 2376 tanqua
1001 2330 1043 2357 m
1064 2314 1110 2357 in
1146 2316 1339 2371 AEgypto
1360 2313 1516 2358 lateres
1538 2315 1619 2359 sub
1644 2315 1754 2360 dura

360 2391 656 2436 dominatione
674 2385 1059 2442 diaboli'faceret)‚
1081 2383 1227 2427 audita
1243 2399 1348 2427 voce
1362 2385 1536 2428 Domini
1552 2385 1750 2440 dicentis,

368 2481 388 2503 «
422 2462 576 2506 Venite
608 2459 663 2504 ad
703 2474 772 2503 me
794 2471 943 2502 omnes
967 2454 1043 2515 qui
1064 2453 1268 2498 laboratis
1297 2463 1340 2498 et
1369 2456 1535 2500 onerati
1562 2457 1685 2512 estiS‚
1709 2464 1753 2501 et

415 2553 422 2568 ¹
448 2546 546 2578 Rom.
570 2555 605 2583 ιι,
624 2543 678 2585 28,
698 2551 753 2585 29.
778 2558 817 2564 —
839 2547 851 2563 ²
874 2542 1008 2579 Joan.1,
1028 2546 1077 2570 12.
