<?xml version="1.0" encoding="UTF-8"?>
<!DOCTYPE html PUBLIC "-//W3C//DTD XHTML 1.0 Transitional//EN"
    "http://www.w3.org/TR/xhtml1/DTD/xhtml1-transitional.dtd">
<html xmlns="http://www.w3.org/1999/xhtml" xml:lang="en" lang="en">
 <head>
  <title>
</title>
<meta http-equiv="Content-Type" content="text/html;charset=utf-8" />
  <meta name='ocr-system' content='tesseract 3.04.00' />
  <meta name='ocr-capabilities' content='ocr_page ocr_carea ocr_par ocr_line ocrx_word'/>
</head>
<body>
  <div class='ocr_page' id='page_1' title='image "./operaomniaaccura11auguuoft_0044.png"; bbox 0 0 1848 3261; ppageno 0'>
   <div class='ocr_carea' id='block_1_1' title="bbox 401 196 1403 236">
    <p class='ocr_par' dir='ltr' id='par_1_1' title="bbox 401 196 1403 236">
     <span class='ocr_line' id='line_1_1' title="bbox 401 196 1403 236; baseline -0.008 0"><span class='ocrx_word' id='word_1_1' title='bbox 401 196 456 236; x_wconf 86' lang='lat'><strong>34</strong></span> <span class='ocrx_word' id='word_1_2' title='bbox 750 216 753 219; x_wconf 95' lang='lat'><em>-</em></span> <span class='ocrx_word' id='word_1_3' title='bbox 833 202 867 231; x_wconf 86' lang='lat' dir='ltr'><strong>s.</strong></span> <span class='ocrx_word' id='word_1_4' title='bbox 903 203 1133 230; x_wconf 73' lang='lat' dir='ltr'><strong>Aueus&#39;ruu</strong></span> <span class='ocrx_word' id='word_1_5' title='bbox 1163 202 1346 229; x_wconf 77' lang='lat' dir='ltr'>EPISCOPI</span> <span class='ocrx_word' id='word_1_6' title='bbox 1400 224 1403 229; x_wconf 75' lang='grc'><strong><em>,</em></strong></span> 
     </span>
    </p>
   </div>
   <div class='ocr_carea' id='block_1_2' title="bbox 381 265 1825 2530">
    <p class='ocr_par' dir='ltr' id='par_1_2' title="bbox 389 265 1825 1179">
     <span class='ocr_line' id='line_1_2' title="bbox 396 265 1774 328; baseline -0.001 -13"><span class='ocrx_word' id='word_1_7' title='bbox 396 291 418 314; x_wconf 69' lang='lat'><strong>&gt;1</strong></span> <span class='ocrx_word' id='word_1_8' title='bbox 451 270 692 315; x_wconf 86' lang='lat' dir='ltr'><strong>laudabant</strong></span> <span class='ocrx_word' id='word_1_9' title='bbox 704 284 774 314; x_wconf 90' lang='lat' dir='ltr'><strong>me</strong></span> <span class='ocrx_word' id='word_1_10' title='bbox 787 304 798 325; x_wconf 92' lang='lat'>‚</span> <span class='ocrx_word' id='word_1_11' title='bbox 813 269 1015 314; x_wconf 88' lang='lat' dir='ltr'><strong>adversus</strong></span> <span class='ocrx_word' id='word_1_12' title='bbox 1030 266 1099 312; x_wconf 86' lang='lat' dir='ltr'><strong>me</strong></span> <span class='ocrx_word' id='word_1_13' title='bbox 1107 267 1358 328; x_wconf 83' lang='lat' dir='ltr'><strong>jurabant1.</strong></span> <span class='ocrx_word' id='word_1_14' title='bbox 1374 284 1394 310; x_wconf 86' lang='lat'>»</span> <span class='ocrx_word' id='word_1_15' title='bbox 1415 267 1501 312; x_wconf 88' lang='lat' dir='ltr'><strong>Ore</strong></span> <span class='ocrx_word' id='word_1_16' title='bbox 1517 265 1774 324; x_wconf 85' lang='lat' dir='ltr'><strong>laudabant,</strong></span> 
     </span>
     <span class='ocr_line' id='line_1_3' title="bbox 394 337 1780 400; baseline -0.003 -13"><span class='ocrx_word' id='word_1_17' title='bbox 394 342 524 388; x_wconf 88' lang='lat' dir='ltr'><strong>eorde</strong></span> <span class='ocrx_word' id='word_1_18' title='bbox 545 341 718 385; x_wconf 85' lang='lat' dir='ltr'>insidias</span> <span class='ocrx_word' id='word_1_19' title='bbox 736 340 1052 400; x_wconf 80' lang='lat' dir='ltr'><strong>praeparabant.</strong></span> <span class='ocrx_word' id='word_1_20' title='bbox 1080 337 1193 382; x_wconf 78' lang='lat' dir='ltr'><strong>Audi</strong></span> <span class='ocrx_word' id='word_1_21' title='bbox 1209 337 1384 382; x_wconf 87' lang='lat' dir='ltr'><strong>laudem</strong></span> <span class='ocrx_word' id='word_1_22' title='bbox 1406 338 1613 397; x_wconf 88' lang='lat' dir='ltr'><strong>ipsorum.</strong></span> <span class='ocrx_word' id='word_1_23' title='bbox 1643 358 1664 382; x_wconf 91' lang='lat'>«</span> <span class='ocrx_word' id='word_1_24' title='bbox 1682 341 1780 383; x_wconf 89' lang='lat' dir='ltr'><strong>Ma-</strong></span> 
     </span>
     <span class='ocr_line' id='line_1_4' title="bbox 396 409 1825 473; baseline -0.001 -18"><span class='ocrx_word' id='word_1_25' title='bbox 396 431 416 455; x_wconf 89' lang='lat'>»</span> <span class='ocrx_word' id='word_1_26' title='bbox 453 414 597 473; x_wconf 80' lang='lat' dir='ltr'><strong>gister,</strong></span> <span class='ocrx_word' id='word_1_27' title='bbox 618 412 775 456; x_wconf 87' lang='lat' dir='ltr'><strong>scimus</strong></span> <span class='ocrx_word' id='word_1_28' title='bbox 801 411 902 471; x_wconf 88' lang='lat' dir='ltr'><strong>quia</strong></span> <span class='ocrx_word' id='word_1_29' title='bbox 925 410 1040 454; x_wconf 86' lang='lat' dir='ltr'><strong>viam</strong></span> <span class='ocrx_word' id='word_1_30' title='bbox 1066 409 1144 453; x_wconf 91' lang='lat' dir='ltr'><strong>Dei</strong></span> <span class='ocrx_word' id='word_1_31' title='bbox 1163 410 1209 452; x_wconf 90' lang='lat' dir='ltr'><strong>in</strong></span> <span class='ocrx_word' id='word_1_32' title='bbox 1231 410 1411 454; x_wconf 87' lang='lat' dir='ltr'><strong>veritate</strong></span> <span class='ocrx_word' id='word_1_33' title='bbox 1433 409 1562 454; x_wconf 87' lang='lat' dir='ltr'><strong>doces</strong></span> <span class='ocrx_word' id='word_1_34' title='bbox 1578 445 1590 465; x_wconf 82' lang='lat'>‚</span> <span class='ocrx_word' id='word_1_35' title='bbox 1615 420 1659 455; x_wconf 90' lang='lat' dir='ltr'><strong>et</strong></span> <span class='ocrx_word' id='word_1_36' title='bbox 1685 417 1778 469; x_wconf 48' lang='lat' dir='ltr'><strong>perA</strong></span> <span class='ocrx_word' id='word_1_37' title='bbox 1823 445 1825 447; x_wconf 80' lang='lat'>.</span> 
     </span>
     <span class='ocr_line' id='line_1_5' title="bbox 397 479 1774 540; baseline 0 -15"><span class='ocrx_word' id='word_1_38' title='bbox 397 502 417 525; x_wconf 91' lang='lat'>»</span> <span class='ocrx_word' id='word_1_39' title='bbox 452 498 601 528; x_wconf 88' lang='lat' dir='ltr'><strong>sonam</strong></span> <span class='ocrx_word' id='word_1_40' title='bbox 616 499 705 527; x_wconf 91' lang='lat' dir='ltr'><strong>non</strong></span> <span class='ocrx_word' id='word_1_41' title='bbox 715 498 775 526; x_wconf 73' lang='lat' dir='ltr'><strong>ae</strong></span> <span class='ocrx_word' id='word_1_42' title='bbox 792 481 870 540; x_wconf 83' lang='lat' dir='ltr'><strong>ipis</strong></span> <span class='ocrx_word' id='word_1_43' title='bbox 889 499 898 525; x_wconf 74' lang='grc' dir='ltr'>ε</span> <span class='ocrx_word' id='word_1_44' title='bbox 914 479 1014 524; x_wconf 89' lang='lat' dir='ltr'><strong>licet</strong></span> <span class='ocrx_word' id='word_1_45' title='bbox 1030 479 1243 524; x_wconf 88' lang='lat' dir='ltr'><strong>tributum</strong></span> <span class='ocrx_word' id='word_1_46' title='bbox 1259 479 1362 524; x_wconf 83' lang='lat' dir='ltr'><strong>dare</strong></span> <span class='ocrx_word' id='word_1_47' title='bbox 1376 480 1533 524; x_wconf 85' lang='lat' dir='ltr'><strong>Caesari</strong></span> <span class='ocrx_word' id='word_1_48' title='bbox 1546 482 1614 522; x_wconf 62' lang='lat'><strong>25²»</strong></span> <span class='ocrx_word' id='word_1_49' title='bbox 1631 485 1774 533; x_wconf 85' lang='lat' dir='ltr'><strong>Quem</strong></span> 
     </span>
     <span class='ocr_line' id='line_1_6' title="bbox 391 551 1768 614; baseline -0.002 -15"><span class='ocrx_word' id='word_1_50' title='bbox 391 554 558 610; x_wconf 83' lang='lat' dir='ltr'><strong>laudas,</strong></span> <span class='ocrx_word' id='word_1_51' title='bbox 584 553 849 614; x_wconf 81' lang='lat' dir='ltr'>supplantas.</span> <span class='ocrx_word' id='word_1_52' title='bbox 871 556 1028 606; x_wconf 81' lang='lat' dir='ltr'>Quare,</span> <span class='ocrx_word' id='word_1_53' title='bbox 1053 551 1133 595; x_wconf 90' lang='lat' dir='ltr'><strong>nisi</strong></span> <span class='ocrx_word' id='word_1_54' title='bbox 1151 552 1252 611; x_wconf 89' lang='lat' dir='ltr'><strong>quia</strong></span> <span class='ocrx_word' id='word_1_55' title='bbox 1278 570 1299 593; x_wconf 88' lang='lat'>«</span> <span class='ocrx_word' id='word_1_56' title='bbox 1318 551 1404 604; x_wconf 87' lang='lat' dir='ltr'><strong>Qui</strong></span> <span class='ocrx_word' id='word_1_57' title='bbox 1424 551 1666 596; x_wconf 88' lang='lat' dir='ltr'><strong>laudabant</strong></span> <span class='ocrx_word' id='word_1_58' title='bbox 1683 567 1768 607; x_wconf 89' lang='lat' dir='ltr'><strong>me,</strong></span> 
     </span>
     <span class='ocr_line' id='line_1_7' title="bbox 396 620 1774 683; baseline 0.001 -18"><span class='ocrx_word' id='word_1_59' title='bbox 396 644 416 666; x_wconf 94' lang='lat'>»</span> <span class='ocrx_word' id='word_1_60' title='bbox 452 625 653 669; x_wconf 86' lang='lat' dir='ltr'><strong>adversus</strong></span> <span class='ocrx_word' id='word_1_61' title='bbox 681 638 750 667; x_wconf 88' lang='lat' dir='ltr'><strong>me</strong></span> <span class='ocrx_word' id='word_1_62' title='bbox 768 622 1003 683; x_wconf 81' lang='lat' dir='ltr'><strong>jurabant?</strong></span> <span class='ocrx_word' id='word_1_63' title='bbox 1023 642 1039 663; x_wconf 90' lang='lat'>»</span> <span class='ocrx_word' id='word_1_64' title='bbox 1065 620 1187 666; x_wconf 92' lang='lat' dir='ltr'><strong>Unde</strong></span> <span class='ocrx_word' id='word_1_65' title='bbox 1207 630 1350 665; x_wconf 87' lang='lat' dir='ltr'><strong>autem</strong></span> <span class='ocrx_word' id='word_1_66' title='bbox 1367 622 1451 666; x_wconf 92' lang='lat' dir='ltr'><strong>hoc</strong></span> <span class='ocrx_word' id='word_1_67' title='bbox 1471 622 1774 681; x_wconf 78' lang='lat' dir='ltr'><strong>opprobrium,</strong></span> 
     </span>
     <span class='ocr_line' id='line_1_8' title="bbox 392 688 1777 755; baseline -0.001 -16"><span class='ocrx_word' id='word_1_68' title='bbox 392 688 471 739; x_wconf 93' lang='lat' dir='ltr'><strong>nisi</strong></span> <span class='ocrx_word' id='word_1_69' title='bbox 493 696 595 755; x_wconf 85' lang='lat' dir='ltr'><strong>quia</strong></span> <span class='ocrx_word' id='word_1_70' title='bbox 613 694 712 738; x_wconf 89' lang='lat' dir='ltr'><strong>veni</strong></span> <span class='ocrx_word' id='word_1_71' title='bbox 736 692 875 736; x_wconf 84' lang='lat' dir='ltr'><strong>facere</strong></span> <span class='ocrx_word' id='word_1_72' title='bbox 902 692 1095 736; x_wconf 84' lang='lat' dir='ltr'><strong>membra</strong></span> <span class='ocrx_word' id='word_1_73' title='bbox 1119 706 1214 735; x_wconf 88' lang='lat' dir='ltr'><strong>mea</strong></span> <span class='ocrx_word' id='word_1_74' title='bbox 1237 701 1497 751; x_wconf 79' lang='lat' dir='ltr'><strong>peccatores,</strong></span> <span class='ocrx_word' id='word_1_75' title='bbox 1531 701 1582 736; x_wconf 89' lang='lat' dir='ltr'><strong>ut</strong></span> <span class='ocrx_word' id='word_1_76' title='bbox 1608 691 1777 750; x_wconf 86' lang='lat' dir='ltr'><strong>agendo</strong></span> 
     </span>
     <span class='ocr_line' id='line_1_9' title="bbox 391 762 1774 825; baseline -0.002 -15"><span class='ocrx_word' id='word_1_77' title='bbox 391 765 692 825; x_wconf 87' lang='lat' dir='ltr'><strong>poenitentiam</strong></span> <span class='ocrx_word' id='word_1_78' title='bbox 709 762 852 806; x_wconf 87' lang='lat' dir='ltr'><strong>sintin</strong></span> <span class='ocrx_word' id='word_1_79' title='bbox 864 777 1044 822; x_wconf 88' lang='lat' dir='ltr'><strong>corpore</strong></span> <span class='ocrx_word' id='word_1_80' title='bbox 1058 763 1180 805; x_wconf 81' lang='lat' dir='ltr'><strong>meo?</strong></span> <span class='ocrx_word' id='word_1_81' title='bbox 1196 762 1304 806; x_wconf 90' lang='lat' dir='ltr'><strong>Inde</strong></span> <span class='ocrx_word' id='word_1_82' title='bbox 1317 771 1456 806; x_wconf 89' lang='lat' dir='ltr'><strong>totum</strong></span> <span class='ocrx_word' id='word_1_83' title='bbox 1471 763 1774 823; x_wconf 84' lang='lat' dir='ltr'><strong>opprobrium,</strong></span> 
     </span>
     <span class='ocr_line' id='line_1_10' title="bbox 392 832 1776 895; baseline -0.001 -16"><span class='ocrx_word' id='word_1_84' title='bbox 392 835 493 879; x_wconf 87' lang='lat' dir='ltr'><strong>inde</strong></span> <span class='ocrx_word' id='word_1_85' title='bbox 515 834 759 895; x_wconf 87' lang='lat' dir='ltr'><strong>persecutio</strong></span> <span class='ocrx_word' id='word_1_86' title='bbox 777 853 786 878; x_wconf 71' lang='grc' dir='ltr'>ε</span> <span class='ocrx_word' id='word_1_87' title='bbox 815 851 836 874; x_wconf 88' lang='lat'>«</span> <span class='ocrx_word' id='word_1_88' title='bbox 855 836 998 886; x_wconf 85' lang='lat' dir='ltr'><strong>Quare</strong></span> <span class='ocrx_word' id='word_1_89' title='bbox 1028 832 1230 890; x_wconf 84' lang='lat' dir='ltr'><strong>magister</strong></span> <span class='ocrx_word' id='word_1_90' title='bbox 1250 842 1391 877; x_wconf 81' lang='lat' dir='ltr'><strong>vester</strong></span> <span class='ocrx_word' id='word_1_91' title='bbox 1411 849 1512 878; x_wconf 91' lang='lat' dir='ltr'><strong>cum</strong></span> <span class='ocrx_word' id='word_1_92' title='bbox 1536 834 1776 893; x_wconf 85' lang='lat' dir='ltr'><strong>peccatori-</strong></span> 
     </span>
     <span class='ocr_line' id='line_1_11' title="bbox 396 901 1776 965; baseline 0.001 -18"><span class='ocrx_word' id='word_1_93' title='bbox 396 925 414 947; x_wconf 99' lang='lat'>»</span> <span class='ocrx_word' id='word_1_94' title='bbox 451 907 532 950; x_wconf 90' lang='lat' dir='ltr'><strong>bus</strong></span> <span class='ocrx_word' id='word_1_95' title='bbox 555 915 597 949; x_wconf 86' lang='lat' dir='ltr'><strong>et</strong></span> <span class='ocrx_word' id='word_1_96' title='bbox 619 903 862 965; x_wconf 87' lang='lat' dir='ltr'><strong>public-anis</strong></span> <span class='ocrx_word' id='word_1_97' title='bbox 880 901 1139 951; x_wconf 77' lang='lat' dir='ltr'><strong>manducat?</strong></span> <span class='ocrx_word' id='word_1_98' title='bbox 1160 906 1258 949; x_wconf 91' lang='lat' dir='ltr'><strong>Non</strong></span> <span class='ocrx_word' id='word_1_99' title='bbox 1279 914 1343 948; x_wconf 86' lang='lat' dir='ltr'><strong>est</strong></span> <span class='ocrx_word' id='word_1_100' title='bbox 1364 920 1473 964; x_wconf 91' lang='lat' dir='ltr'><strong>opus</strong></span> <span class='ocrx_word' id='word_1_101' title='bbox 1499 904 1611 949; x_wconf 88' lang='lat' dir='ltr'><strong>sanis</strong></span> <span class='ocrx_word' id='word_1_102' title='bbox 1633 904 1776 949; x_wconf 89' lang='lat' dir='ltr'><strong>medi-</strong></span> 
     </span>
     <span class='ocr_line' id='line_1_12' title="bbox 394 974 1775 1035; baseline 0.001 -17"><span class='ocrx_word' id='word_1_103' title='bbox 394 996 413 1019; x_wconf 88' lang='lat'>»</span> <span class='ocrx_word' id='word_1_104' title='bbox 449 993 540 1032; x_wconf 78' lang='lat' dir='ltr'><strong>cus,</strong></span> <span class='ocrx_word' id='word_1_105' title='bbox 565 976 639 1020; x_wconf 87' lang='lat' dir='ltr'><strong>sed</strong></span> <span class='ocrx_word' id='word_1_106' title='bbox 656 974 1014 1035; x_wconf 74' lang='lat' dir='ltr'><strong>aegrotanti&#39;bus3.</strong></span> <span class='ocrx_word' id='word_1_107' title='bbox 1045 993 1065 1015; x_wconf 67' lang='lat'><strong>³&gt;</strong></span> <span class='ocrx_word' id='word_1_108' title='bbox 1101 975 1276 1020; x_wconf 83' lang='lat' dir='ltr'><strong>Utinam</strong></span> <span class='ocrx_word' id='word_1_109' title='bbox 1296 991 1375 1020; x_wconf 89' lang='lat' dir='ltr'><strong>vos</strong></span> <span class='ocrx_word' id='word_1_110' title='bbox 1395 985 1604 1034; x_wconf 81' lang='lat' dir='ltr'><strong>aegrotare</strong></span> <span class='ocrx_word' id='word_1_111' title='bbox 1625 991 1775 1021; x_wconf 88' lang='lat' dir='ltr'><strong>nosse-</strong></span> 
     </span>
     <span class='ocr_line' id='line_1_13' title="bbox 392 1045 1777 1107; baseline -0.001 -14"><span class='ocrx_word' id='word_1_112' title='bbox 392 1049 461 1104; x_wconf 67' lang='lat' dir='ltr'><strong>iis,</strong></span> <span class='ocrx_word' id='word_1_113' title='bbox 475 1055 483 1068; x_wconf 56' lang='lat'><em>³</em></span> <span class='ocrx_word' id='word_1_114' title='bbox 497 1057 548 1093; x_wconf 88' lang='lat' dir='ltr'><strong>ut</strong></span> <span class='ocrx_word' id='word_1_115' title='bbox 588 1047 809 1092; x_wconf 89' lang='lat' dir='ltr'><strong>medicum</strong></span> <span class='ocrx_word' id='word_1_116' title='bbox 850 1045 1102 1106; x_wconf 57' lang='lat' dir='ltr'><strong>quaereretis</strong></span> <span class='ocrx_word' id='word_1_117' title='bbox 1120 1067 1130 1103; x_wconf 77' lang='lat'>3</span> <span class='ocrx_word' id='word_1_118' title='bbox 1171 1061 1260 1090; x_wconf 92' lang='lat' dir='ltr'><strong>non</strong></span> <span class='ocrx_word' id='word_1_119' title='bbox 1299 1046 1574 1103; x_wconf 81' lang='lat' dir='ltr'><strong>occideretis,</strong></span> <span class='ocrx_word' id='word_1_120' title='bbox 1620 1056 1664 1092; x_wconf 90' lang='lat' dir='ltr'><strong>et</strong></span> <span class='ocrx_word' id='word_1_121' title='bbox 1699 1063 1777 1107; x_wconf 81' lang='lat' dir='ltr'><strong>per</strong></span> 
     </span>
     <span class='ocr_line' id='line_1_14' title="bbox 389 1116 1469 1179; baseline -0.001 -16"><span class='ocrx_word' id='word_1_122' title='bbox 389 1119 620 1179; x_wconf 78' lang='lat' dir='ltr'><strong>superbam</strong></span> <span class='ocrx_word' id='word_1_123' title='bbox 641 1118 905 1162; x_wconf 85' lang='lat' dir='ltr'><strong>dementiam</strong></span> <span class='ocrx_word' id='word_1_124' title='bbox 928 1116 1034 1161; x_wconf 85' lang='lat' dir='ltr'><strong>falsa</strong></span> <span class='ocrx_word' id='word_1_125' title='bbox 1058 1116 1239 1161; x_wconf 80' lang='lat' dir='ltr'><strong>sanitate</strong></span> <span class='ocrx_word' id='word_1_126' title='bbox 1260 1117 1469 1176; x_wconf 87' lang='lat' dir='ltr'><strong>periretis.</strong></span> 
     </span>
    </p>

    <p class='ocr_par' dir='ltr' id='par_1_3' title="bbox 381 1187 1777 2453">
     <span class='ocr_line' id='line_1_15' title="bbox 446 1187 1777 1247; baseline 0 -14"><span class='ocrx_word' id='word_1_127' title='bbox 446 1193 501 1233; x_wconf 85' lang='lat' dir='ltr'><strong>X.</strong></span> <span class='ocrx_word' id='word_1_128' title='bbox 518 1189 626 1234; x_wconf 78' lang='lat' dir='ltr'><strong>Mihi</strong></span> <span class='ocrx_word' id='word_1_129' title='bbox 646 1198 791 1233; x_wconf 82' lang='lat' dir='ltr'><strong>autem</strong></span> <span class='ocrx_word' id='word_1_130' title='bbox 806 1187 924 1231; x_wconf 91' lang='lat' dir='ltr'><strong>unde</strong></span> <span class='ocrx_word' id='word_1_131' title='bbox 949 1197 1036 1232; x_wconf 85' lang='lat' dir='ltr'><strong>tota</strong></span> <span class='ocrx_word' id='word_1_132' title='bbox 1058 1188 1129 1232; x_wconf 89' lang='lat' dir='ltr'><strong>die</strong></span> <span class='ocrx_word' id='word_1_133' title='bbox 1149 1188 1470 1247; x_wconf 82' lang='lat' dir='ltr'><strong>exprobrabant</strong></span> <span class='ocrx_word' id='word_1_134' title='bbox 1488 1188 1652 1233; x_wconf 89' lang='lat' dir='ltr'><strong>inimici</strong></span> <span class='ocrx_word' id='word_1_135' title='bbox 1664 1188 1777 1233; x_wconf 79' lang='lat' dir='ltr'><strong>mei?</strong></span> 
     </span>
     <span class='ocr_line' id='line_1_16' title="bbox 391 1258 1776 1321; baseline -0.004 -16"><span class='ocrx_word' id='word_1_136' title='bbox 391 1260 514 1305; x_wconf 85' lang='lat' dir='ltr'><strong>Uude</strong></span> <span class='ocrx_word' id='word_1_137' title='bbox 536 1260 611 1321; x_wconf 87' lang='lat' dir='ltr'><strong>qui</strong></span> <span class='ocrx_word' id='word_1_138' title='bbox 634 1259 874 1303; x_wconf 79' lang='lat' dir='ltr'><strong>laudabant</strong></span> <span class='ocrx_word' id='word_1_139' title='bbox 896 1273 964 1301; x_wconf 89' lang='lat' dir='ltr'><strong>me</strong></span> <span class='ocrx_word' id='word_1_140' title='bbox 980 1293 991 1314; x_wconf 79' lang='lat'>‚</span> <span class='ocrx_word' id='word_1_141' title='bbox 1023 1258 1227 1302; x_wconf 80' lang='lat' dir='ltr'><strong>adversus</strong></span> <span class='ocrx_word' id='word_1_142' title='bbox 1248 1274 1318 1302; x_wconf 90' lang='lat' dir='ltr'><strong>me</strong></span> <span class='ocrx_word' id='word_1_143' title='bbox 1341 1259 1580 1319; x_wconf 79' lang='lat' dir='ltr'><strong>jurabant?</strong></span> <span class='ocrx_word' id='word_1_144' title='bbox 1606 1278 1626 1302; x_wconf 94' lang='lat'>«</span> <span class='ocrx_word' id='word_1_145' title='bbox 1656 1262 1776 1313; x_wconf 73' lang='lat' dir='ltr'><strong>Quo-</strong></span> 
     </span>
     <span class='ocr_line' id='line_1_17' title="bbox 391 1328 1776 1390; baseline 0.002 -18"><span class='ocrx_word' id='word_1_146' title='bbox 391 1351 408 1372; x_wconf 89' lang='lat'>»</span> <span class='ocrx_word' id='word_1_147' title='bbox 446 1331 561 1375; x_wconf 83' lang='lat' dir='ltr'><strong>niam</strong></span> <span class='ocrx_word' id='word_1_148' title='bbox 582 1331 769 1374; x_wconf 86' lang='lat' dir='ltr'><strong>cinerem</strong></span> <span class='ocrx_word' id='word_1_149' title='bbox 787 1329 898 1372; x_wconf 85' lang='lat' dir='ltr'><strong>sicut</strong></span> <span class='ocrx_word' id='word_1_150' title='bbox 912 1343 1069 1388; x_wconf 87' lang='lat' dir='ltr'><strong>panem</strong></span> <span class='ocrx_word' id='word_1_151' title='bbox 1082 1328 1342 1373; x_wconf 85' lang='lat' dir='ltr'><strong>manducavi</strong></span> <span class='ocrx_word' id='word_1_152' title='bbox 1359 1365 1369 1385; x_wconf 86' lang='lat'>‚</span> <span class='ocrx_word' id='word_1_153' title='bbox 1399 1339 1442 1374; x_wconf 91' lang='lat' dir='ltr'><strong>et</strong></span> <span class='ocrx_word' id='word_1_154' title='bbox 1456 1339 1608 1390; x_wconf 90' lang='lat' dir='ltr'><strong>potum</strong></span> <span class='ocrx_word' id='word_1_155' title='bbox 1628 1345 1776 1376; x_wconf 84' lang='lat' dir='ltr'><strong>meum</strong></span> 
     </span>
     <span class='ocr_line' id='line_1_18' title="bbox 387 1401 1774 1460; baseline 0 -13"><span class='ocrx_word' id='word_1_156' title='bbox 387 1421 408 1444; x_wconf 64' lang='lat'><strong>³&gt;</strong></span> <span class='ocrx_word' id='word_1_157' title='bbox 443 1419 544 1447; x_wconf 87' lang='lat' dir='ltr'><strong>cum</strong></span> <span class='ocrx_word' id='word_1_158' title='bbox 568 1403 674 1446; x_wconf 80' lang='lat' dir='ltr'><strong>fletu</strong></span> <span class='ocrx_word' id='word_1_159' title='bbox 708 1401 1010 1445; x_wconf 76' lang='lat' dir='ltr'><strong>misecebam4.</strong></span> <span class='ocrx_word' id='word_1_160' title='bbox 1040 1419 1060 1442; x_wconf 86' lang='lat'>»</span> <span class='ocrx_word' id='word_1_161' title='bbox 1095 1402 1206 1455; x_wconf 85' lang='lat' dir='ltr'><strong>Quia</strong></span> <span class='ocrx_word' id='word_1_162' title='bbox 1235 1401 1329 1445; x_wconf 83' lang='lat' dir='ltr'><strong>haec</strong></span> <span class='ocrx_word' id='word_1_163' title='bbox 1362 1416 1520 1460; x_wconf 82' lang='lat' dir='ltr'><strong>genera</strong></span> <span class='ocrx_word' id='word_1_164' title='bbox 1542 1403 1774 1447; x_wconf 84' lang='lat' dir='ltr'><strong>hominum</strong></span> 
     </span>
     <span class='ocr_line' id='line_1_19' title="bbox 386 1471 1774 1528; baseline 0 -10"><span class='ocrx_word' id='word_1_165' title='bbox 386 1475 546 1518; x_wconf 81' lang='lat' dir='ltr'><strong>habere</strong></span> <span class='ocrx_word' id='word_1_166' title='bbox 569 1473 612 1516; x_wconf 90' lang='lat' dir='ltr'><strong>in</strong></span> <span class='ocrx_word' id='word_1_167' title='bbox 635 1472 720 1516; x_wconf 86' lang='lat' dir='ltr'><strong>suis</strong></span> <span class='ocrx_word' id='word_1_168' title='bbox 738 1471 942 1515; x_wconf 82' lang='lat' dir='ltr'><strong>membris</strong></span> <span class='ocrx_word' id='word_1_169' title='bbox 959 1471 1150 1516; x_wconf 82' lang='lat' dir='ltr'><strong>sananda</strong></span> <span class='ocrx_word' id='word_1_170' title='bbox 1173 1471 1312 1516; x_wconf 81' lang='lat' dir='ltr'><strong>voluit</strong></span> <span class='ocrx_word' id='word_1_171' title='bbox 1330 1481 1373 1516; x_wconf 91' lang='lat' dir='ltr'><strong>et</strong></span> <span class='ocrx_word' id='word_1_172' title='bbox 1393 1472 1618 1517; x_wconf 87' lang='lat' dir='ltr'><strong>liberanda</strong></span> <span class='ocrx_word' id='word_1_173' title='bbox 1634 1508 1645 1528; x_wconf 84' lang='lat'>‚</span> <span class='ocrx_word' id='word_1_174' title='bbox 1670 1473 1774 1519; x_wconf 83' lang='lat' dir='ltr'><strong>inde</strong></span> 
     </span>
     <span class='ocr_line' id='line_1_20' title="bbox 387 1542 1774 1606; baseline 0 -16"><span class='ocrx_word' id='word_1_175' title='bbox 387 1545 685 1605; x_wconf 79' lang='lat' dir='ltr'><strong>opprobrium.</strong></span> <span class='ocrx_word' id='word_1_176' title='bbox 718 1542 946 1603; x_wconf 80' lang='lat' dir='ltr'><strong>Hodieque</strong></span> <span class='ocrx_word' id='word_1_177' title='bbox 976 1547 1249 1603; x_wconf 77' lang='lat' dir='ltr'><strong>Paganorum</strong></span> <span class='ocrx_word' id='word_1_178' title='bbox 1271 1544 1557 1603; x_wconf 88' lang='lat' dir='ltr'><strong>opprobrium</strong></span> <span class='ocrx_word' id='word_1_179' title='bbox 1579 1544 1708 1606; x_wconf 82' lang='lat' dir='ltr'><strong>quale</strong></span> <span class='ocrx_word' id='word_1_180' title='bbox 1728 1545 1774 1590; x_wconf 89' lang='lat' dir='ltr'><strong>in</strong></span> 
     </span>
     <span class='ocr_line' id='line_1_21' title="bbox 386 1612 1774 1675; baseline 0 -15"><span class='ocrx_word' id='word_1_181' title='bbox 386 1632 464 1660; x_wconf 87' lang='lat' dir='ltr'><strong>nos</strong></span> <span class='ocrx_word' id='word_1_182' title='bbox 483 1619 571 1660; x_wconf 74' lang='lat' dir='ltr'><strong>est?</strong></span> <span class='ocrx_word' id='word_1_183' title='bbox 593 1614 708 1669; x_wconf 86' lang='lat' dir='ltr'><strong>Quid</strong></span> <span class='ocrx_word' id='word_1_184' title='bbox 730 1614 907 1675; x_wconf 59' lang='lat' dir='ltr'><strong>putam,</strong></span> <span class='ocrx_word' id='word_1_185' title='bbox 933 1612 1106 1668; x_wconf 73' lang='lat' dir='ltr'><strong>fratres,</strong></span> <span class='ocrx_word' id='word_1_186' title='bbox 1132 1613 1240 1675; x_wconf 88' lang='lat' dir='ltr'><strong>quid</strong></span> <span class='ocrx_word' id='word_1_187' title='bbox 1261 1630 1330 1659; x_wconf 91' lang='lat' dir='ltr'><strong>eos</strong></span> <span class='ocrx_word' id='word_1_188' title='bbox 1342 1615 1503 1674; x_wconf 88' lang='lat' dir='ltr'><strong>putatis</strong></span> <span class='ocrx_word' id='word_1_189' title='bbox 1521 1615 1665 1660; x_wconf 77' lang='lat' dir='ltr'><strong>dicere</strong></span> <span class='ocrx_word' id='word_1_190' title='bbox 1681 1630 1774 1660; x_wconf 80' lang='lat' dir='ltr'><strong>no—</strong></span> 
     </span>
     <span class='ocr_line' id='line_1_22' title="bbox 386 1685 1773 1746; baseline 0 -15"><span class='ocrx_word' id='word_1_191' title='bbox 386 1688 480 1732; x_wconf 78' lang='lat' dir='ltr'><strong>bis?</strong></span> <span class='ocrx_word' id='word_1_192' title='bbox 506 1690 598 1731; x_wconf 82' lang='lat' dir='ltr'><strong>&#39;Vos</strong></span> <span class='ocrx_word' id='word_1_193' title='bbox 620 1687 893 1745; x_wconf 85' lang='lat' dir='ltr'><strong>corrumpitis</strong></span> <span class='ocrx_word' id='word_1_194' title='bbox 906 1685 1185 1745; x_wconf 63' lang='lat' dir='ltr'><strong>&gt;disciplinam</strong></span> <span class='ocrx_word' id='word_1_195' title='bbox 1201 1721 1211 1741; x_wconf 85' lang='lat'>‚</span> <span class='ocrx_word' id='word_1_196' title='bbox 1244 1701 1473 1746; x_wconf 87' lang='lat' dir='ltr'><strong>moresque</strong></span> <span class='ocrx_word' id='word_1_197' title='bbox 1497 1687 1666 1746; x_wconf 82' lang='lat' dir='ltr'><strong>generis</strong></span> <span class='ocrx_word' id='word_1_198' title='bbox 1688 1687 1773 1734; x_wconf 84' lang='lat' dir='ltr'><strong>hu-</strong></span> 
     </span>
     <span class='ocr_line' id='line_1_23' title="bbox 385 1755 1774 1818; baseline 0 -16"><span class='ocrx_word' id='word_1_199' title='bbox 385 1759 500 1802; x_wconf 79' lang='lat' dir='ltr'><strong>mani</strong></span> <span class='ocrx_word' id='word_1_200' title='bbox 520 1758 776 1818; x_wconf 81' lang='lat' dir='ltr'><strong>pervertitis,</strong></span> <span class='ocrx_word' id='word_1_201' title='bbox 792 1756 912 1810; x_wconf 79' lang='lat' dir='ltr'><strong>Quid</strong></span> <span class='ocrx_word' id='word_1_202' title='bbox 937 1756 1181 1800; x_wconf 75' lang='lat' dir='ltr'><strong>inveneris?</strong></span> <span class='ocrx_word' id='word_1_203' title='bbox 1209 1755 1279 1800; x_wconf 84' lang='lat' dir='ltr'><strong>dic</strong></span> <span class='ocrx_word' id='word_1_204' title='bbox 1312 1757 1600 1817; x_wconf 87' lang='lat' dir='ltr'><strong>quamobrem</strong></span> <span class='ocrx_word' id='word_1_205' title='bbox 1629 1777 1637 1803; x_wconf 91' lang='lat'>:</span> <span class='ocrx_word' id='word_1_206' title='bbox 1662 1757 1774 1818; x_wconf 87' lang='lat' dir='ltr'><strong>quid</strong></span> 
     </span>
     <span class='ocr_line' id='line_1_24' title="bbox 385 1826 1769 1887; baseline 0 -14"><span class='ocrx_word' id='word_1_207' title='bbox 385 1829 597 1873; x_wconf 77' lang='lat' dir='ltr'><strong>fecimus?</strong></span> <span class='ocrx_word' id='word_1_208' title='bbox 624 1827 798 1882; x_wconf 76' lang='lat' dir='ltr'><strong>Dando,</strong></span> <span class='ocrx_word' id='word_1_209' title='bbox 826 1827 989 1887; x_wconf 75' lang='lat' dir='ltr'><strong>inquit,</strong></span> <span class='ocrx_word' id='word_1_210' title='bbox 1025 1826 1278 1871; x_wconf 86' lang='lat' dir='ltr'><strong>hominibus</strong></span> <span class='ocrx_word' id='word_1_211' title='bbox 1299 1827 1572 1886; x_wconf 77' lang='lat' dir='ltr'><strong>poenitentiae</strong></span> <span class='ocrx_word' id='word_1_212' title='bbox 1594 1827 1741 1873; x_wconf 90' lang='lat' dir='ltr'><strong>locum</strong></span> <span class='ocrx_word' id='word_1_213' title='bbox 1756 1863 1769 1885; x_wconf 86' lang='lat'><strong><em>‚</em></strong></span> 
     </span>
     <span class='ocr_line' id='line_1_25' title="bbox 384 1896 1772 1959; baseline 0.002 -18"><span class='ocrx_word' id='word_1_214' title='bbox 384 1898 677 1959; x_wconf 86' lang='lat' dir='ltr'><strong>promittendo</strong></span> <span class='ocrx_word' id='word_1_215' title='bbox 698 1898 1002 1957; x_wconf 83' lang='lat' dir='ltr'><strong>impunitatem</strong></span> <span class='ocrx_word' id='word_1_216' title='bbox 1025 1897 1222 1941; x_wconf 93' lang='lat' dir='ltr'><strong>omnium</strong></span> <span class='ocrx_word' id='word_1_217' title='bbox 1252 1896 1513 1942; x_wconf 88' lang='lat' dir='ltr'><strong>delictorum</strong></span> <span class='ocrx_word' id='word_1_218' title='bbox 1536 1914 1545 1940; x_wconf 73' lang='grc' dir='ltr'>ε</span> <span class='ocrx_word' id='word_1_219' title='bbox 1570 1898 1669 1949; x_wconf 89' lang='lat' dir='ltr'><strong>ideo</strong></span> <span class='ocrx_word' id='word_1_220' title='bbox 1690 1900 1772 1944; x_wconf 85' lang='lat' dir='ltr'><strong>ho—</strong></span> 
     </span>
     <span class='ocr_line' id='line_1_26' title="bbox 384 1967 1768 2028; baseline 0 -14"><span class='ocrx_word' id='word_1_221' title='bbox 384 1971 521 2014; x_wconf 86' lang='lat' dir='ltr'><strong>mines</strong></span> <span class='ocrx_word' id='word_1_222' title='bbox 542 1969 655 2013; x_wconf 83' lang='lat' dir='ltr'><strong>mala</strong></span> <span class='ocrx_word' id='word_1_223' title='bbox 674 1968 854 2022; x_wconf 76' lang='lat' dir='ltr'><strong>faciunt,</strong></span> <span class='ocrx_word' id='word_1_224' title='bbox 872 1968 1010 2012; x_wconf 89' lang='lat' dir='ltr'><strong>securi</strong></span> <span class='ocrx_word' id='word_1_225' title='bbox 1028 1967 1149 2028; x_wconf 88' lang='lat' dir='ltr'><strong>quod</strong></span> <span class='ocrx_word' id='word_1_226' title='bbox 1164 1968 1240 2023; x_wconf 80' lang='lat' dir='ltr'><strong>eis,</strong></span> <span class='ocrx_word' id='word_1_227' title='bbox 1265 1983 1365 2012; x_wconf 86' lang='lat' dir='ltr'><strong>curn</strong></span> <span class='ocrx_word' id='word_1_228' title='bbox 1378 1971 1572 2013; x_wconf 87' lang='lat' dir='ltr'><strong>conversi</strong></span> <span class='ocrx_word' id='word_1_229' title='bbox 1589 1968 1768 2027; x_wconf 83' lang='lat' dir='ltr'><strong>fuerint,</strong></span> 
     </span>
     <span class='ocr_line' id='line_1_27' title="bbox 384 2038 1771 2098; baseline 0 -13"><span class='ocrx_word' id='word_1_230' title='bbox 384 2042 529 2085; x_wconf 77' lang='lat' dir='ltr'><strong>omnia</strong></span> <span class='ocrx_word' id='word_1_231' title='bbox 553 2040 848 2086; x_wconf 83' lang='lat' dir='ltr'><strong>dimittuntur.</strong></span> <span class='ocrx_word' id='word_1_232' title='bbox 875 2040 986 2083; x_wconf 90' lang='lat' dir='ltr'><strong>Hinc</strong></span> <span class='ocrx_word' id='word_1_233' title='bbox 1000 2054 1103 2097; x_wconf 84' lang='lat' dir='ltr'><strong>ergo</strong></span> <span class='ocrx_word' id='word_1_234' title='bbox 1116 2038 1419 2098; x_wconf 83' lang='lat' dir='ltr'><strong>opprobrium,</strong></span> <span class='ocrx_word' id='word_1_235' title='bbox 1441 2057 1460 2081; x_wconf 89' lang='lat'>«</span> <span class='ocrx_word' id='word_1_236' title='bbox 1487 2038 1703 2093; x_wconf 86' lang='lat' dir='ltr'><strong>Quoniam</strong></span> <span class='ocrx_word' id='word_1_237' title='bbox 1715 2042 1771 2085; x_wconf 88' lang='lat' dir='ltr'><strong>ci-</strong></span> 
     </span>
     <span class='ocr_line' id='line_1_28' title="bbox 387 2107 1770 2169; baseline 0.001 -16"><span class='ocrx_word' id='word_1_238' title='bbox 387 2130 406 2153; x_wconf 88' lang='lat'>»</span> <span class='ocrx_word' id='word_1_239' title='bbox 425 2127 571 2155; x_wconf 87' lang='lat' dir='ltr'><strong>nerem</strong></span> <span class='ocrx_word' id='word_1_240' title='bbox 587 2110 694 2154; x_wconf 83' lang='lat' dir='ltr'><strong>sicut</strong></span> <span class='ocrx_word' id='word_1_241' title='bbox 707 2124 862 2169; x_wconf 79' lang='lat' dir='ltr'><strong>panem</strong></span> <span class='ocrx_word' id='word_1_242' title='bbox 876 2107 1151 2164; x_wconf 79' lang='lat' dir='ltr'><strong>manducavi,</strong></span> <span class='ocrx_word' id='word_1_243' title='bbox 1166 2118 1209 2152; x_wconf 92' lang='lat' dir='ltr'><strong>et</strong></span> <span class='ocrx_word' id='word_1_244' title='bbox 1219 2117 1373 2168; x_wconf 89' lang='lat' dir='ltr'><strong>potum</strong></span> <span class='ocrx_word' id='word_1_245' title='bbox 1386 2125 1534 2153; x_wconf 90' lang='lat' dir='ltr'><strong>meum</strong></span> <span class='ocrx_word' id='word_1_246' title='bbox 1548 2126 1648 2154; x_wconf 85' lang='lat' dir='ltr'><strong>cum</strong></span> <span class='ocrx_word' id='word_1_247' title='bbox 1661 2111 1770 2155; x_wconf 88' lang='lat' dir='ltr'><strong>fletu</strong></span> 
     </span>
     <span class='ocr_line' id='line_1_29' title="bbox 386 2179 1768 2241; baseline 0.002 -18"><span class='ocrx_word' id='word_1_248' title='bbox 386 2202 406 2224; x_wconf 91' lang='lat'>»</span> <span class='ocrx_word' id='word_1_249' title='bbox 441 2182 690 2226; x_wconf 85' lang='lat' dir='ltr'><strong>miscebam.</strong></span> <span class='ocrx_word' id='word_1_250' title='bbox 726 2199 745 2221; x_wconf 91' lang='lat'>»</span> <span class='ocrx_word' id='word_1_251' title='bbox 781 2181 818 2223; x_wconf 91' lang='lat' dir='ltr'>O</span> <span class='ocrx_word' id='word_1_252' title='bbox 841 2180 917 2240; x_wconf 88' lang='lat' dir='ltr'><strong>qui</strong></span> <span class='ocrx_word' id='word_1_253' title='bbox 953 2180 1129 2223; x_wconf 85' lang='lat' dir='ltr'><strong>insultas</strong></span> <span class='ocrx_word' id='word_1_254' title='bbox 1147 2215 1157 2235; x_wconf 85' lang='lat'>‚</span> <span class='ocrx_word' id='word_1_255' title='bbox 1187 2179 1323 2224; x_wconf 85' lang='lat' dir='ltr'><strong>invito</strong></span> <span class='ocrx_word' id='word_1_256' title='bbox 1354 2188 1398 2223; x_wconf 84' lang='lat' dir='ltr'><strong>te</strong></span> <span class='ocrx_word' id='word_1_257' title='bbox 1431 2180 1486 2224; x_wconf 92' lang='lat' dir='ltr'><strong>ad</strong></span> <span class='ocrx_word' id='word_1_258' title='bbox 1516 2181 1649 2225; x_wconf 81' lang='lat' dir='ltr'><strong>istum</strong></span> <span class='ocrx_word' id='word_1_259' title='bbox 1688 2196 1768 2241; x_wconf 83' lang='lat' dir='ltr'><strong>pa—</strong></span> 
     </span>
     <span class='ocr_line' id='line_1_30' title="bbox 383 2250 1768 2310; baseline 0 -13"><span class='ocrx_word' id='word_1_260' title='bbox 383 2270 497 2298; x_wconf 83' lang='lat' dir='ltr'><strong>nem.</strong></span> <span class='ocrx_word' id='word_1_261' title='bbox 523 2256 620 2298; x_wconf 87' lang='lat' dir='ltr'><strong>Non</strong></span> <span class='ocrx_word' id='word_1_262' title='bbox 637 2252 752 2295; x_wconf 90' lang='lat' dir='ltr'><strong>enim</strong></span> <span class='ocrx_word' id='word_1_263' title='bbox 775 2250 905 2295; x_wconf 86' lang='lat' dir='ltr'><strong>audes</strong></span> <span class='ocrx_word' id='word_1_264' title='bbox 927 2261 970 2295; x_wconf 89' lang='lat' dir='ltr'><strong>te</strong></span> <span class='ocrx_word' id='word_1_265' title='bbox 990 2250 1134 2295; x_wconf 86' lang='lat' dir='ltr'><strong>dicere</strong></span> <span class='ocrx_word' id='word_1_266' title='bbox 1151 2266 1239 2295; x_wconf 91' lang='lat' dir='ltr'><strong>non</strong></span> <span class='ocrx_word' id='word_1_267' title='bbox 1257 2266 1347 2294; x_wconf 89' lang='lat' dir='ltr'><strong>esse</strong></span> <span class='ocrx_word' id='word_1_268' title='bbox 1368 2260 1656 2310; x_wconf 83' lang='lat' dir='ltr'><strong>peccatorem.</strong></span> <span class='ocrx_word' id='word_1_269' title='bbox 1677 2250 1768 2298; x_wconf 64' lang='lat' dir='ltr'><strong>&#39;Dis—</strong></span> 
     </span>
     <span class='ocr_line' id='line_1_31' title="bbox 381 2321 1759 2380; baseline -0.001 -11"><span class='ocrx_word' id='word_1_270' title='bbox 381 2334 482 2369; x_wconf 83' lang='lat' dir='ltr'><strong>·cute</strong></span> <span class='ocrx_word' id='word_1_271' title='bbox 499 2322 805 2368; x_wconf 85' lang='lat' dir='ltr'><strong>conscientiam</strong></span> <span class='ocrx_word' id='word_1_272' title='bbox 837 2331 958 2365; x_wconf 81' lang='lat' dir='ltr'><strong>tuam</strong></span> <span class='ocrx_word' id='word_1_273' title='bbox 973 2357 983 2376; x_wconf 71' lang='lat'><em>‚</em></span> <span class='ocrx_word' id='word_1_274' title='bbox 1016 2321 1198 2366; x_wconf 88' lang='lat' dir='ltr'><strong>ascende</strong></span> <span class='ocrx_word' id='word_1_275' title='bbox 1224 2321 1419 2365; x_wconf 84' lang='lat' dir='ltr'><strong>tribunal</strong></span> <span class='ocrx_word' id='word_1_276' title='bbox 1441 2323 1598 2367; x_wconf 87' lang='lat' dir='ltr'><strong>mentis</strong></span> <span class='ocrx_word' id='word_1_277' title='bbox 1635 2332 1723 2367; x_wconf 86' lang='lat' dir='ltr'><strong>tuae</strong></span> <span class='ocrx_word' id='word_1_278' title='bbox 1747 2359 1759 2380; x_wconf 88' lang='lat'>‚</span> 
     </span>
     <span class='ocr_line' id='line_1_32' title="bbox 382 2391 1761 2453; baseline 0 -15"><span class='ocrx_word' id='word_1_279' title='bbox 382 2395 470 2438; x_wconf 83' lang='lat' dir='ltr'><strong>noli</strong></span> <span class='ocrx_word' id='word_1_280' title='bbox 488 2394 565 2438; x_wconf 81' lang='lat' dir='ltr'><strong>tibi</strong></span> <span class='ocrx_word' id='word_1_281' title='bbox 583 2408 755 2453; x_wconf 75' lang='lat' dir='ltr'><strong>parcere</strong></span> <span class='ocrx_word' id='word_1_282' title='bbox 767 2427 777 2447; x_wconf 83' lang='lat'>,</span> <span class='ocrx_word' id='word_1_283' title='bbox 799 2392 991 2435; x_wconf 75' lang='lat' dir='ltr'><strong>examina</strong></span> <span class='ocrx_word' id='word_1_284' title='bbox 1010 2401 1050 2436; x_wconf 87' lang='lat' dir='ltr'><strong>te</strong></span> <span class='ocrx_word' id='word_1_285' title='bbox 1066 2427 1076 2448; x_wconf 83' lang='lat'>,</span> <span class='ocrx_word' id='word_1_286' title='bbox 1092 2391 1297 2452; x_wconf 86' lang='lat' dir='ltr'><strong>loquatur</strong></span> <span class='ocrx_word' id='word_1_287' title='bbox 1311 2391 1388 2436; x_wconf 90' lang='lat' dir='ltr'><strong>tibi</strong></span> <span class='ocrx_word' id='word_1_288' title='bbox 1401 2391 1592 2441; x_wconf 78' lang='lat' dir='ltr'><strong>medulla</strong></span> <span class='ocrx_word' id='word_1_289' title='bbox 1604 2393 1761 2450; x_wconf 83' lang='lat' dir='ltr'><strong>cordis,</strong></span> 
     </span>
    </p>

    <p class='ocr_par' dir='ltr' id='par_1_4' title="bbox 433 2485 1762 2530">
     <span class='ocr_line' id='line_1_33' title="bbox 433 2485 1762 2530; baseline 0 -9"><span class='ocrx_word' id='word_1_290' title='bbox 433 2498 438 2513; x_wconf 87' lang='lat'><strong>¹</strong></span> <span class='ocrx_word' id='word_1_291' title='bbox 471 2490 548 2521; x_wconf 59' lang='lat' dir='ltr'><strong>l‘sul.</strong></span> <span class='ocrx_word' id='word_1_292' title='bbox 575 2503 613 2527; x_wconf 66' lang='lat' dir='ltr'><strong>ci,</strong></span> <span class='ocrx_word' id='word_1_293' title='bbox 633 2502 665 2530; x_wconf 55' lang='lat' dir='ltr'><strong>g).</strong></span> <span class='ocrx_word' id='word_1_294' title='bbox 699 2505 739 2510; x_wconf 78' lang='lat'><strong>-—</strong></span> <span class='ocrx_word' id='word_1_295' title='bbox 761 2494 772 2509; x_wconf 85' lang='lat'><strong>²</strong></span> <span class='ocrx_word' id='word_1_296' title='bbox 791 2487 903 2519; x_wconf 68' lang='lat' dir='ltr'><strong>Matth.</strong></span> <span class='ocrx_word' id='word_1_297' title='bbox 937 2488 1092 2529; x_wconf 75' lang='lat' dir='ltr'>xx11‚1(3‚</span> <span class='ocrx_word' id='word_1_298' title='bbox 1118 2499 1166 2529; x_wconf 84' lang='lat'><strong>17-</strong></span> <span class='ocrx_word' id='word_1_299' title='bbox 1186 2504 1226 2510; x_wconf 91' lang='lat'><strong>—-</strong></span> <span class='ocrx_word' id='word_1_300' title='bbox 1246 2485 1404 2527; x_wconf 76' lang='lat' dir='ltr'><strong>31d.1x,</strong></span> <span class='ocrx_word' id='word_1_301' title='bbox 1427 2499 1462 2520; x_wconf 86' lang='lat'><strong>11</strong></span> <span class='ocrx_word' id='word_1_302' title='bbox 1480 2513 1488 2529; x_wconf 89' lang='lat'><em>,</em></span> <span class='ocrx_word' id='word_1_303' title='bbox 1515 2497 1565 2522; x_wconf 85' lang='lat'><strong>12.</strong></span> <span class='ocrx_word' id='word_1_304' title='bbox 1587 2488 1660 2520; x_wconf 74' lang='grc'><strong>-4</strong></span> <span class='ocrx_word' id='word_1_305' title='bbox 1682 2489 1762 2522; x_wconf 76' lang='lat' dir='ltr'><strong>Psal.</strong></span> 
     </span>
    </p>
   </div>
   <div class='ocr_carea' id='block_1_3' title="bbox 381 2558 508 2587">
    <p class='ocr_par' dir='ltr' id='par_1_5' title="bbox 381 2558 508 2587">
     <span class='ocr_line' id='line_1_34' title="bbox 381 2558 508 2587; baseline -0.008 -10"><span class='ocrx_word' id='word_1_306' title='bbox 381 2560 431 2587; x_wconf 72' lang='lat' dir='ltr'><strong>(zi,</strong></span> <span class='ocrx_word' id='word_1_307' title='bbox 463 2558 508 2577; x_wconf 74' lang='grc' dir='ltr'><strong>ιο.</strong></span> 
     </span>
    </p>
   </div>
  </div>
 </body>
</html>
