1848 3261
357 200 439 240 488
768 213 801 241 s.
839 214 1068 244 AUGUSTINI
1102 215 1280 242 EPISCOPI

354 278 480 322 istam
516 279 790 339 prophetiam
835 290 957 326 tanto
989 290 1088 325 ante
1119 280 1284 325 dixerat
1316 300 1324 325 :
1361 300 1380 323 «
1416 283 1553 340 Super
1587 295 1736 324 omnes

357 367 378 390 »
415 349 620 394 docentes
647 366 717 394 me
744 351 950 395 intellexi.
979 371 998 393 »
1035 353 1196 395 Omnes
1229 351 1345 395 enim
1367 353 1519 411 utique
1540 351 1736 395 homines

351 418 448 464 vult
483 420 692 480 intelligi,
726 438 815 466 non
852 425 990 466 Deum
1014 427 1183 467 Patrem
1208 442 1215 467 :
1242 422 1296 466 de
1317 439 1406 482 quo
1429 421 1533 466 dicit
1552 423 1642 481 ipse
1664 422 1739 465 Fi-

354 491 437 536 lius
452 527 462 547 ,
492 511 512 534 «
541 493 658 537 Sicut
676 492 826 536 docuit
847 509 917 537 me
940 497 1066 538 Pater
1081 530 1091 548 ,
1118 494 1209 537 hacc
1231 494 1388 554 loquor
1404 496 1433 536 ¹.
1463 511 1483 534 1)
1510 493 1634 546 Quod
1657 491 1739 536 dif-

353 561 543 605 ficillime
565 577 617 605 ex
639 578 822 621 persona
845 564 977 606 Verbi
995 564 1271 623 intelligitur:
1293 564 1373 607 nisi
1387 564 1481 624 quis
1499 572 1740 623 utcumque

352 648 507 692 capere
523 632 664 677 valeat
684 669 695 688 ,
721 632 766 676 id
788 649 877 677 esse
901 633 1062 678 Filium
1086 652 1107 678 a
1132 639 1258 679 Patre
1281 634 1459 679 doctum
1479 670 1489 687 ,
1515 634 1635 694 quod
1664 648 1739 691 ge-

354 704 511 747 nitum.
552 704 633 747 Cui
656 704 772 747 enim
793 720 881 748 non
905 714 969 748 est
991 704 1110 749 aliud
1133 721 1246 760 esse,
1273 704 1392 749 aliud
1414 704 1591 749 doctum
1618 718 1706 748 esse
1726 738 1737 757 ,

355 772 429 817 sed
452 772 573 833 quod
593 773 656 816 illi
682 783 746 818 est
768 790 856 818 esse
872 810 882 826 ,
918 775 1001 819 hoc
1024 785 1086 819 est
1103 811 1114 830 ,
1139 775 1319 819 doctum
1342 791 1430 820 esse
1451 797 1462 833 3
1494 773 1688 835 profecto
1719 789 1742 817 a

355 859 444 904 quo
468 844 506 887 61
528 853 592 888 est
611 859 726 899 esse,
754 845 809 889 ab
831 844 906 890 illo
928 845 1058 889 simul
1080 847 1118 889 ei
1146 856 1207 890 est
1225 845 1403 890 doctum
1427 862 1529 890 esse.
1558 849 1623 889 Ex
1640 860 1742 904 per-

356 931 461 960 sona
488 931 591 960 vero
623 916 810 960 hominis
828 952 839 971 ,
880 917 956 960 ubi
980 915 1163 960 sormam
1186 918 1295 960 servi
1317 917 1511 976 accepit²
1529 952 1539 970 ,
1576 914 1742 960 facilius

354 985 614 1046 intelligitur
636 1003 658 1031 a
684 991 809 1032 Patre
831 987 1031 1032 didicisse
1053 1005 1151 1048 quae
1169 987 1356 1032 dixitzin
1373 1004 1458 1048 qua
1481 986 1618 1031 forma
1635 987 1744 1032 servi

356 1057 671 1113 constitutum,
709 1059 892 1102 maxime
920 1074 1107 1118 puerum
1125 1094 1135 1114 ,
1163 1067 1402 1118 potuerunt
1424 1073 1525 1101 eum
1548 1058 1745 1101 homines

357 1129 530 1188 majoris
552 1129 689 1173 aetatis
708 1128 958 1173 docendum
981 1138 1159 1189 putare:
1186 1129 1260 1173 sed
1278 1128 1350 1172 ille
1372 1143 1503 1189 quem
1527 1131 1653 1172 Pater
1671 1127 1747 1171 do-

357 1198 473 1253 cuit,
500 1214 629 1258 super
652 1215 800 1243 omnes
823 1200 1028 1244 docentes
1051 1215 1094 1243 se
1114 1199 1341 1244 intellexit.
1373 1219 1394 1241 «
1419 1199 1529 1252 Quia
1554 1199 1747 1242 testimo-

360 1287 381 1309 »
417 1269 696 1329 nia,'inquit,
721 1279 796 1314 tua
820 1270 1045 1314 meditatio
1063 1285 1158 1314 mea
1180 1279 1258 1314 est.
1283 1288 1303 1310 »
1322 1269 1427 1313 Ideo
1445 1285 1574 1328 super
1596 1284 1746 1312 omnes

358 1337 564 1382 docentes
592 1354 635 1382 se
666 1338 965 1398 intelligebat,
1005 1341 1107 1399 quia
1131 1340 1374 1383 testimonia
1396 1340 1474 1383 Dei
1505 1338 1747 1382 meditaba-

359 1418 431 1453 tur
455 1429 465 1454 2
499 1426 598 1469 quae
621 1409 775 1453 melius
810 1425 942 1470 quam
964 1409 1026 1453 illi
1046 1409 1100 1453 de
1122 1425 1165 1453 36
1187 1409 1279 1469 ipso
1302 1418 1482 1454 noverat
1497 1444 1507 1463 ,
1534 1409 1609 1469 qui
1631 1408 1748 1453 dice-

358 1480 434 1523 bat
456 1499 464 1524 2
495 1499 514 1522 «
541 1482 627 1524 Vos
650 1480 817 1523 misistis
843 1479 896 1523 ad
922 1483 1137 1524 Joannem
1154 1516 1164 1535 ,
1197 1489 1240 1523 et
1273 1480 1567 1524 testimonium
1600 1480 1747 1539 perhi-

361 1568 382 1591 »
418 1551 515 1594 buit
548 1551 718 1594 veritati
743 1572 752 1594 2
784 1565 863 1608 ego
887 1561 1032 1594 autem
1061 1567 1150 1595 non
1173 1552 1227 1594 ab
1250 1551 1427 1595 homine
1450 1551 1749 1594 testimonium

363 1639 372 1661 ›
419 1621 600 1680 accipio,
619 1621 693 1665 sed
710 1622 804 1665 haec
822 1620 919 1666 dico
941 1630 992 1665 ut
1013 1637 1087 1666 vos
1108 1621 1212 1666 salvi
1235 1622 1338 1666 sitis.
1364 1620 1442 1665 Ille
1460 1630 1552 1665 erat
1572 1621 1749 1665 lucerna

364 1711 384 1732 »
419 1691 574 1735 ardens
605 1701 648 1736 et
676 1691 848 1746 lucens,
885 1707 961 1736 vos
985 1701 1131 1736 autem
1157 1692 1353 1736 voluistis
1377 1692 1568 1736 exultare
1590 1692 1644 1735 ad
1667 1693 1749 1735 ho-

363 1781 383 1804 »
419 1779 510 1806 ram
529 1762 575 1806 in
596 1762 694 1806 luce
718 1764 833 1822 ejus:
860 1777 941 1820 ego
964 1772 1110 1806 autem
1133 1762 1273 1806 habeo
1290 1763 1587 1807 testimonium
1611 1764 1693 1821 maj
1703 1778 1751 1805 113

365 1853 384 1875 »
420 1837 588 1878 Joanne
607 1836 638 1878 ³.
663 1853 683 1875 »
711 1833 828 1878 Talia
848 1834 1095 1878 testimonia
1116 1833 1411 1878 meditabatur
1431 1869 1442 1889 ,
1474 1833 1650 1894 quando
1677 1850 1750 1878 su-

359 1920 436 1964 per
458 1920 608 1949 omnes
630 1904 837 1949 docentes
861 1919 905 1948 se
924 1903 1151 1949 intellexit.

422 1979 496 2019 IV.
521 1975 589 2019 Illi
608 1985 751 2020 autem
772 1975 970 2020 doctores
984 1991 1074 2019 non
1092 1974 1278 2019 absurde
1294 1975 1600 2035 intelliguntur
1620 1976 1751 2019 etiam

362 2047 443 2106 ipsi
468 2063 556 2091 esse
579 2047 766 2090 seniores
783 2082 793 2100 ,
819 2045 874 2090 de
896 2047 1058 2106 quibus
1082 2048 1293 2091 continuo
1315 2045 1420 2090 dicit
1447 2066 1455 2091 ;
1480 2065 1499 2087 «
1527 2048 1664 2106 Super
1686 2062 1752 2090 se—

366 2137 385 2159 »
424 2118 563 2161 niores
585 2116 776 2161 intellexi
793 2119 824 2161 ⁴².
854 2135 874 2158 »
901 2117 1027 2171 Quod
1045 2116 1144 2162 ideo
1164 2117 1272 2160 mihi
1295 2132 1345 2160 eo
1368 2117 1501 2161 modo
1518 2118 1750 2176 repetitum

363 2189 560 2243 videtur,
591 2197 641 2232 ut
663 2188 786 2233 nobis
808 2189 901 2233 haec
924 2188 1170 2248 legentibus
1188 2187 1261 2232 illa
1283 2197 1385 2232 aetas
1409 2190 1498 2248 ejus
1519 2188 1686 2232 veniret
1707 2188 1753 2231 in

363 2270 578 2313 mentem,
616 2276 714 2319 quae
750 2259 873 2303 nobis
901 2260 1095 2304 innotuit
1124 2275 1176 2303 ex
1208 2259 1446 2317 Evangelio
1473 2279 1481 2303 :
1511 2275 1596 2319 qua
1625 2268 1752 2303 aetate

358 2329 516 2389 puerili
542 2330 656 2373 inter
677 2338 806 2373 aetate
829 2331 1027 2391 majores,
1048 2330 1131 2373 hoc
1155 2338 1238 2383 est,
1253 2330 1404 2389 junior
1425 2329 1539 2372 inter
1561 2329 1749 2373 seniores

359 2400 558 2455 sedebat,
597 2409 639 2444 et
662 2416 790 2460 super
813 2416 960 2444 omnes
989 2400 1194 2445 docentes
1216 2416 1259 2444 se
1281 2399 1569 2459 intelligebat.
1602 2399 1751 2445 Solent

374 1640 383 1662 v

408 2504 416 2520 ¹
446 2500 537 2529 Joan.
574 2508 654 2538 vui,
690 2497 744 2529 28.
775 2514 815 2520 -—-
854 2504 865 2519 ²
899 2497 1008 2539 Philip.
1043 2509 1086 2538 11,
1108 2509 1138 2538 ς.
1164 2514 1205 2520 —-
1225 2495 1237 2520 3
1257 2500 1349 2530 Joan.
1376 2510 1408 2537 v,
1435 2497 1554 2529 33-36.
1575 2514 1616 2519 ——
1636 2496 1651 2521 4
1671 2497 1748 2528 Psal.

363 2565 471 2594 mzvm,
495 2564 566 2585 ¹00.
