1848 3261
401 205 454 244 10
839 212 873 239 s.
908 207 1137 237 Ancusrtm
1169 207 1350 235 Enscom

393 286 594 340 praestet,
622 275 892 330 contemnit,
933 273 1113 332 despicit
1131 306 1142 327 ‚
1168 270 1326 315 alienat
1363 284 1437 313 cor
1473 283 1616 312 suum.
1641 268 1772 321 Quod

392 351 426 395 si
454 351 543 409 jam
582 348 760 392 omnino
790 346 885 390 talis
911 354 1046 399 esset,
1073 353 1233 387 utnon
1267 356 1376 400 opus
1411 340 1592 384 haberet
1628 339 1772 400 aliqua

391 417 706 475 misericordia3
730 416 943 476 superbus
965 423 1097 469 esset,
1124 413 1158 457 si
1186 411 1401 456 desereret
1424 411 1630 454 miserum
1657 430 1666 454 ε
1691 410 1771 454 ad-

391 492 479 534 huc
498 490 543 532 in
571 487 849 532 tribulatione
871 486 1010 530 carnis
1032 484 1291 529 constitutus
1320 491 1405 537 est,
1440 482 1631 526 nesciens
1664 481 1772 541 quid

390 560 470 604 sibi
492 560 623 619 possit
644 573 735 602 cras
756 556 947 601 accidere
968 591 978 610 ,
1004 565 1045 599 et
1067 552 1469 613 despicitlacrymas
1490 552 1770 610 miserorum3

394 646 483 675 non
516 639 578 674 est
605 630 825 673 innocens.
862 626 944 671 Sed
971 626 1066 686 quis
1096 635 1158 670 est
1185 625 1419 668 innocens?
1451 623 1533 676 Qui
1564 638 1666 667 cum
1701 622 1771 666 alii

390 716 478 745 non
502 708 644 754 nocet,
671 714 749 742 nec
766 698 847 742 sibi
868 706 1010 740 nocet.
1040 696 1119 749 Qui
1139 695 1253 738 enim
1276 704 1318 738 et
1334 695 1413 738 sibi
1426 703 1576 748 nocet,
1596 709 1685 738 non
1708 703 1772 737 est

388 772 610 815 innocens.
648 770 720 813 Ait
753 768 907 828 aliquis
943 783 952 808 z
979 770 1091 811 Ecce
1116 782 1204 810 non
1233 764 1315 809 tuli
1349 765 1499 819 alicui,
1537 780 1617 809 nec
1639 765 1772 823 pressi

390 841 578 900 aliquem
605 860 613 884 :
635 839 690 883 de
712 854 757 882 re
778 854 897 893 mea,
924 837 978 881 de
991 839 1109 897 justo
1131 836 1280 880 labore
1303 851 1401 880 meo
1444 835 1555 879 bene
1578 835 1685 878 mihi
1702 833 1770 879 faa

389 911 521 964 ciam,
558 909 805 953 convivium
834 916 1088 967 apparatum
1107 907 1268 950 habere
1301 906 1427 960 volo,
1462 921 1639 963 erogare
1670 905 1771 949 volo

388 990 602 1041 quantum
634 995 702 1023 me
724 978 936 1032 delectat,
962 978 1112 1021 bibere
1134 993 1235 1021 cum
1259 977 1417 1037 quibus
1438 976 1538 1019 volo
1557 984 1771 1035 quantum

388 1066 458 1094 me
480 1049 666 1093 delectat
691 1069 699 1093 ;
725 1049 794 1092 cui
822 1047 985 1108 aliquid
1013 1047 1122 1091 tuli?
1154 1062 1284 1106 quem
1306 1046 1467 1106 pressi?
1499 1046 1595 1105 quis
1623 1044 1677 1089 de
1702 1060 1772 1089 me

389 1129 565 1180 questus
588 1120 680 1163 est?
704 1122 917 1162 Innocens
946 1116 1131 1162 videtur.
1167 1116 1251 1161 Sed
1273 1117 1307 1160 si
1340 1132 1384 1160 se
1412 1117 1554 1175 ipsum
1577 1131 1773 1160 corrum-

388 1191 474 1250 pit,
497 1190 531 1233 si
552 1188 761 1248 templum
791 1188 864 1232 Dei
900 1188 944 1230 in
973 1203 1017 1230 se
1050 1187 1223 1241 evertit,
1265 1187 1372 1247 quid
1398 1196 1623 1245 expectas,
1649 1195 1699 1230 ut
1726 1186 1773 1229 in

389 1259 492 1304 alios
524 1259 653 1304 faciat
689 1258 1050 1313 misericordiam,
1089 1267 1132 1301 et
1154 1267 1301 1317 parcat
1332 1258 1524 1301 miseris?
1558 1258 1639 1310 Qui
1660 1257 1705 1300 in
1728 1272 1772 1300 se

388 1332 528 1390 ipsum
552 1329 737 1374 crudelis
760 1339 824 1373 est
844 1364 855 1385 ‚
880 1344 969 1373 esse
993 1329 1039 1372 in
1063 1328 1195 1372 alium
1212 1328 1450 1372 misericors
1472 1330 1639 1387 potest?
1665 1331 1771 1371 Tota

387 1418 488 1460 ergo
505 1402 671 1462 justitia
691 1401 746 1445 ad
767 1416 904 1444 unum
927 1400 1111 1444 verbum
1125 1399 1385 1443 innocentiae
1403 1399 1626 1457 redigitur.
1647 1418 1666 1441 «
1686 1399 1771 1452 Qui

390 1492 410 1514 »
446 1482 592 1517 autem
614 1471 753 1529 diligit
766 1471 1056 1532 iniquitatem,
1076 1470 1168 1515 odit
1184 1471 1370 1513 anima-m
1383 1473 1568 1513 suam1.»
1585 1470 1771 1523 Quando

387 1542 562 1587 amabat
588 1542 860 1601 iniquitatem
873 1577 883 1596 ⁷
900 1542 1084 1600 putabat
1099 1539 1220 1600 quod
1238 1539 1329 1583 aliis
1350 1540 1547 1584 nocebat.
1571 1539 1655 1584 Sed
1671 1540 1771 1585 vide

387 1613 421 1658 si
454 1612 544 1656 aliis
570 1611 758 1656 nocebat
782 1630 791 1655 ;
817 1631 836 1653 «
860 1612 943 1664 Qui
966 1610 1107 1669 diligit
1123 1646 1133 1665 ,
1164 1610 1328 1670 inquit,
1355 1610 1627 1670 iniquitatem
1644 1645 1655 1663 ‚
1681 1609 1772 1653 odit

391 1702 411 1725 »
447 1683 634 1727 animam
662 1698 800 1726 suam.
823 1701 842 1723 »
869 1682 958 1726 Sibi
992 1697 1094 1740 ergo
1130 1681 1250 1740 prius
1275 1689 1403 1726 nocet
1423 1715 1433 1734 ‚
1462 1681 1538 1740 qui
1565 1680 1660 1724 vult
1681 1680 1771 1725 aliis

388 1769 544 1798 nocere
573 1773 581 1797 :
598 1768 677 1797 nec
694 1751 946 1796 deambulat
967 1753 1094 1812 3quia
1109 1767 1199 1795 non
1216 1760 1279 1794 est
1296 1751 1387 1794 ubi.
1410 1751 1641 1809 Angustias
1655 1751 1771 1794 enim

387 1824 550 1883 patitur
572 1823 710 1868 omnis
732 1821 893 1866 malitia
916 1842 924 1866 ι
949 1822 1038 1866 sola
1059 1821 1308 1865 innocentia
1321 1820 1408 1864 lata
1422 1830 1506 1876 est,
1523 1821 1600 1864 ubi
1618 1820 1770 1865 deam-

385 1893 577 1938 buletur.
615 1913 634 1935 «
665 1891 1005 1937 Deambulabam
1037 1893 1083 1935 in
1117 1891 1366 1935 innocentia
1400 1890 1542 1936 cordis
1575 1892 1690 1947 mei,
1724 1892 1770 1935 in

389 1983 410 2006 »
445 1964 589 2007 medio
611 1962 766 2007 domus
795 1979 917 2006 meae.
946 1982 966 2003 η
994 1961 1188 2006 Medium
1210 1962 1364 2006 domus
1399 1978 1509 2016 suae,
1537 1971 1611 2006 aut
1632 1963 1769 2021 ipsam

386 2034 623 2079 Ecclesiam
644 2033 774 2091 dicit3
797 2034 990 2078 Christus
1010 2034 1123 2077 enim
1142 2034 1187 2076 in
1220 2048 1268 2076 ea
1290 2032 1544 2076 deambulat
1565 2052 1573 2077 :
1600 2042 1675 2076 aut
1695 2048 1770 2077 cor

387 2120 540 2162 suum3
564 2104 719 2148 domus
742 2105 856 2148 enim
874 2113 1017 2148 nostra
1043 2103 1245 2155 interior,
1270 2119 1344 2148 cor
1373 2112 1570 2146 nostrum
1592 2112 1655 2147 est
1679 2122 1687 2147 ε
1719 2113 1770 2147 ut

386 2177 470 2220 hoc
504 2175 776 2234 exposuerit,
817 2174 936 2234 quod
970 2175 1166 2233 superius
1209 2174 1344 2218 dixit:
1385 2193 1404 2214 «
1440 2177 1491 2217 In
1522 2174 1769 2218 innocentia

389 2265 408 2287 >›
426 2245 566 2290 cordis
581 2245 710 2289 suff»
731 2243 926 2288 Medium
948 2244 1101 2288 domus
1120 2260 1222 2288 suae.
1250 2247 1372 2288 Hanc
1385 2243 1565 2287 domum
1576 2245 1768 2304 quisquis

385 2316 518 2360 habet
533 2314 706 2369 malam,
722 2313 963 2373 pelliturab
981 2314 1051 2358 illa
1076 2314 1203 2358 foras.
1223 2315 1420 2374 Quisquis
1439 2315 1553 2358 enim
1574 2314 1619 2357 in
1637 2314 1768 2358 corde

384 2386 595 2446 premi-tur
618 2389 728 2428 mala
761 2385 1043 2440 conscientia,
1070 2384 1291 2444 quomodo
1316 2385 1498 2444 quisque
1521 2384 1575 2428 ab
1598 2383 1766 2428 stillici-

386 2455 458 2500 dio
478 2456 564 2499 exit
585 2455 639 2499 de
660 2455 791 2500 domo
810 2471 900 2509 sua,
921 2465 993 2499 ant
1015 2472 1037 2499 a
1058 2457 1181 2500 fumo
1197 2491 1208 2510 ,
1235 2471 1322 2499 non
1354 2455 1414 2498 ibi
1435 2471 1478 2498 se
1505 2455 1668 2511 patitur
1686 2456 1765 2498 ha-

435 2548 442 2563 ¹
465 2542 545 2573 psal.
562 2553 592 2581 x,
608 2540 639 2571 G.
