1848 3261
467 256 708 286 ENARRAno
740 258 785 284 m
816 256 999 285 PALMUM
1029 258 1140 286 cxix.
1409 248 1491 288 555

112 338 198 368 vox
217 333 281 368 est
302 323 509 379 miseriae,
540 340 624 369 vox
652 332 716 368 est
749 323 1004 368 calamitatis
1035 333 1078 368 et
1107 322 1393 384 infelicitatis3
1418 327 1496 370 sed

113 402 260 437 tamen
282 394 327 437 in
348 410 422 453 spe
437 429 448 449 ,
474 394 572 454 quia
589 394 679 454 jam
700 392 769 437 vel
791 409 961 452 gemere
980 392 1147 437 didicit.
1168 393 1296 438 Multi
1315 396 1430 439 enim
1452 404 1496 440 et

112 463 254 507 miseri
278 473 404 520 sunt,
432 474 473 508 et
495 480 584 508 non
608 472 808 521 gemunt,
833 473 875 507 et
899 463 1229 524 peregrinantur
1254 499 1265 518 ,
1291 473 1333 507 et
1355 465 1496 509 redire

112 534 283 579 nolunt.
323 539 407 579 Iste
434 536 524 595 jam
557 535 705 579 volens
736 534 900 590 redire,
940 534 1163 593 cognoscit
1198 533 1495 579 infelicitatem

112 606 471 665 peregrinationis
493 621 582 649 suae
605 624 613 649 :
635 606 735 665 quia
758 606 932 663 agnovit
953 604 1070 649 illam
1092 640 1103 660 ‚
1129 604 1240 648 redit
1259 625 1270 662 3
1290 614 1332 648 et
1354 620 1498 649 ascen-

115 674 218 719 dere
240 676 408 735 incipit,
434 677 533 736 quia
552 676 784 720 Canticum
808 675 1023 734 graduum
1044 675 1178 734 coepit
1199 684 1386 719 cantare.
1414 675 1497 720 Ubi

111 761 213 804 ergo
231 746 388 803 gemit,
415 755 458 789 et
480 746 593 789 inter
611 762 720 806 quos
748 746 944 790 habitat?
965 765 985 788 «
1012 746 1276 790 Inhabitavit
1303 761 1403 789 cum
1432 754 1498 790 ta-

113 834 133 857 »
169 815 415 860 bernaculis
451 815 605 860 Cedar.
631 834 650 856 n
685 816 879 859 Verbum
908 816 992 860 hoc
1015 816 1116 875 quia
1151 816 1376 859 hebraeum
1405 824 1494 872 est,

109 886 263 946 procul
275 886 411 931 dubio
433 902 523 930 non
543 886 826 931 intellexistis.
848 886 965 940 Quid
982 896 1072 943 est,
1096 906 1116 929 «
1138 887 1383 932 Inhabitavi
1396 903 1498 931 cum

112 976 132 1000 »
168 957 459 1002 tabernaculis
480 958 652 1002 Cedar?
677 977 696 1000 n
723 958 863 1003 Cedar
880 994 890 1014 ,
914 968 1130 1019 quantum
1149 959 1424 1003 meminimus
1447 974 1498 1003 ex

108 1028 463 1087 interpretatione
479 1029 707 1072 nominum
720 1029 1014 1084 hebraeorum,
1029 1030 1247 1073 Tenebras
1266 1029 1494 1088 significat.

110 1100 442 1159 interpretatum
481 1100 622 1144 Cedar
653 1100 786 1144 latine
804 1136 813 1151 ‚
854 1101 1062 1144 Tenebrae
1095 1100 1316 1144 dicuntur.
1356 1099 1498 1145 Nostis

109 1179 257 1214 autern
279 1170 388 1214 duos
411 1169 521 1215 filios
541 1171 740 1215 habuisse
769 1171 1014 1226 Abraham,
1043 1186 1151 1230 quos
1183 1170 1360 1231 quidem
1384 1185 1501 1214 com-

108 1251 323 1286 memorat
345 1241 579 1300 Apostolus
595 1277 605 1296 ,
631 1250 674 1285 et
698 1242 754 1285 ad
770 1241 999 1299 imaginem
1031 1242 1219 1285 duorum
1245 1244 1498 1285 Testamen—

107 1321 250 1356 torum
276 1327 364 1356 esse
389 1311 494 1355 dicit
523 1327 532 1352 ε
551 1327 665 1355 unus
686 1312 740 1355 de
756 1310 912 1355 ancilla
933 1320 1024 1355 erat
1042 1346 1053 1366 ,
1075 1321 1117 1355 et
1138 1310 1246 1355 alter
1267 1311 1322 1354 de
1342 1310 1495 1355 libera.

107 1386 171 1427 Ex
189 1381 345 1426 ancilla
369 1381 522 1426 Ismael
541 1384 652 1425 erat¹
683 1401 692 1426 :
718 1381 772 1425 dc
790 1380 927 1425 libera
945 1384 1045 1426 Sara
1063 1417 1073 1436 ,
1095 1397 1226 1441 quem
1242 1381 1429 1440 suscepit
1446 1396 1497 1425 ex

107 1452 406 1512 desperatione
437 1468 514 1512 per
546 1452 675 1496 fidem
699 1487 709 1507 ,
744 1454 861 1496 Isaac
889 1462 993 1496 erat.
1029 1455 1220 1512 Uterque
1250 1468 1301 1496 ex
1335 1452 1497 1496 semine

107 1523 322 1577 Abrahae,
343 1523 417 1566 sed
443 1538 532 1566 non
565 1531 750 1582 uterque
779 1522 916 1565 haeres
950 1522 1152 1566 Abrahae.
1182 1525 1242 1565 De
1275 1522 1498 1567 Abraham

107 1602 234 1637 natus
247 1609 362 1636 unus
382 1628 393 1647 ,
409 1592 484 1636 sed
502 1602 647 1636 tamen
671 1608 758 1636 non
781 1591 1010 1635 haereditat
1027 1611 1035 1636 :
1053 1592 1161 1636 alter
1178 1592 1308 1636 etiam
1330 1593 1465 1636 haeres
1483 1612 1494 1649 3

107 1679 196 1708 non
218 1662 359 1707 solum
380 1662 492 1706 filius
508 1697 518 1717 ,
545 1661 621 1706 sed
643 1671 685 1706 et
706 1663 858 1705 haeres.
886 1664 936 1705 In
956 1662 1110 1705 Ismael
1132 1671 1234 1706 sunt
1255 1677 1404 1706 omnes
1420 1663 1496 1723 qui

107 1733 341 1779 carnaliter
363 1732 517 1778 colunt
553 1736 707 1776 Deum.
734 1731 802 1776 Ad
838 1732 950 1791 ipsos
972 1731 1087 1775 enim
1123 1741 1166 1776 et
1188 1735 1323 1777 Vetus
1347 1736 1497 1777 Testa—

106 1814 305 1849 mentnm
327 1803 515 1863 pertinet
542 1822 550 1847 :
576 1802 678 1862 quia
701 1802 759 1846 sic
788 1801 896 1846 dixit
924 1801 1183 1861 Apostolus?
1209 1822 1229 1844 «
1256 1803 1346 1847 Sub
1381 1806 1498 1863 Lege

110 1894 130 1917 »
165 1874 361 1919 volentes
381 1889 470 1917 esse
488 1908 499 1927 ,
523 1872 665 1932 legem
684 1888 773 1916 non
790 1872 998 1917 audistis?
1019 1873 1236 1932 Scriptum
1259 1882 1323 1917 est
1345 1873 1460 1917 enim
1481 1909 1493 1929 ,

111 1964 132 1987 »
166 1944 288 2005 quod
310 1945 531 1988 Abraham
554 1942 663 1987 duos
681 1942 792 1988 filios
809 1944 962 1987 habuit
980 1978 992 1999 ,
1017 1959 1157 1988 unum
1179 1943 1234 1988 de
1256 1943 1410 1988 ancilla
1424 1979 1436 1999 ,
1453 1953 1496 1989 et

110 2034 131 2057 »
167 2030 305 2058 unum
321 2014 375 2058 de
391 2014 548 2068 libera,
574 2029 673 2074 quae
696 2022 798 2057 sunt
818 2013 863 2056 in
885 2012 1105 2072 allegoria.
1124 2016 1227 2070 Haec
1256 2014 1371 2057 enim
1393 2023 1497 2059 sunt

111 2104 132 2126 »
167 2085 256 2129 duo
282 2087 588 2128 Testamenta&
620 2102 639 2123 »
667 2085 774 2137 Quae
802 2092 904 2127 sunt
926 2082 1014 2128 duo
1031 2085 1327 2127 Testamenta?
1351 2086 1496 2128 Unum

109 2157 243 2199 Vetus
261 2190 272 2210 ,
305 2164 348 2199 et
375 2154 560 2198 alterum
587 2156 773 2199 Novum.
799 2156 933 2198 Vetus
967 2156 1290 2197 Testamentum
1328 2169 1351 2197 a
1374 2157 1493 2210 Deo,

109 2235 152 2270 et
175 2229 347 2271 Novum
368 2229 694 2270 Testamentum
713 2241 736 2268 a
755 2228 844 2269 Deo
869 2243 878 2268 :
905 2224 1129 2284 quomodo
1151 2224 1206 2268 de
1220 2224 1440 2268 Abraham
1454 2233 1497 2269 et

110 2297 265 2341 Ismae'l
281 2307 324 2341 et
348 2301 477 2341 Isaac.
498 2297 581 2342 Sed
599 2295 751 2340 Ismael
775 2295 830 2339 ad
848 2305 1089 2350 terrenum,
1109 2298 1225 2339 Isaac
1243 2295 1298 2339 ad
1320 2294 1496 2340 coeleste

108 2384 307 2427 regnum.
331 2367 435 2412 Ideo
452 2371 587 2412 Vetus
604 2370 928 2411 Testamentum
945 2367 1246 2427 promissiones
1260 2366 1394 2410 habet
1414 2375 1496 2410 ter-

107 2453 245 2493 renaS,
261 2448 474 2482 terrenam
493 2436 747 2491 Jerusalem,
765 2446 980 2481 terrenam
1000 2436 1289 2491 Palaestinam,
1311 2451 1493 2494 regnum

107 2519 329 2554 terrenum
348 2544 360 2565 ‚
394 2508 577 2553 salutem
610 2518 847 2563 terrenam,
883 2508 1074 2553 hostium
1106 2507 1484 2568 subjugationem,

159 2594 378 2635 ¹Gen.v1‚5‚
396 2598 429 2627 et
445 2606 482 2636 ιι,
503 2603 535 2627 2.
556 2611 597 2617 —
618 2602 629 2617 ²
648 2594 752 2627 Galat.
773 2605 821 2636 iv,
836 2592 964 2635 22—24.
