1848 3261
289 214 530 246 mnam-no
561 218 611 244 111
643 217 688 244 m
719 212 922 244 PsALMUM
953 214 1053 252 cur,
1087 212 1224 240 SERMO
1255 213 1321 239 111.
1407 199 1487 238 133

113 282 335 345 quoddam
355 281 490 328 veluti
511 281 694 327 linteum
714 289 902 342 quatuor
917 278 1041 323 lineis
1064 279 1262 324 submitti
1284 278 1339 323 de
1357 277 1485 334 coelo,

111 355 188 399 ubi
209 363 332 398 erant
353 353 498 398 omnia
520 351 719 397 animalia
735 386 746 407 ,
780 351 919 395 omnis
942 349 1107 409 generis
1141 349 1291 393 bestiae
1313 367 1323 393 :
1348 358 1392 392 et
1415 364 1486 394 so-

111 426 209 470 nuit
230 426 267 469 ei
283 440 367 470 vox
389 443 398 469 2
419 443 440 466 «
461 428 600 478 Petre,
615 433 754 468 macta
768 457 779 478 ,
804 431 847 466 et
861 419 1091 465 manduca.
1114 438 1134 461 »
1153 419 1232 464 Ille
1254 428 1398 463 autem
1413 421 1490 480 qui

110 497 156 541 in
176 499 290 555 Lege
310 494 452 540 fuerat
472 495 666 539 eruditus
684 529 695 550 ,
731 503 774 538 et
799 493 845 537 in
867 490 1181 537 consuetudine
1196 490 1373 551 judaica
1396 506 1491 535 cre-

107 575 253 620 verat,
285 575 642 626 praeeeptumque
675 579 752 625 per
772 567 955 622 Moysen
982 562 1061 608 Dei
1089 560 1302 606 famulum
1329 560 1490 605 retine-

106 637 183 681 bat
200 671 211 692 ,
238 646 463 696 totamque
485 637 618 680 vitam
647 649 767 679 suam
789 633 975 678 fideliter
1000 631 1283 687 custodierat,
1304 646 1486 691 respon-

106 708 171 752 dit
189 726 197 752 ε
222 725 242 748 «
276 706 400 751 Absit
420 722 443 749 a
460 721 529 750 me
546 741 557 761 ,
579 705 760 750 Domine
781 726 792 762 3
818 720 1044 764 nunquam
1070 717 1301 748 commune
1323 700 1489 761 aliquid

107 795 128 818 )›
163 776 339 821 intravit
370 777 415 820 in
448 792 494 820 os
518 791 679 820 meum.
709 793 730 816 »
757 777 1001 820 Commune
1031 783 1176 818 autem
1209 771 1489 818 immundum

104 846 235 891 dicia
257 845 418 890 Judaeis
446 855 489 889 et
513 862 536 890 a
564 848 703 903 Lege,
734 846 848 889 bene
880 853 1123 898 noverunt,
1157 843 1233 904 qui
1263 842 1486 887 ecclesias-

103 917 208 961 ticas
238 916 402 960 litteras
430 915 692 960 didicerunt.
725 918 783 961 Et
806 931 891 960 vox
916 914 972 959 ad
1004 913 1151 969 illum,
1187 933 1207 955 «
1236 916 1344 967 Quae
1372 916 1487 957 Deus

105 1006 127 1030 »
161 986 390 1032 mundavit
407 1021 419 1043 ,
452 996 503 1031 tu
531 986 759 1031 immunda
785 1002 841 1030 ne
873 985 1042 1031 dixeris.
1066 1004 1087 1026 »
1112 987 1206 1030 Hoc
1235 993 1380 1029 autem
1396 982 1488 1028 fac-

102 1068 198 1103 tum
221 1067 283 1111 est
299 1067 365 1102 ter
380 1092 391 1113 ,
408 1066 450 1101 et
465 1056 633 1101 ablatus
649 1066 712 1101 est
724 1056 797 1100 ille
813 1055 956 1100 discus
973 1091 984 1111 ,
1009 1056 1084 1116 qui
1108 1054 1489 1100 demonstrabatur

102 1137 168 1173 ter
184 1127 239 1171 de
261 1126 375 1172 coelo
399 1127 636 1171 submissus
654 1129 685 1170 1.
710 1126 860 1171 Discus
892 1127 968 1187 qui
989 1135 1179 1185 quatuor
1200 1124 1323 1169 lineis
1345 1125 1488 1170 conti-

101 1198 313 1253 nebatur,
354 1196 471 1241 orbis
492 1206 707 1241 terrarum
748 1205 839 1240 erat
867 1197 913 1241 in
946 1205 1135 1257 quatuor
1164 1196 1377 1255 partibus.
1400 1199 1488 1240 Has

102 1277 291 1328 quatuor
311 1276 453 1327 partes
467 1282 579 1327 saepe
605 1267 824 1327 Scriptura
847 1275 1157 1311 commemorat
1172 1301 1183 1321 ,
1204 1266 1427 1310 Orientem
1445 1275 1488 1310 et

101 1338 408 1393 Occidentem,
448 1337 712 1397 Aquilonem
747 1347 791 1381 et
824 1336 1068 1383 Meridiem.
1099 1337 1204 1381 Ideo
1241 1337 1342 1396 quia
1370 1345 1487 1381 totus

100 1408 216 1453 orbis
232 1423 310 1468 per
330 1406 617 1466 Evangelium
637 1408 875 1453 vocabatur
890 1443 899 1463 ,
917 1417 1105 1468 quatuor
1117 1407 1352 1466 Evangelia
1367 1422 1488 1452 cons-

100 1479 237 1538 cripta
271 1488 386 1523 sunt.
421 1481 503 1522 Ter
526 1473 669 1522 autem
702 1479 963 1523 submissum
980 1479 1034 1522 de
1058 1478 1171 1523 coelo
1196 1493 1270 1522 vas
1293 1479 1377 1522 hoc
1400 1478 1487 1537 sig-

99 1550 269 1601 nificat,
299 1548 402 1608 quia
423 1548 589 1593 dictum
619 1559 682 1594 est
702 1548 919 1609 Apostolis
953 1569 962 1594 ι
992 1568 1012 1591 «
1038 1552 1129 1604 Ite,
1155 1548 1372 1608 baptizate
1391 1561 1488 1593 ‘om-

102 1637 124 1662 »
149 1635 224 1663 nes
239 1628 386 1678 gentes
403 1620 448 1663 in
464 1620 639 1664 nomine
655 1621 806 1675 Patris,
824 1629 866 1664 et
880 1620 993 1674 Filii,
1015 1629 1057 1664 et
1075 1620 1258 1680 Spiritus
1274 1621 1449 1664 sancti2.
1460 1638 1480 1660 η

100 1689 210 1735 Inde
233 1690 475 1749 colligitur,
501 1690 612 1735 sicut
629 1691 719 1750 jam
743 1691 900 1745 nostis,
925 1691 1216 1736 duodenarius
1245 1691 1374 1735 etiam
1396 1707 1482 1734 nu-

98 1777 243 1806 merus
264 1761 599 1821 Discipulorum.
621 1764 718 1806 Non
733 1763 848 1806 enim
870 1761 1030 1806 frustra
1053 1761 1285 1807 duodecim
1318 1762 1481 1805 habere

98 1832 238 1878 voluit
259 1852 268 1877 ε
287 1841 331 1876 et
352 1834 410 1876 ita
435 1848 640 1877 numerus
652 1833 724 1877 ille
740 1835 941 1892 {sacratus
959 1844 1044 1889 est,
1065 1835 1173 1878 utin
1189 1834 1336 1878 locum
1353 1834 1484 1879 unius

98 1903 175 1963 qui
197 1901 430 1956 ceciderat,
451 1918 539 1947 non
562 1912 702 1962 posset
725 1903 806 1947 nisi
836 1903 943 1948 alter
965 1904 1170 1950 ordinari.
1202 1909 1345 1960 Quare
1367 1904 1482 1951 duo-

98 1974 239 2018 decim
261 1973 486 2032 Apostoli?
507 1974 617 2027 Quia
641 1975 755 2019 enim
778 1985 966 2036 quatuor
989 1986 1091 2022 sunt
1113 1978 1228 2023 orbis
1245 1989 1386 2038 partes
1401 2014 1412 2035 ,
1438 1989 1482 2024 et

96 2054 214 2091 totus
237 2045 349 2089 orbis
366 2045 411 2089 in
434 2045 670 2104 Evangelio
693 2047 930 2093 vocabatur
945 2085 956 2104 ,
984 2049 1102 2094 unde
1123 2060 1312 2111 quatuor
1334 2055 1482 2096 Evan-

98 2114 207 2174 gelia
230 2115 595 2175 conscriptaisunt
611 2152 621 2171 ,
648 2126 691 2161 et
712 2126 826 2162 totus
848 2119 963 2164 orbis
985 2120 1031 2165 in
1063 2121 1240 2165 nomine
1264 2122 1480 2167 Trinitatis

96 2195 304 2239 vocatur,
338 2195 388 2231 ut
415 2197 704 2247 congregetur
735 2188 927 2233 Ecclesia
968 2210 976 2235 :
1013 2201 1202 2252 quatuor
1230 2201 1294 2236 ter
1322 2192 1475 2249 ducta,

97 2255 331 2300 duodecim
356 2256 482 2301 fiunt.
510 2260 626 2316 Ergo
646 2275 735 2303 non
756 2260 962 2306 miremur
983 2262 1017 2305 si
1042 2261 1096 2306 de
1117 2262 1201 2307 illis
1224 2264 1344 2324 aquis
1366 2265 1480 2309 inter

97 2325 291 2370 medium
313 2327 975 2388 montiumffpertranseuntibus,
996 2333 1040 2377 in
1053 2333 1125 2378 illa
1148 2333 1343 2379 doctrina
1357 2352 1480 2396 apos·-

99 2395 228 2439 tolica
243 2395 409 2440 fluente
422 2397 466 2441 in
480 2397 624 2443 medio
646 2408 822 2458 propter
845 2403 1121 2447 concordiam
1135 2405 1453 2450 communionis
1463 2441 1475 2462 ,

99 2480 247 2510 omnes
275 2465 426 2511 bestiae
453 2466 587 2524 sylvae
603 2468 779 2515 bibunt.
804 2471 963 2517 Omnes
987 2473 1102 2519 enim
1135 2484 1258 2520 erant
1287 2477 1331 2520 in
1358 2492 1479 2532 arca,

148 2554 157 2570 ¹
178 2550 249 2582 Act.
267 2560 297 2591 x,
317 2550 408 2592 9-16.
430 2567 470 2575 -
495 2557 507 2573 ²
522 2552 761 2594 Mattl1.xxv111‚
789 2564 839 2595 ¹9-
