1848 3261
462 221 702 249 ENAimA‘no
733 222 778 249 m
810 220 1012 247 »SALMUM
1043 219 1162 244 cvm.
1289 211 1293 214 ’
1418 206 1500 246 263

126 302 277 332 corum
296 296 359 331 est
375 286 648 345 dignoscere,
672 283 893 346 quomodo
914 283 1080 343 placeat
1106 297 1234 341 poena
1253 283 1503 342 iniquorum

124 359 363 404 accusatori
386 358 626 402 inimicitias
662 365 904 402 exsaturare
925 353 1140 414 cupienti,
1162 361 1205 396 et
1224 368 1355 413 quam
1376 353 1507 412 longe

124 430 208 475 alio
225 430 357 475 modo
379 430 547 490 placeat
555 430 693 491 judici
710 439 825 474 recta
847 427 1071 473 voluntate
1092 435 1269 487 peccata
1291 426 1505 485 punienti.

124 501 205 545 Ille
222 501 384 561 quippe
401 500 544 545 reddit
565 500 729 545 malum
751 516 830 560 pro
847 499 985 544 malo:
1001 499 1079 542 iste
1096 506 1240 542 autem
1261 497 1389 541 etiam
1407 512 1509 540 cum

124 571 318 615 vindicat
333 607 343 626 ,
373 587 462 615 non
494 571 637 614 reddit
660 570 822 614 malum
845 586 924 630 pro
953 568 1067 613 malo
1085 604 1095 624 ‚
1123 567 1328 628 quoniam
1346 567 1510 627 justum

123 641 268 685 reddit
299 642 473 700 injusto.
516 640 641 694 Quod
673 650 817 684 autem
854 641 1021 701 justum
1055 647 1144 694 est,
1169 638 1323 697 utique
1344 637 1512 680 bonum

124 719 203 754 est.
225 711 355 754 Punit
369 726 471 769 ergo
493 726 583 754 non
601 710 887 755 delectatione
909 709 1060 753 alienae
1076 707 1259 752 miseriae
1277 727 1288 764 3
1311 705 1431 767 quod
1449 715 1514 750 est

122 779 286 824 malum
315 796 394 840 pro
425 781 569 838 malo3
595 780 671 824 sed
705 780 937 825 dilectione
961 779 1166 840 justitiae,
1200 777 1320 838 quod
1342 786 1406 821 est
1426 776 1511 820 bo-

122 866 230 894 num
252 866 331 910 pro
354 850 485 895 malo.
520 854 673 911 Itaque
701 867 782 895 nec
817 850 970 894 lumini
1003 849 1322 909 Scripturarum
1345 846 1511 892 calum-

120 922 296 966 nientur
317 923 449 976 caeci,
473 922 702 981 opinantes
728 923 850 982 quod
878 925 993 966 Deus
1021 931 1198 981 peccata
1219 936 1309 965 non
1329 920 1508 979 puniat3

120 1008 198 1036 nec
219 992 341 1053 quasi
372 991 536 1036 malum
568 1008 648 1051 pro
670 993 786 1036 malo
809 991 962 1036 reddat
979 1027 990 1047 ‚
1015 992 1095 1036 sibi
1123 990 1408 1035 blandiantur
1438 990 1509 1033 in-

113 1064 234 1122 justi.
252 1063 495 1108 Audiamus
508 1079 611 1122 ergo
626 1063 784 1107 deinde
800 1063 908 1122 quid
921 1063 1093 1107 divinus
1111 1065 1259 1107 Sermo
1280 1069 1480 1105 contexat
1495 1081 1506 1117 3

119 1143 163 1178 et
195 1134 241 1177 in
261 1135 404 1178 verbis
435 1134 559 1194 quasi
592 1134 706 1178 mala
736 1134 951 1193 optantis,
988 1132 1280 1192 intelligamus
1301 1131 1509 1191 praedicta

118 1205 444 1263 prophetanti33
479 1214 522 1248 et
549 1207 688 1248 Deum
714 1205 829 1264 justa
851 1204 1162 1248 retribuentem
1180 1238 1191 1258 ,
1213 1202 1434 1247 sublevata
1462 1201 1507 1245 in

120 1275 210 1333 ejus
228 1283 435 1318 aeternam
457 1273 597 1333 legem
620 1283 765 1318 mente
787 1289 1029 1318 cernamus.

176 1346 295 1387 VIII.
327 1363 346 1386 «
371 1345 597 1388 Constitue
621 1359 750 1403 super
780 1359 881 1387 eum
903 1352 1176 1402 peccatorem
1196 1377 1207 1398 ‚
1229 1351 1272 1386 et
1305 1340 1506 1386 diabolus

120 1432 141 1454 ι)
176 1423 258 1458 stet
279 1430 303 1458 a
319 1413 479 1459 dextris
497 1417 586 1474 ejus
602 1418 629 1458 1.
651 1434 670 1455 ι)
688 1417 800 1459 Cum
821 1415 1016 1473 superius
1034 1414 1207 1474 querela
1230 1413 1284 1457 de
1306 1412 1504 1472 pluribus

116 1482 276 1539 fuerit,
307 1500 426 1529 nunc
449 1484 503 1528 de
530 1500 619 1528 uno
650 1484 844 1544 loquitur
876 1484 1085 1528 Psalmus.
1122 1484 1326 1542 Superius
1357 1492 1502 1527 autem

115 1553 284 1598 dixerat
310 1574 318 1598 ε
348 1574 364 1595 «
400 1555 554 1599 Locuti
589 1565 690 1598 sunt
726 1554 955 1598 adversum
982 1570 1052 1597 me
1079 1553 1226 1612 lingua
1254 1551 1425 1608 dolosa,
1462 1563 1505 1597 et

119 1643 140 1666 »
175 1625 446 1669 sermonibus
467 1624 555 1668 odii
577 1623 962 1676 circumdederunt
983 1639 1068 1679 me,
1086 1632 1128 1667 et
1145 1633 1504 1683 expugnaverunt

119 1714 140 1737 »
175 1711 244 1739 me
270 1697 399 1755 gratis
421 1716 430 1740 :
454 1712 532 1756 pro
556 1712 607 1740 eo
627 1705 677 1740 ut
698 1695 927 1753 diligerent
943 1711 1013 1738 me
1029 1730 1039 1749 ,
1066 1694 1354 1740 detrahebant
1375 1694 1497 1749 mihi,

120 1784 140 1807 »
175 1782 256 1826 ego
288 1776 434 1811 autem
469 1767 645 1811 orabam
680 1787 688 1810 :
723 1775 764 1809 et
787 1775 1026 1825 posuerunt
1048 1766 1275 1809 adversum
1298 1780 1367 1808 me
1388 1764 1503 1809 mala

118 1854 140 1878 »
174 1852 254 1896 pro
287 1837 431 1891 bonis,
463 1846 505 1880 et
539 1837 688 1880 odium
716 1851 796 1895 pro
819 1835 1050 1880 dilectione
1077 1851 1188 1880 mea.
1217 1854 1237 1876 »
1267 1835 1424 1879 Omnia
1447 1835 1502 1879 de

115 1906 331 1967 pluribus.
357 1910 482 1953 Nunc
500 1923 601 1952 vero
630 1907 738 1967 quid
764 1906 885 1965 digni
909 1915 1049 1950 essent
1076 1922 1155 1966 pro
1176 1907 1241 1950 his
1263 1906 1503 1965 iniquitati-

115 1977 198 2021 bus
222 1977 333 2032 suis,
365 1986 408 2021 et
435 1978 543 2037 quid
575 1978 633 2021 eis
665 1977 814 2021 divino
831 1976 998 2037 judicio
1031 1976 1230 2021 futurum
1251 1985 1359 2021 esset
1390 1992 1500 2035 prae-

115 2047 321 2092 nuntians
336 2082 346 2102 ,
378 2067 399 2089 «
423 2048 675 2101 Constitue,
701 2048 858 2108 inquit,
876 2063 1124 2107 supereum
1143 2056 1413 2107 peecatorem
1440 2066 1449 2091 :
1475 2065 1495 2087 υ

114 2127 322 2178 tanquam
354 2117 585 2161 intendens
618 2118 664 2161 in
694 2133 793 2161 eum
812 2153 822 2172 ,
858 2118 934 2177 qui
961 2133 1005 2161 se
1032 2117 1212 2162 tradidit
1233 2116 1419 2171 talibus⁷
1444 2115 1499 2160 de

113 2187 315 2248 qualibus
350 2189 436 2232 suis
467 2188 649 2232 inimicis
683 2187 946 2247 loquebatur
973 2189 1183 2247 superius.
1221 2190 1330 2232 Cum
1365 2188 1497 2246 igitur

112 2259 183 2302 hic
216 2261 241 2302 J
246 2258 376 2302 udam
422 2259 676 2302 traditorem
723 2258 961 2303 secundum
995 2260 1262 2319 Scripturam
1303 2263 1495 2303 Actuuin

113 2329 421 2388 Apostolorum
449 2328 660 2388 supplicio
684 2329 834 2373 debito
866 2330 1130 2389 praenuntiet
1163 2330 1493 2389 puniendum²3

113 2397 221 2458 quid
243 2407 326 2453 est,
350 2417 370 2438 «
393 2400 619 2443 Constitue
647 2414 775 2458 super
804 2414 903 2443 eum
925 2409 1194 2459 peccatorem
1212 2435 1222 2454 ‚
1251 2418 1271 2441 »
1293 2400 1374 2443 nisi
1395 2414 1496 2443 eum

114 2484 245 2529 quem
268 2470 465 2529 sequenti
498 2485 625 2513 versu
652 2470 840 2524 indicat,
865 2485 963 2514 cum
997 2471 1101 2515 dicit
1123 2491 1131 2515 ;
1161 2490 1179 2511 «
1205 2473 1261 2514 Et
1299 2469 1496 2514 diabolus

164 2565 173 2579 ¹
194 2557 273 2589 Psal.
298 2568 381 2597 cvm,
398 2557 428 2588 6.
451 2573 492 2580 ——
512 2565 523 2579 ²
544 2559 616 2589 Act.
636 2569 660 2594 1,
677 2565 729 2589 20.
