1848 3261
373 204 456 241 512
812 211 845 239 S.
882 212 1111 240 Aucusnm
1144 213 1324 240 EPISCOPI

430 280 505 321 IV.
530 276 683 322 Multae
705 285 851 320 autem
884 287 1064 336 possunt
1086 276 1270 336 intelligi
1292 276 1520 321 calumniae
1542 278 1756 337 superbo—

369 364 489 402 rum,
511 365 532 392 a
564 348 724 408 quibus
759 348 979 393 humilitas
1006 348 1238 393 christiana
1273 348 1508 407 despicitur
1541 368 1550 393 :
1577 348 1653 393 sed
1686 349 1758 393 illa

369 419 440 462 vel
462 418 648 462 maxima
670 428 733 463 est
749 455 759 473 ‚
785 419 818 462 si
834 419 1032 463 homines
1053 418 1251 463 hocloco
1271 418 1543 477 accipiuntur
1563 419 1754 479 superbi,

369 488 522 550 quoda
534 489 659 533 nobis
672 497 892 533 mortuum
903 487 1223 533 calumniantur
1237 487 1336 532 coli.
1352 488 1583 533 Humilitas
1596 490 1758 549 quippe

368 560 460 620 ipsa
481 559 713 604 christiana
730 593 741 613 ‚
767 559 925 603 Christi
945 568 1083 603 morte
1114 560 1380 615 insinuatur,
1401 559 1759 604 commendatur-

369 646 456 691 que
476 629 697 674 divinitus.
720 632 825 673 Haec
855 638 1001 672 autem
1023 628 1239 674 calumnia
1263 631 1459 691 utrisque
1482 629 1755 685 infidelibus,

368 702 413 746 id
427 710 488 745 est
505 736 516 756 ,
544 700 706 744 Judaeis
729 700 1030 760 Gentibusque
1042 701 1285 744 communis
1300 710 1377 744 est.
1400 701 1574 744 Habent
1590 701 1759 745 calum-

368 772 460 817 nias
487 787 584 816 suas
616 771 745 815 ctiam
774 771 994 825 haeretici,
1029 770 1208 830 singulis
1243 771 1492 832 quibusque
1525 771 1760 815 haeresibus

368 843 563 903 proprias
591 861 599 886 ε
624 842 845 886 habentet
867 842 1126 885 schismatici
1146 878 1155 897 ,
1178 858 1287 902 quos
1310 857 1459 886 omnes
1482 842 1683 902 superbia
1705 841 1760 886 de

367 913 665 957 membrorum
683 912 844 957 Christi
866 927 1075 971 compage
1098 912 1312 972 praecidit.
1341 913 1480 971 Ipsius
1503 922 1650 956 autem
1671 912 1761 956 dia-

368 983 459 1028 boli
481 983 698 1028 calumnia
714 992 877 1043 quanta
894 982 964 1025 vel
984 982 1123 1042 qualis
1140 989 1228 1037 est,
1264 999 1350 1043 qua
1375 982 1664 1027 calumniatus
1697 992 1760 1027 est

365 1057 483 1115 justo
505 1091 516 1110 ,
541 1054 688 1099 dicens
714 1073 722 1098 :
747 1074 767 1096 ·‹
793 1053 1019 1113 Numquid
1036 1054 1165 1112 gratis
1187 1053 1291 1098 colit
1315 1053 1400 1098 Job
1422 1054 1712 1098 Dominum1?
1740 1075 1757 1096 »

371 1129 569 1179 Quorum
590 1125 785 1170 omnium
817 1124 1049 1169 calumniae
1085 1125 1373 1184 superborum
1407 1133 1616 1185 tanquam
1639 1124 1762 1169 colu-

372 1198 552 1240 brorum
574 1212 740 1239 venena
757 1195 996 1239 vincuntur
1010 1230 1021 1250 ,
1046 1211 1146 1239 cum
1169 1194 1494 1254 vigilantissima
1518 1205 1561 1240 et
1582 1193 1762 1254 diligen-

375 1260 531 1311 tissima
547 1268 705 1326 pietate
723 1267 920 1310 Christus
935 1267 1163 1310 crucifixus
1177 1267 1431 1311 attenditur.
1448 1270 1630 1326 Propter
1642 1265 1763 1326 quod

371 1336 743 1399 praefigurandum
757 1340 927 1393 Moyses
943 1340 1032 1381 Deo
1050 1337 1280 1380 miserante
1298 1353 1346 1381 ac
1357 1338 1542 1397 jubente
1560 1337 1764 1381 exaltavit

370 1410 416 1453 in
438 1424 583 1452 eremo
607 1406 935 1451 similitudinem
958 1407 1166 1466 serpentis
1187 1407 1232 1450 in
1253 1407 1399 1466 ligno‘2
1415 1443 1426 1462 ‚
1450 1417 1501 1452 ut
1523 1406 1762 1452 similitudo

370 1480 510 1525 carnis
523 1479 689 1539 peccati
704 1478 998 1537 crucifigenda
1012 1478 1364 1537 praefiguraretur
1375 1479 1421 1522 in
1435 1478 1622 1524 Christo.
1639 1481 1763 1523 Hanc

372 1552 591 1594 intuentes
604 1548 870 1594 salutiferam
883 1564 1073 1604 crucem,
1092 1564 1221 1593 omne
1238 1549 1600 1593 calumniantium
1617 1565 1763 1609 super-

372 1623 531 1666 borum
544 1621 658 1664 virus
676 1619 928 1680 expellimus
954 1639 963 1664 :
984 1635 1115 1680 quam
1133 1635 1307 1679 prorsus
1322 1620 1451 1664 etiarn
1470 1620 1551 1665 iste
1570 1619 1763 1681 quodam

372 1690 504 1737 modo
526 1690 653 1734 valde
674 1691 842 1734 intente
863 1690 1037 1734 intuens
1058 1725 1068 1745 ,
1095 1691 1153 1734 ait
1177 1710 1186 1735 :
1216 1710 1236 1733 «
1255 1690 1382 1735 Oculi
1403 1691 1488 1734 mei
1506 1690 1764 1736 defecerunt

379 1787 394 1803 »
430 1763 476 1807 in
496 1760 683 1805 salutare
709 1769 830 1804 tuum
843 1794 854 1811 ‚
874 1769 917 1803 et
933 1760 977 1803 in
996 1760 1218 1819 eloquium
1228 1761 1407 1819 justitiae
1424 1763 1553 1805 tuaess.
1576 1782 1593 1801 »
1612 1761 1763 1805 Chris—

373 1846 467 1880 tum
491 1834 655 1895 quippe
668 1833 811 1891 ipsum
829 1834 943 1875 Deus
961 1839 1139 1889 propter
1155 1830 1483 1875 similitudinem
1502 1832 1641 1876 carnis
1658 1848 1762 1892 pec-

374 1907 505 1960 cati⁴‚
522 1912 750 1964 peccatum
773 1916 852 1960 pro
874 1900 1001 1943 nobis
1025 1898 1153 1954 fecit,
1181 1909 1230 1944 ut
1251 1916 1330 1945 nos
1345 1901 1476 1945 simus
1495 1902 1662 1962 justitia
1685 1903 1763 1947 Dei

374 1980 419 2023 in
453 1978 565 2037 ipso5
583 2010 592 2019 .
620 1978 671 2018 In
690 1974 820 2033 hujus
842 1972 974 2030 igitur
1006 1971 1229 2032 eloquium
1253 1973 1432 2033 justitiae
1456 1975 1531 2017 Dei
1556 1973 1762 2020 defecisse

376 2049 482 2093 dicit
503 2045 653 2091 oculos
677 2060 775 2088 suos
793 2064 803 2100 3
826 2041 1027 2086 ardenter
1041 2051 1083 2086 ct
1104 2042 1296 2087 sitienter
1313 2043 1527 2088 intuendo
1549 2045 1653 2088 dum
1674 2060 1762 2088 me-

376 2134 472 2164 mor
500 2114 760 2160 infirmitatis
783 2114 986 2157 humanae
1002 2148 1013 2168 ‚
1038 2112 1231 2157 divinam
1258 2113 1305 2156 in
1343 2114 1515 2159 Christo
1547 2113 1762 2160 desiderat

376 2190 572 2249 gratiam.

437 2264 489 2306 V.
511 2265 693 2321 Propter
710 2259 830 2320 quod
852 2260 1073 2320 sequitur:
1096 2279 1111 2300 «
1135 2263 1221 2304 Fac
1244 2275 1343 2304 cum
1366 2275 1488 2304 servo
1506 2269 1582 2303 tuo
1604 2274 1761 2304 secun-

382 2356 398 2376 »
436 2332 542 2377 dum
565 2330 902 2376 misericordiam
939 2332 1085 2375 tuamG
1119 2350 1126 2374 :
1165 2350 1184 2371 »
1211 2347 1299 2374 non
1334 2331 1488 2391 utique
1521 2331 1762 2375 secundum

371 2404 582 2465 justitiam
615 2418 772 2447 meam.
804 2422 817 2439 «
854 2405 911 2446 Et
936 2401 1286 2461 justificationes,
1315 2401 1458 2461 inquit
1476 2436 1486 2456 ,
1523 2410 1618 2445 tuas
1655 2401 1762 2446 doce

429 2500 622 2542 ¹Job.1‚9⁴
645 2516 686 2521 -—
712 2506 723 2521 ²
743 2501 834 2529 Num.
857 2510 924 2536 xxi,
947 2510 980 2540 ς),
1002 2502 1034 2530 et
1050 2500 1140 2529 Joan.
1163 2509 1209 2537 Μ,
1234 2497 1282 2538 14.
1302 2515 1342 2520 —-··
1362 2497 1373 2520 3
1395 2499 1602 2539 Ρ331.οῑνιιι,
1626 2491 1699 2530 123.
1721 2514 1761 2521 —-

380 2556 393 2586 -ὀ
415 2559 503 2588 Rom.
526 2567 593 2597 vui,
613 2556 642 2587 3.
663 2573 700 2577 —-
720 2553 735 2578 5
750 2564 767 2586 2
788 2557 857 2586 Cor.
883 2566 916 2595 v,
932 2564 984 2585 ⁴21.
1011 2571 1048 2577 —
1069 2551 1084 2575 6
1104 2553 1180 2585 mal.
1202 2564 1309 2594 cxvm,
1335 2553 1405 2595 124.
