1848 3261
430 210 670 242 ENARRATio
701 213 746 242 m
779 214 982 241 PsALMUM
1012 215 1084 240 cu.
1374 204 1424 241 61

49 285 114 320 tra
148 277 403 332 Dominum,
446 280 569 338 quasi
601 280 640 324 ei
675 278 963 338 respondisset
990 278 1133 322 anima
1154 292 1230 322 sua
1257 296 1265 323 :
1292 283 1431 332 Quare

48 346 154 390 mihi
188 346 291 391 dicis
316 365 325 392 z
361 348 549 394 Benedic
586 350 838 394 Dominum.
869 348 1108 393 Audiamus
1131 363 1232 406 ergo
1249 383 1260 403 ,
1285 348 1432 393 audiat

48 416 139 475 ipsa
157 418 299 462 anima
321 428 489 474 nostra,
513 419 754 464 consideret
773 419 918 463 omnia
936 418 1096 478 quibus
1118 417 1351 474 excitetur,
1376 435 1431 463 ne

47 487 169 545 pigra
191 488 244 531 sit
269 488 312 531 in
336 488 639 534 benedictione
661 489 855 543 Domini,
882 497 925 532 et
945 487 1090 532 videat
1116 503 1172 532 an
1187 489 1356 548 justum
1379 488 1433 532 sit

47 559 168 617 quod
189 559 228 602 ei
252 559 411 604 dicitur
437 580 446 605 :
476 580 496 603 «
520 560 724 615 Benedic,
750 560 891 603 anima
909 574 1022 614 mea,
1042 560 1276 604 Dominum
1300 579 1308 604 :
1328 578 1348 600 n
1364 559 1432 604 vi-

46 627 147 672 deat
167 628 201 671 si
223 628 353 673 debet
371 630 489 674 aliud
509 631 765 675 benedicere
790 638 947 689 praeter
969 629 1220 674 Dominum,
1250 648 1270 672 «
1290 631 1433 674 Bene-

49 715 70 738 »
106 697 198 754 dic,
221 699 387 759 inquit,
412 702 553 746 anima
570 717 681 757 mea,
699 702 986 746 Dominum.»

107 772 164 813 ΙΙ.
186 772 361 829 Repetit
381 773 485 827 hoc,
512 783 554 817 et
576 774 813 833 expressius
836 773 939 816 dicit
962 771 1083 832 quod
1107 772 1295 818 dixerat:
1320 793 1339 815 «
1356 776 1444 832 Bes

50 858 70 880 »
106 839 234 883 nedic
252 875 262 895 ‚
291 842 431 886 anima
453 858 565 897 mea,
592 845 841 888 Dominum.
868 846 925 887 Et
946 843 1091 887 omnia
1111 844 1315 888 interiora
1337 860 1434 888 mea

48 925 70 949 »
105 924 266 953 nomen
294 921 490 955 sanctum
524 914 659 971 ejus¹.
693 931 713 954 »
750 917 862 957 Puto
894 914 996 972 quia
1032 929 1121 958 non
1143 914 1199 958 ad
1228 915 1434 958 interiora

45 981 235 1039 corporis
256 981 451 1041 loquitur
478 1002 486 1027 :
512 993 621 1043 puto
644 999 745 1028 eum
767 1000 857 1029 non
877 985 961 1029 hoc
989 985 1132 1029 dicere
1154 1021 1165 1041 ‚
1200 995 1248 1029 ut
1280 985 1432 1045 pulmo

40 1059 186 1094 noster
208 1060 250 1094 et
265 1052 390 1111 jecur
405 1088 416 1107 ,
442 1061 485 1096 et
506 1053 540 1097 si
561 1070 648 1113 qua
672 1063 773 1098 sunt
798 1055 999 1098 intestina
1017 1055 1172 1110 carnis,
1202 1065 1434 1115 erumpant

40 1121 85 1164 in
106 1136 257 1164 vocem
286 1122 600 1167 benedictionis
633 1124 822 1168 Domini.
855 1127 932 1168 Est
954 1124 1134 1185 quidem
1158 1125 1309 1184 pulmo
1331 1141 1435 1185 pec-

42 1190 145 1234 toris
164 1192 297 1235 nostri
314 1193 436 1251 quasi
453 1192 568 1236 follis
590 1193 770 1253 quidam
794 1194 1001 1238 anhelans
1024 1195 1224 1254 spiritum
1245 1195 1434 1254 recipro-

40 1275 141 1304 cum
156 1295 166 1315 ,
188 1262 264 1321 qui
278 1262 451 1321 spiritus
474 1264 674 1322 concepti
695 1264 801 1306 aeris
818 1264 863 1306 in
885 1279 1035 1308 vocem
1055 1274 1098 1308 et
1115 1280 1269 1308 sonum
1292 1265 1434 1324 expri—

41 1330 174 1374 mitur
193 1365 204 1386 ,
241 1347 343 1375 cum
373 1333 507 1377 verba
539 1333 774 1392 digerimus
802 1353 809 1377 :
847 1349 928 1378 nec
960 1343 1102 1393 potest
1124 1334 1291 1394 aliquid
1314 1336 1434 1379 vocis

41 1416 193 1445 sonare
217 1401 272 1445 ab
295 1418 368 1446 ore
385 1413 549 1459 nostro⁷
567 1404 648 1447 nisi
668 1404 788 1463 quod
810 1404 963 1463 pulmo
987 1420 1206 1464 expressus
1225 1406 1429 1449 emiserit.

44 1469 129 1515 Sed
151 1487 241 1516 non
263 1472 367 1516 hinc
385 1473 550 1531 agitur,
569 1474 654 1518 hoc
675 1483 819 1518 totum
843 1474 898 1517 ad
920 1489 1043 1518 aures
1065 1475 1309 1518 hominum.
1340 1479 1433 1519 Ha-

39 1540 116 1584 bet
145 1557 268 1585 aures
290 1545 404 1587 Deus
422 1578 432 1598 ,
467 1543 601 1587 habet
622 1553 665 1587 et
687 1559 843 1588 sonum
866 1560 954 1588 cor.
988 1545 1200 1589 Interiora
1222 1561 1298 1589 sua
1320 1545 1433 1590 allo-

41 1612 191 1672 quitur
212 1614 366 1669 homo7
392 1623 441 1658 ut
459 1613 720 1658 benedicant
737 1615 975 1659 Dominum
989 1650 1000 1670 ⁷
1026 1625 1069 1659 61
1091 1615 1197 1660 dicit
1218 1617 1277 1660 eis
1303 1636 1311 1660 ι
1333 1618 1433 1660 0111-

41 1682 112 1726 nia
132 1682 337 1728 interiora
361 1699 456 1728 mea
474 1700 636 1729 nomen
658 1695 855 1730 sanctum
874 1686 964 1745 ejus
986 1685 1245 1731 benedicite.
1267 1687 1433 1739 Quaeris

41 1769 141 1812 quae
162 1763 264 1798 sunt
295 1754 500 1799 interiora
518 1757 626 1799 tua?
647 1758 744 1815 Ipsa
767 1756 910 1799 anima
938 1765 1027 1799 tua.
1055 1756 1184 1808 Quod
1206 1771 1308 1814 ergo
1334 1758 1394 1800 ait
1420 1777 1428 1802 :

47 1842 67 1865 «
101 1824 305 1880 Benedic‚
333 1826 476 1871 anima
501 1842 613 1882 mea,
640 1827 904 1883 Dominum3
932 1845 951 1867 »
978 1827 1061 1870 hoc
1090 1827 1148 1870 ait
1187 1847 1195 1871 :
1225 1846 1245 1869 «
1275 1829 1433 1872 Omnia

44 1913 65 1936 »
100 1895 305 1940 interiora
327 1912 614 1952 mea‚nomen
636 1907 832 1941 sanctum
847 1898 963 1958 ejus:
987 1898 1279 1942 »subauditur
1297 1900 1429 1955 enim,

42 1966 306 2010 Benedicite.
326 1967 474 2012 Clama
490 1984 613 2023 voce⁷
633 1969 666 2011 si
685 1977 748 2012 est
764 1969 896 2012 homo
919 1969 994 2028 qui
1017 1969 1188 2013 audiat:
1209 1969 1285 2013 sile
1306 1986 1428 2026 voce,

43 2035 222 2095 quando
240 2052 329 2081 non
347 2047 409 2081 est
431 2038 506 2097 qui
528 2037 675 2082 audiat
707 2056 715 2081 ε
741 2038 945 2081 interiora
968 2047 1042 2082 tua
1064 2054 1291 2099 nunquam
1312 2040 1433 2086 deest

44 2107 121 2167 qui
144 2107 306 2152 audiat.
335 2111 489 2168 Itaque
512 2109 693 2152 sonabat
715 2107 980 2168 jamdudum
1010 2109 1257 2154 benedictio
1281 2111 1336 2155 de
1358 2128 1431 2156 ore

43 2186 214 2233 nostro,
241 2186 284 2221 et
304 2178 398 2222 haec
419 2178 511 2237 ipsa
533 2179 667 2223 verba
689 2179 972 2223 cantabamus
991 2198 1000 2224 z
1026 2198 1045 2221 «
1060 2181 1264 2236 Benedic,
1290 2183 1432 2227 anima

48 2263 68 2286 »
104 2261 214 2302 mea,
241 2248 506 2305 Dominum3
531 2257 574 2292 et
596 2248 739 2292 omnia
758 2248 963 2294 interiora
983 2264 1094 2305 mea,
1119 2266 1280 2295 nomen
1303 2268 1431 2297 sanc-

47 2334 68 2356 »
104 2324 200 2359 tum
221 2318 326 2376 ejus.
346 2335 367 2358 »
395 2322 612 2370 Quantum
637 2318 734 2362 satis
758 2317 840 2362 suit
861 2320 1045 2379 tempori
1069 2321 1335 2366 cantavimus
1351 2357 1361 2377 ‚
1388 2332 1430 2367 et

46 2389 266 2434 siluimus:
288 2391 504 2450 numquid
530 2390 735 2433 interiora
760 2399 904 2434 nostra
927 2390 1050 2434 silere
1072 2391 1237 2435 debent
1254 2409 1276 2436 a
1299 2393 1431 2437 ben'e-

47 2458 236 2503 dictione
272 2461 481 2505 Domini?
513 2459 711 2507 Alternet
743 2475 821 2519 pro
855 2469 1047 2520 tempore
1082 2476 1213 2506 sonus
1240 2477 1425 2519 vocum,

99 2548 105 2564 ¹
129 2544 207 2576 Psal.
228 2556 283 2583 cii,
311 2557 338 2577 1.
