1848 3261
429 274 508 311 116
851 286 883 311 s.
921 283 1147 312 AUGUSTIM
1179 285 1360 312 Emscom

418 368 438 390 »
473 348 596 408 quasi
629 347 880 392 carnalibus
904 351 934 392 ².
970 367 990 390 »
1024 353 1086 393 De
1120 348 1299 408 spiritali
1332 347 1522 409 quadam
1569 350 1804 394 allectione

418 420 569 463 missus
587 427 650 462 est
671 419 725 462 ad
743 418 933 462 carnales
951 454 962 473 ‚
988 428 1196 479 tanquam
1218 418 1407 476 Angelus
1430 418 1484 462 de
1502 418 1615 464 coelo
1638 419 1693 463 ad
1714 428 1804 463 ter-

417 505 524 533 ram.
549 488 777 542 Quomodo
797 489 902 532 dicit
924 508 931 532 :
963 508 982 530 «
1008 492 1064 533 Et
1085 489 1302 532 ministros
1325 504 1426 533 suos
1448 489 1593 547 ignem
1618 490 1806 547 flagran-

419 580 437 601 »
476 570 583 615 tem,
607 578 626 600 n
649 559 730 603 nisi
753 558 975 619 quomodo
996 559 1126 603 dicit:
1157 578 1176 600 «
1205 559 1368 618 Spiritu
1391 558 1605 603 ferventes
1620 561 1635 584 ²
1651 561 1669 603 P
1688 581 1704 599 α
1735 560 1803 605 Sic

413 632 530 675 enim
549 630 717 675 fervens
740 630 891 689 spiritu
909 665 919 684 ,
945 630 1054 687 ignis
1077 629 1231 674 ardens
1255 640 1317 674 est
1335 631 1472 674 omnis
1488 630 1684 674 minister
1705 631 1798 675 Dei.

411 705 566 748 Nonne
589 701 769 745 ardebat
793 701 1064 759 Stephanus?
1079 704 1175 754 Quo
1193 702 1293 759 igne
1311 701 1522 745 ardebat?
1538 704 1593 745 Et
1611 702 1706 762 quis
1728 701 1802 746 ille

410 773 517 830 ignis
539 781 654 827 erat,
680 770 856 831 qnando
885 770 1160 830 lapidabatur
1175 806 1186 823 ,
1212 780 1255 815 et
1279 787 1356 831 pro
1381 772 1439 815 eis
1460 787 1484 815 a
1507 771 1668 831 quibus
1689 771 1801 832 lapi-

411 844 597 887 dabatur
620 843 863 900 rogabat3?
892 844 1004 886 Cum
1026 841 1175 896 audis,
1215 843 1330 899 Ignis
1367 851 1430 886 est
1459 842 1655 886 minister
1689 843 1796 899 Dei,

408 914 688 958 incensurum
726 911 851 955 illum
886 921 1012 971 putas
1034 913 1051 953 ἶ)
1092 912 1304 956 Incendat
1334 911 1435 957 licet
1459 947 1470 968 ,
1511 911 1588 956 sed
1627 912 1799 957 foenum

408 994 533 1029 tuum
550 1019 560 1039 ‚
581 983 627 1027 id
649 992 735 1038 est,
773 982 959 1027 carnalia
982 982 1127 1026 omnia
1148 982 1359 1034 desideria
1383 992 1458 1026 tua
1480 992 1581 1026 urat
1602 983 1798 1027 minister

406 1057 510 1110 Dei,
531 1053 770 1114 praedicans
784 1053 968 1098 verbum
990 1053 1082 1097 Dei.
1103 1053 1219 1096 Audi
1242 1053 1367 1097 illum
1389 1073 1396 1097 :
1428 1072 1445 1094 «
1465 1053 1533 1098 Sic
1556 1069 1633 1098 nos
1655 1054 1797 1098 existi-

413 1148 430 1168 »
466 1135 556 1169 met
574 1126 722 1179 homo,
739 1124 862 1184 quasi
876 1123 1093 1167 ministros
1107 1124 1281 1179 Christi,
1298 1133 1340 1168 et
1356 1123 1670 1183 dispensatores
1684 1140 1799 1183 mys-

411 1218 428 1238 »
465 1196 672 1240 teriorum
688 1196 836 1239 Dei4.»
853 1194 1084 1247 Quomodo
1099 1204 1244 1238 autem
1264 1194 1460 1249 ardebat,
1483 1211 1584 1239 cum
1607 1195 1794 1240 diceret:

412 1288 427 1308 «
466 1269 523 1310 Os
545 1279 740 1311 nostrum
757 1275 876 1325 patet
898 1266 951 1309 ad
976 1281 1048 1309 vos
1067 1300 1077 1320 ‚
1099 1280 1124 1308 o
1147 1264 1390 1319 Corinthii,
1414 1280 1488 1309 cor
1509 1274 1706 1329 nostrum
1725 1266 1795 1310 di-

413 1360 430 1380 »
466 1339 650 1382 latatum
668 1347 731 1381 est
750 1338 795 1378 5?
824 1358 839 1377 »
863 1335 1056 1380 Ardebat
1078 1345 1121 1379 et
1143 1336 1355 1393 flagrabat
1377 1336 1586 1380 charitate
1602 1371 1613 1391 ‚
1640 1346 1683 1380 et
1704 1337 1796 1381 ibat

402 1409 447 1452 in
470 1424 540 1453 eos
561 1418 608 1452 ut
632 1406 897 1451 incenderet.
925 1408 1054 1450 Hunc
1087 1406 1231 1463 ignem
1262 1421 1306 1449 se
1335 1406 1564 1450 missurum
1584 1407 1794 1452 Dominus

402 1480 447 1522 in
472 1489 626 1523 terram
652 1478 826 1522 dicebat
840 1513 850 1532 ,
876 1491 977 1520 cum
999 1475 1058 1520 ait
1078 1495 1086 1520 ;
1110 1494 1128 1515 «
1151 1479 1301 1533 Ignem
1322 1477 1422 1520 veni
1446 1477 1617 1520 mittere
1639 1477 1684 1520 in
1706 1486 1794 1521 ter-

404 1572 419 1590 »
458 1552 590 1593 ramss.
618 1569 634 1589 »
654 1547 882 1601 Quomodo
903 1546 1112 1605 gladium,
1138 1546 1196 1590 sic
1220 1546 1412 1605 ignem7.
1435 1545 1614 1591 Gladius
1637 1546 1793 1593 dividit

400 1621 608 1664 allectum
631 1618 875 1673 carnalem,
907 1618 1017 1676 ignis
1051 1617 1254 1661 absumit.
1298 1621 1454 1661 Totum
1483 1618 1529 1662 in
1551 1620 1685 1663 verbo
1713 1620 1791 1664 Dei

400 1690 617 1749 intellige,
652 1698 794 1733 totuin
822 1689 867 1731 in
903 1688 1056 1747 spiritu
1082 1687 1155 1730 Dei
1188 1702 1414 1745 cognosce.
1449 1689 1598 1748 Incipe
1624 1687 1790 1734 fervere

399 1762 607 1806 charitate
630 1776 705 1820 per
726 1760 909 1803 verbum
927 1757 1047 1819 quod
1069 1759 1207 1813 audis,
1228 1768 1271 1803 et
1292 1759 1390 1802 vide
1407 1759 1515 1819 quid
1537 1760 1583 1803 in
1604 1769 1647 1804 te
1669 1760 1789 1805 fece-

398 1834 453 1877 rit
468 1833 578 1892 ignis
601 1832 793 1876 minister
815 1831 903 1874 Dei.
925 1849 942 1870 «
961 1830 1046 1883 Qui
1062 1830 1167 1873 facit
1183 1829 1372 1889 Angelos
1393 1846 1492 1875 suos
1514 1831 1688 1891 spiritus
1709 1867 1719 1888 ,
1745 1841 1789 1877 et

403 1924 420 1946 »
457 1904 674 1947 ministros
692 1919 790 1947 suos
808 1903 955 1961 ignem
973 1901 1246 1960 flagrantem.
1274 1921 1292 1943 »

456 1977 599 2018 XVII.
627 1994 643 2014 ‹<
671 1973 890 2018 Fundavit
927 1982 1086 2016 terram
1115 1988 1245 2032 super
1270 1973 1519 2017 firmitatem
1547 1975 1663 2035 ejus,
1696 1990 1786 2020 non

401 2067 418 2087 »
454 2045 734 2089 inclinabitur
766 2045 811 2088 in
833 2044 1043 2088 saeculum
1074 2043 1268 2088 saeculiss.
1306 2064 1322 2085 »
1365 2047 1426 2088 De
1465 2054 1578 2089 terra
1599 2046 1679 2090 ista
1702 2047 1786 2091 hoc

395 2118 603 2177 accipere,
624 2117 767 2160 nescio
788 2125 937 2160 utrum
960 2115 1120 2159 habeat
1137 2114 1278 2158 ullum
1295 2115 1477 2171 exitum,
1495 2126 1644 2161 utrum
1668 2127 1785 2161 recte

395 2188 585 2233 dicatur:
610 2191 743 2233 «Non
766 2187 1047 2231 inclinabitur
1068 2187 1113 2229 in
1133 2185 1340 2230 saeculum
1364 2187 1511 2231 saeculi
1540 2207 1548 2231 :
1576 2208 1592 2229 »
1620 2188 1675 2231 de
1698 2205 1784 2249 qua

394 2260 558 2303 dictum
582 2268 665 2303 est:
687 2278 703 2298 «
722 2257 895 2302 Coelum
913 2266 956 2300 et
974 2267 1085 2301 terra
1109 2255 1359 2300 transient9.
1386 2277 1403 2297 »
1426 2257 1671 2303 Laboratur
1691 2260 1778 2316 hic,

392 2331 424 2373 si
446 2330 501 2375 ad
522 2330 708 2374 litteram
733 2344 899 2389 quaeras
923 2329 1129 2387 accipere.
1155 2329 1264 2372 Nam
1293 2326 1414 2387 quod
1436 2328 1495 2372 ait
1519 2348 1526 2373 :
1555 2347 1575 2370 «
1602 2332 1635 2373 F
1642 2329 1782 2375 unda-

398 2422 414 2442 »
451 2402 512 2446 vit
545 2412 704 2445 terram
728 2416 856 2460 super
886 2400 1138 2444 firmitatem
1171 2399 1290 2458 ejus:
1322 2419 1338 2440 »
1366 2398 1546 2444 fortasse
1574 2401 1779 2461 quaedam

440 2526 449 2541 1
478 2521 536 2551 (301-
557 2529 601 2559 111,
629 2528 656 2548 1,
684 2533 722 2538 —-
741 2523 753 2538 2
773 2518 863 2547 Rom.
880 2526 939 2555 xii,
963 2525 1012 2546 11.
1034 2531 1076 2536 —-
1096 2512 1108 2536 3
1124 2513 1202 2545 Act.
1224 2524 1283 2554 vn,
1304 2513 1357 2555 59.
1378 2530 1420 2537 -‹
1440 2513 1456 2543 4
1486 2526 1497 2546 1
1518 2516 1590 2547 Cor.
1611 2526 1656 2558 lv,
1685 2528 1714 2548 1.
1735 2534 1777 2540 —-

394 2574 408 2598 5
426 2584 444 2607 2
463 2577 533 2608 Cor.
554 2586 597 2613 vi,
619 2585 667 2604 11.
690 2590 731 2595 -—
750 2570 764 2594 fi
791 2574 865 2603 Luc.
892 2582 945 2611 xii,
969 2570 1020 2613 (19.
1043 2588 1083 2592 —
1104 2577 1117 2602 7
1137 2569 1249 2601 Matth.
1269 2581 1302 2611 x,
1325 2568 1375 2611 14.
1404 2587 1444 2593 —
1470 2569 1484 2593 8
1503 2571 1582 2603 Psal.
1598 2582 1663 2614 cin,
1684 2584 1715 2615 7.
1735 2590 1776 2596 —-

395 2640 408 2662 11·
435 2630 547 2662 Txiaiih,
572 2641 657 2670 xxiv,
680 2629 729 2659 {3'1
