1848 3261
369 203 449 241 192
791 211 825 241 s.
862 212 1092 243 Aucusnm
1123 214 1305 242 Enscom

362 276 568 338 proponit
588 276 864 333 imitandum,
887 289 927 323 et
947 279 1001 323 de
1023 280 1146 337 Legis
1168 278 1372 338 operibus
1395 278 1627 338 gloriantes
1644 276 1746 322 inde

363 347 594 403 convincit,
616 348 733 409 quod
753 349 970 393 Abraham
991 350 1120 394 etiam
1138 358 1238 393 ante
1259 349 1632 394 circumcisionem
1654 363 1748 393 cre-

362 417 582 474 diditDeo,
604 427 646 462 et
658 429 905 479 reputatum
923 429 985 464 est
1002 420 1065 463 illi
1088 419 1142 463 ad
1159 419 1367 479 justitiam
1381 424 1412 463 ’ἦ
1435 420 1630 479 Denique
1646 434 1748 463 cum

361 489 536 536 dixisset
554 508 562 534 :
584 509 604 532 ε(
619 493 788 535 Memor
810 489 894 534 suit
915 491 959 534 in
980 489 1189 535 sacculum
1204 490 1466 533 Testamenti
1489 490 1570 544 sui,
1590 508 1608 530 n
1627 488 1748 549 quod

359 561 405 604 in
421 570 635 604 aeternum
656 560 897 619 intelligere
921 562 1128 605 debemus
1145 596 1155 615 ,
1182 559 1429 605 testamenti
1447 559 1608 604 scilicet
1624 559 1749 619 justi-

360 631 571 675 ficationis
613 640 656 674 et
699 630 961 674 haercditatis
996 640 1170 675 aeternae
1187 666 1197 685 ,
1238 646 1371 688 quam
1412 629 1514 674 fidei
1550 629 1750 689 promisit

359 705 473 747 Deus
500 721 508 746 :
540 701 740 756 «Verbi,
765 701 936 761 inquit,
963 701 1085 761 quod
1117 702 1338 745 mandavit
1359 701 1402 745 in
1434 700 1552 744 mille
1576 715 1748 759 genera-

362 790 382 813 »
419 773 569 816 tiones.
588 790 608 812 »
628 771 745 824 Quid
767 780 845 826 est,
871 792 890 813 «
915 771 1166 816 Mandavit?
1185 790 1205 812 »
1225 772 1355 825 Quod
1373 772 1488 816 cnim
1511 772 1589 815 ait:
1612 790 1631 813 «
1652 770 1748 814 Tibi

364 864 381 885 »
418 843 534 887 dabo
557 852 716 886 terram
737 843 944 886 Chanaan
969 862 977 887 :
1004 861 1023 883 ι)
1050 858 1140 887 non
1161 842 1415 887 mandatum
1439 852 1524 897 est,
1551 841 1627 887 sed
1644 857 1747 902 pro-

360 915 553 967 missum.
574 912 832 958 Mandatum
849 923 912 957 est
933 922 1079 957 autem
1100 912 1222 973 quod
1245 911 1386 956 facere
1408 911 1634 967 debemus,
1654 928 1749 971 pro-

360 985 537 1029 missum
560 983 680 1045 quod
701 985 907 1043 accipere.
926 983 1183 1028 Mandatum
1201 998 1301 1042 ergo
1325 984 1431 1026 fides
1449 992 1527 1038 est,
1543 992 1593 1027 ut
1608 984 1750 1042 justus

361 1071 410 1099 ex
428 1055 514 1099 fide
536 1056 678 1100 vivat²
699 1074 708 1098 ι
728 1063 771 1098 et
789 1055 892 1098 huic
914 1053 1017 1098 fidei
1035 1053 1263 1098 haereditas
1281 1063 1443 1097 aeterna
1460 1053 1745 1113 promittitur.

367 1146 387 1169 «
421 1126 542 1171 Mille
554 1142 657 1186 ergo
674 1127 986 1186 generationes,
1001 1135 1212 1186 »propter
1229 1125 1398 1169 numeri
1416 1124 1745 1185 perfectionem,

360 1213 439 1257 pro
462 1197 664 1241 omnibus
686 1195 980 1255 intelligendae
1001 1206 1125 1254 sunt,
1145 1196 1192 1240 id
1208 1205 1288 1247 est,
1312 1194 1509 1256 quandiu
1532 1195 1750 1253 generatio

361 1268 628 1327 generationi
649 1266 872 1323 sequendo
901 1268 1094 1310 succedit
1110 1303 1120 1318 ‚
1148 1266 1304 1311 tandiu
1325 1267 1580 1311 mandatum
1605 1275 1668 1311 est
1688 1266 1749 1310 vi-

359 1337 551 1381 vendum
575 1352 625 1377 ex
646 1333 746 1376 fide.
774 1332 901 1385 Quod
922 1332 1123 1378 observat
1147 1333 1334 1393 populus
1356 1334 1450 1389 Dei,
1476 1334 1551 1378 filii
1569 1336 1750 1394 promis-

358 1406 487 1451 sionis
508 1402 727 1449 nascendo
749 1404 971 1448 venientes
990 1439 1000 1459 ,
1032 1413 1075 1448 et
1098 1403 1323 1448 moriendo
1347 1404 1582 1460 abeuntes,
1608 1404 1748 1450 donec

360 1476 498 1521 omnis
523 1474 742 1533 generatio
766 1475 971 1532 finiatur,
1002 1473 1122 1534 quod
1143 1474 1384 1519 millenario
1411 1490 1595 1520 numero
1618 1476 1750 1534 signi-

359 1548 536 1591 ficatum
559 1555 643 1600 est,
671 1545 773 1604 quia
796 1543 964 1590 denarii
983 1545 1154 1589 numeri
1177 1545 1364 1589 solidum
1387 1545 1650 1606 quadratum
1669 1546 1749 1591 de-

359 1632 454 1662 cem
485 1615 648 1670 decies,
686 1623 729 1658 et
765 1615 849 1658 hoc
882 1615 1046 1670 decies,
1087 1615 1141 1658 ad
1171 1615 1290 1659 mille
1328 1616 1538 1675 pervenit.
1571 1636 1590 1658 «
1623 1616 1750 1669 Quod

361 1706 381 1728 »
419 1686 655 1745 disposuit,
688 1685 857 1745 inquit,
896 1685 951 1729 ad
981 1685 1224 1740 Abraham,
1261 1695 1303 1730 et
1332 1686 1570 1746 juramenti
1598 1687 1664 1731 sui
1693 1685 1750 1731 ad

360 1776 380 1799 n
418 1760 550 1801 Isaac.
577 1759 634 1800 Et
655 1755 805 1800 statuit
821 1754 933 1800 illud
956 1756 1120 1812 Jacob,
1148 1774 1168 1797 »
1190 1755 1234 1799 id
1252 1765 1330 1811 est,
1358 1756 1439 1816 ipsi
1465 1757 1601 1801 Jacob
1618 1792 1628 1812 ,
1650 1776 1667 1798 «
1696 1761 1748 1801 In

360 1847 380 1870 »
416 1837 698 1888 praeceptum.
729 1845 748 1867 n
778 1827 865 1886 Ipsi
888 1836 991 1870 sunt
1016 1836 1097 1871 tres
1121 1827 1386 1871 Patriarchae
1402 1863 1412 1883 ,
1435 1844 1624 1888 quorum
1646 1844 1746 1888 spe-

358 1898 521 1943 cialiter
543 1913 586 1942 se
611 1897 715 1942 dicit
733 1901 872 1941 Deum
888 1933 898 1952 ,
926 1913 1035 1958 quos
1058 1907 1100 1942 et
1123 1899 1333 1942 Dominus
1360 1898 1558 1943 nominat
1576 1900 1620 1942 in
1645 1903 1746 1944 Tes-

359 1979 551 2015 tamento
573 1972 719 2026 Novo,
740 1969 817 2012 ubi
839 1967 967 2013 dicit:
994 1988 1012 2010 «
1031 1969 1160 2013 Multi
1182 1969 1236 2013 ab
1255 1970 1432 2013 Oriente
1450 1979 1493 2013 et
1510 1970 1746 2015 Occidente

361 2059 382 2083 >›
416 2040 614 2095 venient,
640 2048 682 2083 et
700 2039 955 2083 recumbent
978 2055 1078 2084 cum
1099 2040 1322 2083 Abraham
1340 2049 1383 2083 et
1404 2043 1519 2084 Isaac
1541 2050 1584 2084 et
1608 2041 1744 2086 Jacob

357 2114 402 2157 in
429 2128 562 2170 regno
586 2111 799 2155 coelorum
817 2112 847 2153 ³.
877 2129 896 2152 n
924 2114 1008 2156 Ista
1032 2121 1095 2155 est
1118 2110 1347 2155 haereditas
1369 2121 1546 2156 teterna.
1572 2115 1679 2157 Nam
1703 2122 1746 2157 et

357 2181 454 2237 hic,
477 2182 554 2226 ubi
576 2182 632 2226 ait
652 2197 660 2222 ε
693 2201 711 2223 «
740 2182 898 2226 Statuit
925 2181 1035 2225 illud
1054 2181 1190 2226 Jacob
1212 2182 1256 2224 in
1279 2192 1575 2242 praeceptum3
1606 2204 1622 2224 »
1649 2199 1744 2227 ma-

357 2252 530 2297 nifestat
563 2262 832 2313 praeceptum
864 2268 952 2296 esse
976 2251 1101 2296 fidei:
1129 2268 1218 2296 non
1241 2253 1355 2295 enim
1384 2254 1641 2312 promissum
1665 2270 1744 2313 ap-

356 2323 537 2382 pellaret
555 2332 837 2383 praeceptum.
861 2324 902 2367 Si
917 2323 1032 2366 enim
1052 2338 1160 2382 opus
1183 2331 1246 2366 est
1262 2322 1305 2365 in
1324 2333 1559 2382 praecepto,
1582 2339 1744 2368 merces

355 2396 399 2438 in
430 2395 637 2454 promisso
663 2413 670 2437 :
702 2413 721 2435 «
746 2396 839 2437 Hoc
872 2402 934 2437 est
958 2409 1066 2452 opus
1089 2393 1189 2448 Dei,
1229 2393 1435 2437 Dominus
1459 2394 1538 2448 ait,
1576 2404 1625 2438 ut
1647 2410 1742 2438 cre-

356 2483 376 2505 »
412 2464 522 2508 datis
544 2464 589 2507 in
615 2479 714 2507 eum
737 2478 869 2523 quem
892 2462 964 2507 ille
985 2463 1142 2507 misiffl.
1159 2481 1178 2503 »
1197 2464 1290 2507 Hoc
1306 2478 1409 2521 ergo
1422 2463 1605 2507 verbum
1623 2463 1743 2524 quod

403 2556 409 2572 ¹
433 2549 500 2581 Gal.
518 2560 565 2590 ιιι,
582 2548 614 2589 5,
634 2551 665 2581 6.
693 2564 714 2570 -
751 2554 762 2570 ²
778 2550 870 2580 Rom.
890 2558 913 2590 i,
938 2558 986 2589 17·
1004 2565 1046 2571 —
1067 2545 1081 2571 3
1096 2546 1297 2588 Matini-111,
1323 2558 1374 2578 11.
1396 2564 1436 2573 —
1455 2546 1470 2577 4
1485 2549 1576 2580 Joan.
1601 2559 1646 2590 Vl,
1666 2557 1719 2590 29.
