1848 3261
417 234 499 274 142
840 245 874 271 s.
909 242 1140 272 Aneus‘ruu
1171 244 1353 272 13121500121

412 327 525 365 mus,
550 309 673 354 effari
693 324 783 354 non
812 324 1056 368 possumus.
1083 329 1105 352 «
1127 309 1195 354 Ibi
1225 309 1342 353 enim
1369 308 1534 353 audivit
1560 306 1798 351 ineffabilia
1847 293 1848 307 ¹

416 400 438 422 »
472 380 619 438 verba,
639 396 739 440 quae
760 396 850 424 non
879 379 980 425 licet
995 381 1163 426 homini
1192 379 1355 441 loqui1.
1383 398 1403 422 »
1430 379 1545 433 Quid
1575 393 1704 437 ergo,
1735 378 1801 421 in-

414 450 575 506 quiunt
591 449 655 494 illi
676 449 888 506 carnales,
909 449 972 495 illi
992 451 1160 512 lepores
1173 485 1185 506 ,
1210 465 1288 495 nos
1311 465 1401 494 non
1421 448 1727 507 irrigabimur?
1745 444 1802 490 ad

413 537 492 566 nos
514 519 626 564 nihil
662 521 905 578 perveniet?
935 524 993 566 Et
1018 521 1242 583 quomodo
1271 521 1430 565 emittit
1455 520 1597 565 fontes
1616 520 1664 562 in
1693 533 1802 562 con-

413 590 627 636 vallibus?
648 594 704 635 Et
725 590 948 652 quomodo
978 593 1025 637 in
1044 593 1189 637 medio
1225 592 1442 637 montium
1473 588 1802 650 pertransibunt

416 664 566 722 aquae?
583 661 653 706 Ad
674 663 757 706 hoc
789 677 890 721 ergo
910 664 1125 722 pertinet,
1160 682 1181 705 «
1209 664 1304 708 Sive
1330 670 1621 721 temperantes
1648 673 1798 704 sumus

420 751 442 774 »
477 732 615 777 vobis.
636 750 657 773 ³»
677 732 803 777 Unde
817 734 925 778 hoc?
941 739 1078 787 Quem
1094 734 1344 778 imitamur?
1359 752 1381 776 «
1400 732 1620 786 Charitas,
1640 730 1802 790 inquit,

422 820 444 844 υ
480 802 640 847 Christi
661 803 883 863 compellit
903 820 981 849 nos
994 808 1026 848 2.
1044 823 1065 846 »
1086 807 1151 848 Tu
1167 805 1379 865 particeps
1401 803 1555 858 Verbi,
1581 801 1659 846 etsi
1675 799 1807 844 hodie

420 872 645 932 spiritalis,
664 875 759 918 heri
792 875 1001 931 carnalis,
1027 874 1084 919 ad
1116 875 1308 920 carnales
1340 873 1586 934 dedignaris
1625 871 1808 915 descen-

423 941 544 999 dere,
569 959 670 988 cum
690 945 835 1005 ipsum
856 947 1052 990 Verbum
1077 961 1177 991 caro
1208 945 1374 991 factum
1402 945 1478 1001 sit,
1515 952 1565 988 ut
1590 941 1809 987 habitaret

423 1013 471 1058 in
491 1014 617 1058 nobis
629 1016 644 1040 3
662 1016 680 1056 ⁴?

482 1087 607 1129 VIII.
634 1085 945 1132 Benedicamus
967 1103 1070 1147 ergo
1099 1089 1352 1144 Dominum,
1378 1096 1422 1131 et
1448 1084 1677 1131 laudemus
1706 1096 1809 1126 eum

424 1155 501 1215 qui
522 1155 632 1213 rigat
651 1166 820 1201 montes
841 1158 897 1203 de
918 1158 1213 1218 superioribus
1237 1159 1338 1203 suis.
1365 1157 1475 1202 Inde
1490 1155 1637 1201 veniet
1658 1153 1812 1210 irriga-

425 1226 486 1270 tio
499 1225 555 1270 ad
576 1235 750 1283 terram,
770 1228 873 1272 inde
889 1238 932 1273 et
949 1229 1130 1274 humilia
1142 1229 1417 1274 satiabuntur
1433 1247 1443 1273 ι
1461 1226 1659 1287 sequitur
1669 1223 1807 1278 enim,

430 1316 451 1339 «
486 1300 548 1341 De
567 1298 716 1343 fructu
736 1315 918 1359 operum
936 1310 1114 1345 tuorum
1137 1301 1362 1345 satiabitur
1382 1309 1512 1344 terra.
1540 1316 1562 1340 »
1582 1295 1701 1350 Quid
1722 1302 1804 1349 est,

431 1386 450 1408 «
485 1370 547 1411 De
574 1368 722 1413 fructu
744 1386 928 1429 operum
959 1373 1168 1416 tuorum?
1191 1390 1212 1413 »
1237 1373 1374 1417 Nemo
1398 1370 1607 1430 glorietur
1643 1368 1689 1412 in
1711 1381 1814 1427 ope-

427 1438 547 1483 ribus
568 1439 654 1482 suis
678 1458 688 1484 z
711 1439 784 1484 sed
799 1441 875 1501 qui
897 1440 1122 1501 gloriatur,
1147 1442 1193 1486 in
1214 1442 1400 1487 Domino
1422 1440 1632 1499 glorietur
1645 1440 1677 1483 4.
1706 1439 1816 1483 Gra-

428 1509 488 1552 tia
508 1517 584 1553 tua
607 1510 801 1565 satiatur,
825 1526 928 1556 cum
955 1512 1135 1556 satiatur
1156 1531 1166 1558 :
1186 1528 1277 1557 non
1296 1512 1413 1557 dicat
1433 1511 1599 1556 meritis
1631 1509 1719 1554 suis
1739 1508 1820 1554 da-

430 1588 520 1623 tam
552 1581 732 1637 gratiam
766 1581 910 1626 fuisse.
950 1583 993 1628 Si
1027 1585 1164 1642 gratia
1194 1583 1383 1639 dicitur,
1421 1583 1552 1643 gratis
1579 1581 1710 1626 datur
1746 1600 1756 1626 :
1788 1580 1822 1625 si

432 1650 635 1709 operibus
655 1650 868 1707 redditur,
898 1669 1061 1698 merces
1092 1654 1290 1698 redditur
1305 1656 1336 1698 ⁵.
1365 1654 1506 1698 Gratis
1529 1667 1630 1711 ergo
1655 1652 1819 1712 accipe,

432 1720 536 1780 quia
555 1720 712 1780 impius
718 1722 984 1781 justificaris.
1007 1743 1027 1766 «
1046 1730 1104 1768 De
1127 1724 1278 1770 fructu
1301 1738 1482 1784 operum
1502 1732 1682 1768 tuorum
1698 1721 1823 1766 satia-

438 1808 460 1831 »
495 1791 614 1835 bitur
633 1800 760 1836 terra.
781 1811 802 1834 »

495 1863 573 1905 IX.
602 1881 624 1903 «
648 1861 898 1907 Producens
914 1864 1087 1908 foenum
1098 1865 1307 1925 jumentis
1322 1900 1334 1920 ,
1358 1873 1402 1909 et
1422 1864 1607 1908 herbam
1624 1861 1824 1908 servituti

441 1949 460 1972 »
497 1932 767 1975 hominumss.
798 1953 815 1974 »
841 1935 1005 1978 Verum
1027 1944 1106 1990 est,
1131 1935 1286 1991 video,
1317 1951 1504 1995 agnosco
1539 1943 1783 1979 creaturam
1809 1951 1819 1976 :

436 2001 640 2061 producit
661 2012 772 2047 terra
792 2004 962 2050 foenum
984 2008 1190 2065 jumentis
1217 2025 1226 2051 :
1247 2016 1290 2051 et
1312 2008 1494 2051 herbam
1523 2006 1719 2051 servituti
1738 2005 1824 2048 ho·-

438 2072 623 2116 minum.
644 2073 728 2117 Sed
745 2073 871 2118 video
888 2084 931 2119 et
953 2075 1033 2119 alia
1045 2078 1244 2136 jumenta
1262 2077 1445 2132 Domini,
1466 2093 1567 2138 quae
1580 2075 1823 2135 significan-

436 2152 535 2199 tur,
567 2160 669 2188 cum
697 2145 881 2190 dicitur:
919 2166 938 2188 «
962 2148 1068 2192 Bovi
1090 2149 1311 2203 trituranti
1334 2165 1381 2193 os
1414 2164 1505 2193 non
1528 2146 1780 2191 infrenabis.
1801 2163 1822 2186 »

438 2214 550 2258 Dicit
572 2214 689 2258 enim
716 2215 860 2274 ipsum
875 2217 1126 2275 jumentum
1142 2254 1154 2274 ,
1183 2238 1204 2261 «
1226 2217 1452 2278 Numquid
1480 2217 1535 2262 de
1556 2217 1698 2261 bobus
1727 2230 1827 2275 per-

442 2302 463 2325 »
500 2284 607 2328 tinet
630 2283 685 2328 ad
715 2288 883 2329 Deum?
909 2305 928 2328 »
966 2291 1148 2347 Propter
1185 2303 1263 2332 nos
1296 2304 1398 2347 ergo
1442 2288 1664 2347 Scriptura
1698 2285 1819 2330 dicit.

441 2355 668 2409 Quomodo
700 2371 801 2414 ergo
829 2358 1031 2415 producit
1064 2368 1178 2403 terra
1206 2358 1377 2403 foenum
1400 2359 1644 2420 jumentis?
1675 2376 1696 2399 «
1721 2356 1829 2410 Quia

446 2444 467 2468 »
501 2427 712 2471 Dominus
735 2429 959 2472 constituit
978 2440 1027 2473 ut
1048 2430 1125 2490 qui
1146 2429 1433 2487 Evangelium
1456 2428 1719 2473 annuntiant
1736 2461 1751 2482 ,
1774 2426 1829 2470 de

495 2530 505 2546 ¹
525 2532 544 2555 2
561 2523 635 2556 Cor.
663 2535 724 2564 ιιι,
744 2523 776 2567 4.
797 2541 838 2546 -
859 2531 872 2546 ²
899 2525 944 2556 Id.
963 2536 984 2556 v
1001 2550 1009 2566 ,
1035 2524 1085 2567 14.
1110 2542 1148 2547 —-
1166 2523 1178 2547 3
1197 2523 1517 2567 Joan.1,1.‘4.—'4
1538 2535 1551 2556 1
1573 2526 1647 2557 Cor.
1665 2535 1690 2565 1,
1714 2522 1767 2555 31.
1788 2538 1829 2544 —-

447 2575 462 2600 5
482 2579 572 2611 Rom.
591 2590 637 2620 iv,
660 2578 693 2621 4,
713 2579 746 2611 5.
763 2596 804 2602 —-
822 2578 837 2602 ⁶
858 2580 936 2611 Psal.
958 2591 1026 2621 eiu,
1051 2580 1099 2621 14.
