<?xml version="1.0" encoding="UTF-8"?>
<!DOCTYPE html PUBLIC "-//W3C//DTD XHTML 1.0 Transitional//EN"
    "http://www.w3.org/TR/xhtml1/DTD/xhtml1-transitional.dtd">
<html xmlns="http://www.w3.org/1999/xhtml" xml:lang="en" lang="en">
 <head>
  <title>
</title>
<meta http-equiv="Content-Type" content="text/html;charset=utf-8" />
  <meta name='ocr-system' content='tesseract 3.04.00' />
  <meta name='ocr-capabilities' content='ocr_page ocr_carea ocr_par ocr_line ocrx_word'/>
</head>
<body>
  <div class='ocr_page' id='page_1' title='image "./operaomniaaccura11auguuoft_0276.png"; bbox 0 0 1848 3261; ppageno 0'>
   <div class='ocr_carea' id='block_1_1' title="bbox 403 249 1361 289">
    <p class='ocr_par' dir='ltr' id='par_1_1' title="bbox 403 249 1361 289">
     <span class='ocr_line' id='line_1_1' title="bbox 403 249 1361 289; baseline -0.003 -1"><span class='ocrx_word' id='word_1_1' title='bbox 403 249 489 289; x_wconf 74' lang='lat'>266</span> <span class='ocrx_word' id='word_1_2' title='bbox 850 262 882 287; x_wconf 86' lang='lat' dir='ltr'>s.</span> <span class='ocrx_word' id='word_1_3' title='bbox 920 259 1148 287; x_wconf 73' lang='lat' dir='ltr'>Aucusnm</span> <span class='ocrx_word' id='word_1_4' title='bbox 1181 258 1361 286; x_wconf 72' lang='lat' dir='ltr'>Enscom</span> 
     </span>
    </p>
   </div>
   <div class='ocr_carea' id='block_1_2' title="bbox 400 322 1796 2490">
    <p class='ocr_par' dir='ltr' id='par_1_2' title="bbox 401 322 1788 442">
     <span class='ocr_line' id='line_1_2' title="bbox 403 322 1788 386; baseline -0.002 -16"><span class='ocrx_word' id='word_1_5' title='bbox 403 324 627 386; x_wconf 90' lang='lat' dir='ltr'>quomodo</span> <span class='ocrx_word' id='word_1_6' title='bbox 659 326 782 370; x_wconf 76' lang='lat' dir='ltr'>uxori</span> <span class='ocrx_word' id='word_1_7' title='bbox 817 327 910 386; x_wconf 87' lang='lat' dir='ltr'>ejus</span> <span class='ocrx_word' id='word_1_8' title='bbox 931 324 1116 385; x_wconf 89' lang='lat' dir='ltr'>filiisque</span> <span class='ocrx_word' id='word_1_9' title='bbox 1144 324 1391 382; x_wconf 78' lang='lat' dir='ltr'>contigerit,</span> <span class='ocrx_word' id='word_1_10' title='bbox 1422 333 1653 384; x_wconf 87' lang='lat' dir='ltr'><strong>sequentes</strong></span> <span class='ocrx_word' id='word_1_11' title='bbox 1674 322 1788 367; x_wconf 91' lang='lat' dir='ltr'>indi-</span> 
     </span>
     <span class='ocr_line' id='line_1_3' title="bbox 401 406 684 442; baseline -0.007 0"><span class='ocrx_word' id='word_1_12' title='bbox 401 406 503 442; x_wconf 89' lang='lat' dir='ltr'>cant</span> <span class='ocrx_word' id='word_1_13' title='bbox 523 412 684 440; x_wconf 87' lang='lat' dir='ltr'>versus.</span> 
     </span>
    </p>

    <p class='ocr_par' dir='ltr' id='par_1_3' title="bbox 406 463 1791 735">
     <span class='ocr_line' id='line_1_4' title="bbox 460 463 1791 523; baseline -0.002 -13"><span class='ocrx_word' id='word_1_14' title='bbox 460 469 586 510; x_wconf 84' lang='lat' dir='ltr'>XIII.</span> <span class='ocrx_word' id='word_1_15' title='bbox 618 486 638 508; x_wconf 90' lang='lat'>«</span> <span class='ocrx_word' id='word_1_16' title='bbox 661 469 886 511; x_wconf 85' lang='lat' dir='ltr'>Serutetur</span> <span class='ocrx_word' id='word_1_17' title='bbox 907 463 1144 509; x_wconf 84' lang='lat' dir='ltr'>foenerator</span> <span class='ocrx_word' id='word_1_18' title='bbox 1166 479 1339 509; x_wconf 90' lang='lat' dir='ltr'>omnem</span> <span class='ocrx_word' id='word_1_19' title='bbox 1362 463 1646 508; x_wconf 82' lang='lat' dir='ltr'>substantiam</span> <span class='ocrx_word' id='word_1_20' title='bbox 1669 464 1759 523; x_wconf 81' lang='lat' dir='ltr'>ejus</span> <span class='ocrx_word' id='word_1_21' title='bbox 1779 498 1791 518; x_wconf 88' lang='lat'>‚</span> 
     </span>
     <span class='ocr_line' id='line_1_5' title="bbox 408 533 1788 595; baseline -0.004 -15"><span class='ocrx_word' id='word_1_22' title='bbox 408 555 430 579; x_wconf 83' lang='lat'>»</span> <span class='ocrx_word' id='word_1_23' title='bbox 466 550 506 580; x_wconf 76' lang='lat' dir='ltr'>et</span> <span class='ocrx_word' id='word_1_24' title='bbox 533 536 742 595; x_wconf 83' lang='lat' dir='ltr'>diripiant</span> <span class='ocrx_word' id='word_1_25' title='bbox 770 534 898 578; x_wconf 84' lang='lat' dir='ltr'>alieni</span> <span class='ocrx_word' id='word_1_26' title='bbox 931 534 1101 579; x_wconf 89' lang='lat' dir='ltr'>labores</span> <span class='ocrx_word' id='word_1_27' title='bbox 1134 536 1240 594; x_wconf 90' lang='lat' dir='ltr'>ejus.</span> <span class='ocrx_word' id='word_1_28' title='bbox 1266 537 1363 579; x_wconf 91' lang='lat' dir='ltr'>Non</span> <span class='ocrx_word' id='word_1_29' title='bbox 1391 534 1445 578; x_wconf 91' lang='lat' dir='ltr'>sit</span> <span class='ocrx_word' id='word_1_30' title='bbox 1472 534 1535 577; x_wconf 88' lang='lat' dir='ltr'>illi</span> <span class='ocrx_word' id='word_1_31' title='bbox 1558 533 1745 592; x_wconf 83' lang='lat' dir='ltr'>adjutor.</span> <span class='ocrx_word' id='word_1_32' title='bbox 1768 551 1788 574; x_wconf 89' lang='lat'>»</span> 
     </span>
     <span class='ocr_line' id='line_1_6' title="bbox 406 603 1791 664; baseline -0.003 -13"><span class='ocrx_word' id='word_1_33' title='bbox 406 607 477 651; x_wconf 89' lang='lat' dir='ltr'>Ad</span> <span class='ocrx_word' id='word_1_34' title='bbox 495 607 702 650; x_wconf 88' lang='lat' dir='ltr'>tuendam</span> <span class='ocrx_word' id='word_1_35' title='bbox 726 606 816 664; x_wconf 86' lang='lat' dir='ltr'>ejus</span> <span class='ocrx_word' id='word_1_36' title='bbox 835 604 1127 663; x_wconf 75' lang='lat' dir='ltr'>posteritatem</span> <span class='ocrx_word' id='word_1_37' title='bbox 1153 604 1271 648; x_wconf 86' lang='lat' dir='ltr'>dicit.</span> <span class='ocrx_word' id='word_1_38' title='bbox 1294 605 1398 648; x_wconf 88' lang='lat' dir='ltr'>Ideo</span> <span class='ocrx_word' id='word_1_39' title='bbox 1421 603 1616 664; x_wconf 89' lang='lat' dir='ltr'>sequitur</span> <span class='ocrx_word' id='word_1_40' title='bbox 1635 622 1643 648; x_wconf 90' lang='lat'>:</span> <span class='ocrx_word' id='word_1_41' title='bbox 1670 606 1791 653; x_wconf 81' lang='lat' dir='ltr'>«Nec</span> 
     </span>
     <span class='ocr_line' id='line_1_7' title="bbox 407 674 1286 735; baseline -0.003 -17"><span class='ocrx_word' id='word_1_42' title='bbox 407 696 429 719; x_wconf 90' lang='lat'>»</span> <span class='ocrx_word' id='word_1_43' title='bbox 464 678 514 720; x_wconf 90' lang='lat' dir='ltr'>sit</span> <span class='ocrx_word' id='word_1_44' title='bbox 536 677 610 735; x_wconf 90' lang='lat' dir='ltr'>qui</span> <span class='ocrx_word' id='word_1_45' title='bbox 633 676 886 719; x_wconf 85' lang='lat' dir='ltr'>misereatur</span> <span class='ocrx_word' id='word_1_46' title='bbox 907 674 1081 734; x_wconf 89' lang='lat' dir='ltr'>pupillis</span> <span class='ocrx_word' id='word_1_47' title='bbox 1104 677 1236 734; x_wconf 78' lang='lat' dir='ltr'>ejus1.</span> <span class='ocrx_word' id='word_1_48' title='bbox 1266 693 1286 715; x_wconf 87' lang='lat'>»</span> 
     </span>
    </p>

    <p class='ocr_par' dir='ltr' id='par_1_4' title="bbox 403 744 1796 1157">
     <span class='ocr_line' id='line_1_8' title="bbox 461 744 1794 806; baseline -0.002 -15"><span class='ocrx_word' id='word_1_49' title='bbox 461 750 583 791; x_wconf 85' lang='lat' dir='ltr'><strong>XIV.</strong></span> <span class='ocrx_word' id='word_1_50' title='bbox 624 746 705 791; x_wconf 89' lang='lat' dir='ltr'>Sed</span> <span class='ocrx_word' id='word_1_51' title='bbox 738 746 839 806; x_wconf 83' lang='lat' dir='ltr'>quia</span> <span class='ocrx_word' id='word_1_52' title='bbox 862 754 1036 805; x_wconf 81' lang='lat' dir='ltr'><strong>possent</strong></span> <span class='ocrx_word' id='word_1_53' title='bbox 1071 746 1201 789; x_wconf 82' lang='lat' dir='ltr'>etiam</span> <span class='ocrx_word' id='word_1_54' title='bbox 1234 744 1389 805; x_wconf 91' lang='lat' dir='ltr'>pupilli</span> <span class='ocrx_word' id='word_1_55' title='bbox 1416 745 1506 789; x_wconf 88' lang='lat' dir='ltr'>sine</span> <span class='ocrx_word' id='word_1_56' title='bbox 1529 744 1727 804; x_wconf 70' lang='lat' dir='ltr'>adiutore</span> <span class='ocrx_word' id='word_1_57' title='bbox 1750 752 1794 787; x_wconf 87' lang='lat' dir='ltr'>et</span> 
     </span>
     <span class='ocr_line' id='line_1_9' title="bbox 403 817 1793 874; baseline -0.003 -13"><span class='ocrx_word' id='word_1_58' title='bbox 403 819 495 862; x_wconf 86' lang='lat' dir='ltr'>sine</span> <span class='ocrx_word' id='word_1_59' title='bbox 516 826 657 861; x_wconf 87' lang='lat' dir='ltr'>tutore</span> <span class='ocrx_word' id='word_1_60' title='bbox 680 817 725 860; x_wconf 92' lang='lat' dir='ltr'>in</span> <span class='ocrx_word' id='word_1_61' title='bbox 747 817 952 859; x_wconf 81' lang='lat' dir='ltr'>aerumnis</span> <span class='ocrx_word' id='word_1_62' title='bbox 975 824 1018 859; x_wconf 85' lang='lat' dir='ltr'>et</span> <span class='ocrx_word' id='word_1_63' title='bbox 1039 825 1226 874; x_wconf 84' lang='lat' dir='ltr'>egestate</span> <span class='ocrx_word' id='word_1_64' title='bbox 1244 824 1388 859; x_wconf 86' lang='lat' dir='ltr'>tamen</span> <span class='ocrx_word' id='word_1_65' title='bbox 1410 830 1599 859; x_wconf 85' lang='lat' dir='ltr'>creseere</span> <span class='ocrx_word' id='word_1_66' title='bbox 1617 849 1628 868; x_wconf 87' lang='lat'><strong><em>‚</em></strong></span> <span class='ocrx_word' id='word_1_67' title='bbox 1652 824 1695 859; x_wconf 88' lang='lat' dir='ltr'>et</span> <span class='ocrx_word' id='word_1_68' title='bbox 1718 829 1793 871; x_wconf 88' lang='lat' dir='ltr'>ge-</span> 
     </span>
     <span class='ocr_line' id='line_1_10' title="bbox 407 885 1796 947; baseline -0.003 -15"><span class='ocrx_word' id='word_1_69' title='bbox 407 903 489 932; x_wconf 91' lang='lat' dir='ltr'>nus</span> <span class='ocrx_word' id='word_1_70' title='bbox 504 888 812 947; x_wconf 78' lang='lat' dir='ltr'>propagatione</span> <span class='ocrx_word' id='word_1_71' title='bbox 835 901 1004 930; x_wconf 85' lang='lat' dir='ltr'>servare</span> <span class='ocrx_word' id='word_1_72' title='bbox 1024 906 1032 931; x_wconf 88' lang='lat'><strong>:</strong></span> <span class='ocrx_word' id='word_1_73' title='bbox 1052 887 1262 946; x_wconf 84' lang='lat' dir='ltr'>sequitur,</span> <span class='ocrx_word' id='word_1_74' title='bbox 1288 896 1330 930; x_wconf 90' lang='lat' dir='ltr'>et</span> <span class='ocrx_word' id='word_1_75' title='bbox 1352 885 1458 930; x_wconf 84' lang='lat' dir='ltr'>dicit</span> <span class='ocrx_word' id='word_1_76' title='bbox 1483 905 1492 930; x_wconf 72' lang='grc' dir='ltr'>ε</span> <span class='ocrx_word' id='word_1_77' title='bbox 1517 905 1533 925; x_wconf 86' lang='grc'>«</span> <span class='ocrx_word' id='word_1_78' title='bbox 1557 885 1686 929; x_wconf 86' lang='lat' dir='ltr'>Fiant</span> <span class='ocrx_word' id='word_1_79' title='bbox 1704 885 1796 928; x_wconf 84' lang='lat' dir='ltr'>nati</span> 
     </span>
     <span class='ocr_line' id='line_1_11' title="bbox 406 955 1795 1018; baseline -0.001 -18"><span class='ocrx_word' id='word_1_80' title='bbox 406 977 426 1000; x_wconf 90' lang='lat'>»</span> <span class='ocrx_word' id='word_1_81' title='bbox 463 960 557 1018; x_wconf 84' lang='lat' dir='ltr'>ejus</span> <span class='ocrx_word' id='word_1_82' title='bbox 580 959 625 1001; x_wconf 90' lang='lat' dir='ltr'>in</span> <span class='ocrx_word' id='word_1_83' title='bbox 646 958 868 1002; x_wconf 88' lang='lat' dir='ltr'>interitum</span> <span class='ocrx_word' id='word_1_84' title='bbox 886 993 896 1013; x_wconf 77' lang='lat'><strong>‚</strong></span> <span class='ocrx_word' id='word_1_85' title='bbox 926 958 972 1000; x_wconf 89' lang='lat' dir='ltr'>in</span> <span class='ocrx_word' id='word_1_86' title='bbox 1005 956 1280 1014; x_wconf 80' lang='lat' dir='ltr'>generatione</span> <span class='ocrx_word' id='word_1_87' title='bbox 1308 972 1392 1000; x_wconf 86' lang='lat' dir='ltr'>una</span> <span class='ocrx_word' id='word_1_88' title='bbox 1416 955 1612 999; x_wconf 84' lang='lat' dir='ltr'>deleatur</span> <span class='ocrx_word' id='word_1_89' title='bbox 1633 970 1795 999; x_wconf 87' lang='lat' dir='ltr'>nomen</span> 
     </span>
     <span class='ocr_line' id='line_1_12' title="bbox 407 1026 1793 1088; baseline -0.001 -18"><span class='ocrx_word' id='word_1_90' title='bbox 407 1047 428 1070; x_wconf 85' lang='lat'>»</span> <span class='ocrx_word' id='word_1_91' title='bbox 465 1030 596 1088; x_wconf 37' lang='lat' dir='ltr'>ejus&amp;</span> <span class='ocrx_word' id='word_1_92' title='bbox 626 1047 646 1069; x_wconf 90' lang='lat'>»</span> <span class='ocrx_word' id='word_1_93' title='bbox 674 1028 725 1072; x_wconf 91' lang='lat' dir='ltr'>ld</span> <span class='ocrx_word' id='word_1_94' title='bbox 763 1038 847 1083; x_wconf 85' lang='lat' dir='ltr'>est,</span> <span class='ocrx_word' id='word_1_95' title='bbox 880 1027 1002 1087; x_wconf 89' lang='lat' dir='ltr'>quod</span> <span class='ocrx_word' id='word_1_96' title='bbox 1022 1027 1076 1071; x_wconf 89' lang='lat' dir='ltr'>de</span> <span class='ocrx_word' id='word_1_97' title='bbox 1098 1026 1174 1071; x_wconf 92' lang='lat' dir='ltr'>illo</span> <span class='ocrx_word' id='word_1_98' title='bbox 1199 1035 1451 1084; x_wconf 85' lang='lat' dir='ltr'>generatum</span> <span class='ocrx_word' id='word_1_99' title='bbox 1473 1035 1574 1081; x_wconf 48' lang='lat' dir='ltr'>est„</span> <span class='ocrx_word' id='word_1_100' title='bbox 1593 1026 1683 1085; x_wconf 84' lang='lat' dir='ltr'>jam</span> <span class='ocrx_word' id='word_1_101' title='bbox 1705 1040 1793 1069; x_wconf 92' lang='lat' dir='ltr'>non</span> 
     </span>
     <span class='ocr_line' id='line_1_13' title="bbox 405 1099 1002 1157; baseline -0.002 -15"><span class='ocrx_word' id='word_1_102' title='bbox 405 1107 607 1157; x_wconf 86' lang='lat' dir='ltr'>generet,</span> <span class='ocrx_word' id='word_1_103' title='bbox 634 1107 676 1142; x_wconf 88' lang='lat' dir='ltr'>et</span> <span class='ocrx_word' id='word_1_104' title='bbox 693 1099 778 1142; x_wconf 86' lang='lat' dir='ltr'>cito</span> <span class='ocrx_word' id='word_1_105' title='bbox 800 1107 1002 1142; x_wconf 84' lang='lat' dir='ltr'>transeat.</span> 
     </span>
    </p>

    <p class='ocr_par' dir='ltr' id='par_1_5' title="bbox 400 1167 1795 2490">
     <span class='ocr_line' id='line_1_14' title="bbox 464 1167 1795 1229; baseline -0.002 -17"><span class='ocrx_word' id='word_1_106' title='bbox 464 1172 561 1213; x_wconf 76' lang='lat' dir='ltr'>XV.</span> <span class='ocrx_word' id='word_1_107' title='bbox 586 1169 670 1214; x_wconf 86' lang='lat' dir='ltr'>Sed</span> <span class='ocrx_word' id='word_1_108' title='bbox 692 1169 799 1229; x_wconf 85' lang='lat' dir='ltr'>quid</span> <span class='ocrx_word' id='word_1_109' title='bbox 819 1178 880 1212; x_wconf 86' lang='lat' dir='ltr'>est</span> <span class='ocrx_word' id='word_1_110' title='bbox 912 1167 1033 1227; x_wconf 91' lang='lat' dir='ltr'>quod</span> <span class='ocrx_word' id='word_1_111' title='bbox 1054 1167 1212 1211; x_wconf 89' lang='lat' dir='ltr'>deinde</span> <span class='ocrx_word' id='word_1_112' title='bbox 1229 1168 1489 1228; x_wconf 75' lang='lat' dir='ltr'>subjungit?</span> <span class='ocrx_word' id='word_1_113' title='bbox 1515 1186 1531 1206; x_wconf 88' lang='lat'>«</span> <span class='ocrx_word' id='word_1_114' title='bbox 1556 1169 1607 1210; x_wconf 93' lang='lat' dir='ltr'>In</span> <span class='ocrx_word' id='word_1_115' title='bbox 1629 1181 1795 1210; x_wconf 90' lang='lat' dir='ltr'>memo-</span> 
     </span>
     <span class='ocr_line' id='line_1_15' title="bbox 409 1236 1791 1298; baseline -0.001 -19"><span class='ocrx_word' id='word_1_116' title='bbox 409 1258 429 1280; x_wconf 89' lang='lat'>»</span> <span class='ocrx_word' id='word_1_117' title='bbox 464 1239 571 1282; x_wconf 86' lang='lat' dir='ltr'>riam</span> <span class='ocrx_word' id='word_1_118' title='bbox 590 1239 739 1282; x_wconf 85' lang='lat' dir='ltr'>redeat</span> <span class='ocrx_word' id='word_1_119' title='bbox 757 1238 962 1298; x_wconf 87' lang='lat' dir='ltr'>iniquitas</span> <span class='ocrx_word' id='word_1_120' title='bbox 984 1247 1157 1297; x_wconf 85' lang='lat' dir='ltr'>patrum</span> <span class='ocrx_word' id='word_1_121' title='bbox 1180 1238 1271 1297; x_wconf 88' lang='lat' dir='ltr'>ejus</span> <span class='ocrx_word' id='word_1_122' title='bbox 1290 1239 1333 1280; x_wconf 89' lang='lat' dir='ltr'>in</span> <span class='ocrx_word' id='word_1_123' title='bbox 1355 1246 1591 1296; x_wconf 84' lang='lat' dir='ltr'>conspectu</span> <span class='ocrx_word' id='word_1_124' title='bbox 1603 1236 1791 1289; x_wconf 90' lang='lat' dir='ltr'>Domini,</span> 
     </span>
     <span class='ocr_line' id='line_1_16' title="bbox 407 1306 1795 1369; baseline -0.004 -15"><span class='ocrx_word' id='word_1_125' title='bbox 407 1328 427 1351; x_wconf 91' lang='lat'>»</span> <span class='ocrx_word' id='word_1_126' title='bbox 466 1319 510 1354; x_wconf 87' lang='lat' dir='ltr'>et</span> <span class='ocrx_word' id='word_1_127' title='bbox 531 1319 759 1369; x_wconf 84' lang='lat' dir='ltr'>peceatum</span> <span class='ocrx_word' id='word_1_128' title='bbox 782 1309 930 1352; x_wconf 80' lang='lat' dir='ltr'>matris</span> <span class='ocrx_word' id='word_1_129' title='bbox 949 1310 1040 1368; x_wconf 83' lang='lat' dir='ltr'>ejus</span> <span class='ocrx_word' id='word_1_130' title='bbox 1062 1324 1151 1351; x_wconf 91' lang='lat' dir='ltr'>non</span> <span class='ocrx_word' id='word_1_131' title='bbox 1173 1308 1529 1365; x_wconf 49' lang='lat' dir='ltr'>deleaturss.»jAn</span> <span class='ocrx_word' id='word_1_132' title='bbox 1550 1306 1795 1365; x_wconf 86' lang='lat' dir='ltr'>intelligen-</span> 
     </span>
     <span class='ocr_line' id='line_1_17' title="bbox 401 1378 1790 1438; baseline -0.003 -14"><span class='ocrx_word' id='word_1_133' title='bbox 401 1380 509 1424; x_wconf 89' lang='lat' dir='ltr'>dum</span> <span class='ocrx_word' id='word_1_134' title='bbox 534 1390 622 1434; x_wconf 87' lang='lat' dir='ltr'>est,</span> <span class='ocrx_word' id='word_1_135' title='bbox 658 1389 707 1423; x_wconf 87' lang='lat' dir='ltr'>ut</span> <span class='ocrx_word' id='word_1_136' title='bbox 730 1379 970 1423; x_wconf 84' lang='lat' dir='ltr'>reddantur</span> <span class='ocrx_word' id='word_1_137' title='bbox 999 1379 1036 1422; x_wconf 90' lang='lat' dir='ltr'>ei</span> <span class='ocrx_word' id='word_1_138' title='bbox 1063 1388 1235 1438; x_wconf 84' lang='lat' dir='ltr'>peccata</span> <span class='ocrx_word' id='word_1_139' title='bbox 1268 1378 1395 1421; x_wconf 87' lang='lat' dir='ltr'>etiam</span> <span class='ocrx_word' id='word_1_140' title='bbox 1430 1387 1660 1436; x_wconf 89' lang='lat' dir='ltr'>parentum</span> <span class='ocrx_word' id='word_1_141' title='bbox 1687 1393 1790 1421; x_wconf 90' lang='lat' dir='ltr'>suo-</span> 
     </span>
     <span class='ocr_line' id='line_1_18' title="bbox 402 1448 1792 1510; baseline -0.004 -15"><span class='ocrx_word' id='word_1_142' title='bbox 402 1453 532 1495; x_wconf 80' lang='lat' dir='ltr'>rum?</span> <span class='ocrx_word' id='word_1_143' title='bbox 564 1451 617 1495; x_wconf 89' lang='lat' dir='ltr'>Ei</span> <span class='ocrx_word' id='word_1_144' title='bbox 652 1451 816 1510; x_wconf 85' lang='lat' dir='ltr'>quippe</span> <span class='ocrx_word' id='word_1_145' title='bbox 838 1466 928 1494; x_wconf 93' lang='lat' dir='ltr'>non</span> <span class='ocrx_word' id='word_1_146' title='bbox 952 1448 1220 1502; x_wconf 85' lang='lat' dir='ltr'>redduntur,</span> <span class='ocrx_word' id='word_1_147' title='bbox 1246 1448 1322 1508; x_wconf 90' lang='lat' dir='ltr'>qui</span> <span class='ocrx_word' id='word_1_148' title='bbox 1356 1448 1487 1491; x_wconf 80' lang='lat' dir='ltr'>fuerit</span> <span class='ocrx_word' id='word_1_149' title='bbox 1522 1456 1714 1491; x_wconf 81' lang='lat' dir='ltr'>mutatus</span> <span class='ocrx_word' id='word_1_150' title='bbox 1747 1448 1792 1491; x_wconf 91' lang='lat' dir='ltr'>in</span> 
     </span>
     <span class='ocr_line' id='line_1_19' title="bbox 401 1518 1789 1579; baseline -0.002 -14"><span class='ocrx_word' id='word_1_151' title='bbox 401 1522 600 1576; x_wconf 83' lang='lat' dir='ltr'>Christo,</span> <span class='ocrx_word' id='word_1_152' title='bbox 622 1530 665 1564; x_wconf 88' lang='lat' dir='ltr'>et</span> <span class='ocrx_word' id='word_1_153' title='bbox 681 1521 865 1579; x_wconf 84' lang='lat' dir='ltr'>eoeperit</span> <span class='ocrx_word' id='word_1_154' title='bbox 886 1535 974 1564; x_wconf 91' lang='lat' dir='ltr'>esse</span> <span class='ocrx_word' id='word_1_155' title='bbox 997 1535 1085 1563; x_wconf 93' lang='lat' dir='ltr'>non</span> <span class='ocrx_word' id='word_1_156' title='bbox 1102 1518 1216 1563; x_wconf 88' lang='lat' dir='ltr'>filius</span> <span class='ocrx_word' id='word_1_157' title='bbox 1233 1519 1484 1578; x_wconf 85' lang='lat' dir='ltr'>iniquorum</span> <span class='ocrx_word' id='word_1_158' title='bbox 1500 1553 1511 1572; x_wconf 74' lang='lat'>‚</span> <span class='ocrx_word' id='word_1_159' title='bbox 1534 1534 1623 1562; x_wconf 88' lang='lat' dir='ltr'>non</span> <span class='ocrx_word' id='word_1_160' title='bbox 1644 1518 1789 1562; x_wconf 85' lang='lat' dir='ltr'>imita-</span> 
     </span>
     <span class='ocr_line' id='line_1_20' title="bbox 403 1589 1788 1651; baseline -0.003 -15"><span class='ocrx_word' id='word_1_161' title='bbox 403 1602 472 1637; x_wconf 90' lang='lat' dir='ltr'>tus</span> <span class='ocrx_word' id='word_1_162' title='bbox 502 1607 642 1636; x_wconf 86' lang='lat' dir='ltr'>mores</span> <span class='ocrx_word' id='word_1_163' title='bbox 665 1607 815 1636; x_wconf 90' lang='lat' dir='ltr'>eorum</span> <span class='ocrx_word' id='word_1_164' title='bbox 841 1610 850 1635; x_wconf 76' lang='grc' dir='ltr'>ε</span> <span class='ocrx_word' id='word_1_165' title='bbox 881 1591 982 1651; x_wconf 88' lang='lat' dir='ltr'>quia</span> <span class='ocrx_word' id='word_1_166' title='bbox 1005 1600 1048 1634; x_wconf 90' lang='lat' dir='ltr'>et</span> <span class='ocrx_word' id='word_1_167' title='bbox 1070 1589 1179 1634; x_wconf 87' lang='lat' dir='ltr'>illud</span> <span class='ocrx_word' id='word_1_168' title='bbox 1202 1590 1420 1633; x_wconf 84' lang='lat' dir='ltr'>verissime</span> <span class='ocrx_word' id='word_1_169' title='bbox 1450 1589 1657 1648; x_wconf 87' lang='lat' dir='ltr'>scriptum</span> <span class='ocrx_word' id='word_1_170' title='bbox 1691 1598 1754 1632; x_wconf 91' lang='lat' dir='ltr'>est</span> <span class='ocrx_word' id='word_1_171' title='bbox 1779 1608 1788 1632; x_wconf 90' lang='lat'>:</span> 
     </span>
     <span class='ocr_line' id='line_1_21' title="bbox 407 1659 1792 1722; baseline -0.002 -18"><span class='ocrx_word' id='word_1_172' title='bbox 407 1682 427 1705; x_wconf 92' lang='lat'>«</span> <span class='ocrx_word' id='word_1_173' title='bbox 463 1661 662 1706; x_wconf 82' lang='lat' dir='ltr'>Reddam</span> <span class='ocrx_word' id='word_1_174' title='bbox 683 1672 860 1722; x_wconf 87' lang='lat' dir='ltr'>peccata</span> <span class='ocrx_word' id='word_1_175' title='bbox 883 1671 1056 1721; x_wconf 86' lang='lat' dir='ltr'>patrum</span> <span class='ocrx_word' id='word_1_176' title='bbox 1077 1662 1121 1704; x_wconf 90' lang='lat' dir='ltr'>in</span> <span class='ocrx_word' id='word_1_177' title='bbox 1146 1661 1281 1705; x_wconf 68' lang='lat' dir='ltr'>filios⁴</span> <span class='ocrx_word' id='word_1_178' title='bbox 1310 1681 1319 1705; x_wconf 80' lang='lat'>2</span> <span class='ocrx_word' id='word_1_179' title='bbox 1344 1678 1362 1700; x_wconf 88' lang='lat'>»</span> <span class='ocrx_word' id='word_1_180' title='bbox 1387 1669 1429 1703; x_wconf 86' lang='lat' dir='ltr'>et</span> <span class='ocrx_word' id='word_1_181' title='bbox 1446 1659 1554 1703; x_wconf 89' lang='lat' dir='ltr'>illud</span> <span class='ocrx_word' id='word_1_182' title='bbox 1578 1659 1698 1719; x_wconf 91' lang='lat' dir='ltr'>quod</span> <span class='ocrx_word' id='word_1_183' title='bbox 1715 1674 1792 1718; x_wconf 90' lang='lat' dir='ltr'>per</span> 
     </span>
     <span class='ocr_line' id='line_1_22' title="bbox 402 1729 1792 1792; baseline -0.004 -15"><span class='ocrx_word' id='word_1_184' title='bbox 402 1734 665 1792; x_wconf 88' lang='lat' dir='ltr'>Prophetam</span> <span class='ocrx_word' id='word_1_185' title='bbox 680 1733 838 1778; x_wconf 86' lang='lat' dir='ltr'>dieitur</span> <span class='ocrx_word' id='word_1_186' title='bbox 857 1752 865 1778; x_wconf 87' lang='lat'><strong>:</strong></span> <span class='ocrx_word' id='word_1_187' title='bbox 891 1736 982 1776; x_wconf 87' lang='lat' dir='ltr'>«Et</span> <span class='ocrx_word' id='word_1_188' title='bbox 998 1733 1140 1776; x_wconf 88' lang='lat' dir='ltr'>anima</span> <span class='ocrx_word' id='word_1_189' title='bbox 1153 1732 1284 1791; x_wconf 82' lang='lat' dir='ltr'>patris</span> <span class='ocrx_word' id='word_1_190' title='bbox 1296 1747 1390 1775; x_wconf 89' lang='lat' dir='ltr'>mea</span> <span class='ocrx_word' id='word_1_191' title='bbox 1405 1740 1482 1784; x_wconf 87' lang='lat' dir='ltr'>est,</span> <span class='ocrx_word' id='word_1_192' title='bbox 1495 1740 1538 1774; x_wconf 92' lang='lat' dir='ltr'>et</span> <span class='ocrx_word' id='word_1_193' title='bbox 1555 1730 1697 1773; x_wconf 86' lang='lat' dir='ltr'>anima</span> <span class='ocrx_word' id='word_1_194' title='bbox 1715 1729 1792 1773; x_wconf 88' lang='lat' dir='ltr'>filii</span> 
     </span>
     <span class='ocr_line' id='line_1_23' title="bbox 403 1802 1791 1863; baseline -0.002 -18"><span class='ocrx_word' id='word_1_195' title='bbox 403 1822 424 1845; x_wconf 68' lang='lat' dir='ltr'>n</span> <span class='ocrx_word' id='word_1_196' title='bbox 443 1819 539 1848; x_wconf 85' lang='lat' dir='ltr'>mea</span> <span class='ocrx_word' id='word_1_197' title='bbox 562 1813 649 1860; x_wconf 82' lang='lat' dir='ltr'>est3</span> <span class='ocrx_word' id='word_1_198' title='bbox 675 1804 817 1847; x_wconf 88' lang='lat' dir='ltr'>anima</span> <span class='ocrx_word' id='word_1_199' title='bbox 840 1819 939 1863; x_wconf 84' lang='lat' dir='ltr'>quae</span> <span class='ocrx_word' id='word_1_200' title='bbox 959 1803 1222 1862; x_wconf 78' lang='lat' dir='ltr'>peccaverit,</span> <span class='ocrx_word' id='word_1_201' title='bbox 1248 1803 1339 1861; x_wconf 82' lang='lat' dir='ltr'>ipsa</span> <span class='ocrx_word' id='word_1_202' title='bbox 1364 1802 1572 1845; x_wconf 85' lang='lat' dir='ltr'>morietur</span> <span class='ocrx_word' id='word_1_203' title='bbox 1592 1802 1621 1843; x_wconf 90' lang='lat'>⁵.</span> <span class='ocrx_word' id='word_1_204' title='bbox 1652 1818 1671 1840; x_wconf 91' lang='lat'>»</span> <span class='ocrx_word' id='word_1_205' title='bbox 1698 1803 1791 1844; x_wconf 85' lang='lat' dir='ltr'>Hoc</span> 
     </span>
     <span class='ocr_line' id='line_1_24' title="bbox 400 1870 1791 1934; baseline -0.003 -17"><span class='ocrx_word' id='word_1_206' title='bbox 400 1874 564 1934; x_wconf 86' lang='lat' dir='ltr'>quippe</span> <span class='ocrx_word' id='word_1_207' title='bbox 581 1873 746 1917; x_wconf 86' lang='lat' dir='ltr'>dietum</span> <span class='ocrx_word' id='word_1_208' title='bbox 761 1883 824 1917; x_wconf 90' lang='lat' dir='ltr'>est</span> <span class='ocrx_word' id='word_1_209' title='bbox 836 1873 890 1917; x_wconf 92' lang='lat' dir='ltr'>de</span> <span class='ocrx_word' id='word_1_210' title='bbox 903 1874 969 1918; x_wconf 92' lang='lat' dir='ltr'>his</span> <span class='ocrx_word' id='word_1_211' title='bbox 986 1873 1062 1933; x_wconf 91' lang='lat' dir='ltr'>qui</span> <span class='ocrx_word' id='word_1_212' title='bbox 1077 1881 1389 1917; x_wconf 86' lang='lat' dir='ltr'>convertuntur</span> <span class='ocrx_word' id='word_1_213' title='bbox 1404 1870 1458 1914; x_wconf 88' lang='lat' dir='ltr'>ad</span> <span class='ocrx_word' id='word_1_214' title='bbox 1473 1874 1626 1925; x_wconf 90' lang='lat' dir='ltr'>Deum,</span> <span class='ocrx_word' id='word_1_215' title='bbox 1643 1879 1687 1914; x_wconf 91' lang='lat' dir='ltr'>et</span> <span class='ocrx_word' id='word_1_216' title='bbox 1702 1885 1791 1914; x_wconf 91' lang='lat' dir='ltr'>non</span> 
     </span>
     <span class='ocr_line' id='line_1_25' title="bbox 401 1940 1790 2003; baseline -0.004 -15"><span class='ocrx_word' id='word_1_217' title='bbox 401 1945 628 1988; x_wconf 81' lang='lat' dir='ltr'>imitantur</span> <span class='ocrx_word' id='word_1_218' title='bbox 644 1943 756 1987; x_wconf 83' lang='lat' dir='ltr'>mala</span> <span class='ocrx_word' id='word_1_219' title='bbox 771 1952 1000 2003; x_wconf 86' lang='lat' dir='ltr'>parentum</span> <span class='ocrx_word' id='word_1_220' title='bbox 1016 1958 1192 1988; x_wconf 89' lang='lat' dir='ltr'>suorum</span> <span class='ocrx_word' id='word_1_221' title='bbox 1207 1963 1218 1999; x_wconf 79' lang='lat'>3</span> <span class='ocrx_word' id='word_1_222' title='bbox 1238 1942 1355 2002; x_wconf 89' lang='lat' dir='ltr'>quod</span> <span class='ocrx_word' id='word_1_223' title='bbox 1375 1942 1463 2001; x_wconf 87' lang='lat' dir='ltr'>ipse</span> <span class='ocrx_word' id='word_1_224' title='bbox 1478 1941 1694 2000; x_wconf 85' lang='lat' dir='ltr'>Propheta</span> <span class='ocrx_word' id='word_1_225' title='bbox 1707 1940 1790 1984; x_wconf 84' lang='lat' dir='ltr'>evi-</span> 
     </span>
     <span class='ocr_line' id='line_1_26' title="bbox 402 2011 1790 2072; baseline -0.004 -14"><span class='ocrx_word' id='word_1_226' title='bbox 402 2013 557 2058; x_wconf 89' lang='lat' dir='ltr'>denter</span> <span class='ocrx_word' id='word_1_227' title='bbox 582 2014 771 2058; x_wconf 84' lang='lat' dir='ltr'>ostendit</span> <span class='ocrx_word' id='word_1_228' title='bbox 791 2033 799 2057; x_wconf 94' lang='lat'>:</span> <span class='ocrx_word' id='word_1_229' title='bbox 832 2013 938 2057; x_wconf 83' lang='lat' dir='ltr'>dicit</span> <span class='ocrx_word' id='word_1_230' title='bbox 965 2014 1080 2057; x_wconf 90' lang='lat' dir='ltr'>enim</span> <span class='ocrx_word' id='word_1_231' title='bbox 1102 2021 1332 2072; x_wconf 86' lang='lat' dir='ltr'>parentum</span> <span class='ocrx_word' id='word_1_232' title='bbox 1351 2011 1598 2071; x_wconf 87' lang='lat' dir='ltr'>iniquitates</span> <span class='ocrx_word' id='word_1_233' title='bbox 1621 2011 1678 2054; x_wconf 89' lang='lat' dir='ltr'>eis</span> <span class='ocrx_word' id='word_1_234' title='bbox 1701 2026 1790 2054; x_wconf 90' lang='lat' dir='ltr'>non</span> 
     </span>
     <span class='ocr_line' id='line_1_27' title="bbox 402 2079 1790 2144; baseline -0.004 -15"><span class='ocrx_word' id='word_1_235' title='bbox 402 2085 569 2139; x_wconf 82' lang='lat' dir='ltr'>obesse,</span> <span class='ocrx_word' id='word_1_236' title='bbox 585 2085 658 2144; x_wconf 91' lang='lat' dir='ltr'>qui</span> <span class='ocrx_word' id='word_1_237' title='bbox 672 2084 879 2143; x_wconf 83' lang='lat' dir='ltr'>justitiam</span> <span class='ocrx_word' id='word_1_238' title='bbox 896 2081 1094 2127; x_wconf 80' lang='lat' dir='ltr'>faciendo</span> <span class='ocrx_word' id='word_1_239' title='bbox 1111 2081 1336 2127; x_wconf 83' lang='lat' dir='ltr'>dissimiles</span> <span class='ocrx_word' id='word_1_240' title='bbox 1358 2081 1524 2125; x_wconf 86' lang='lat' dir='ltr'>fuerint</span> <span class='ocrx_word' id='word_1_241' title='bbox 1536 2083 1567 2124; x_wconf 76' lang='lat'>⁶.</span> <span class='ocrx_word' id='word_1_242' title='bbox 1584 2079 1701 2124; x_wconf 90' lang='lat' dir='ltr'>Illud</span> <span class='ocrx_word' id='word_1_243' title='bbox 1719 2096 1790 2123; x_wconf 90' lang='lat' dir='ltr'>au-</span> 
     </span>
     <span class='ocr_line' id='line_1_28' title="bbox 403 2150 1786 2215; baseline -0.006 -17"><span class='ocrx_word' id='word_1_244' title='bbox 403 2164 490 2198; x_wconf 88' lang='lat' dir='ltr'>tem</span> <span class='ocrx_word' id='word_1_245' title='bbox 505 2154 624 2215; x_wconf 87' lang='lat' dir='ltr'>quod</span> <span class='ocrx_word' id='word_1_246' title='bbox 644 2154 809 2198; x_wconf 88' lang='lat' dir='ltr'>dietum</span> <span class='ocrx_word' id='word_1_247' title='bbox 832 2163 895 2197; x_wconf 87' lang='lat' dir='ltr'>est</span> <span class='ocrx_word' id='word_1_248' title='bbox 912 2173 920 2198; x_wconf 78' lang='lat' dir='ltr'>z</span> <span class='ocrx_word' id='word_1_249' title='bbox 939 2153 1165 2197; x_wconf 86' lang='lat' dir='ltr'>«Reddam</span> <span class='ocrx_word' id='word_1_250' title='bbox 1184 2161 1357 2212; x_wconf 83' lang='lat' dir='ltr'>peccata</span> <span class='ocrx_word' id='word_1_251' title='bbox 1373 2162 1545 2210; x_wconf 81' lang='lat' dir='ltr'>patrum</span> <span class='ocrx_word' id='word_1_252' title='bbox 1563 2152 1606 2195; x_wconf 92' lang='lat' dir='ltr'>in</span> <span class='ocrx_word' id='word_1_253' title='bbox 1630 2150 1786 2204; x_wconf 83' lang='lat' dir='ltr'>filios‚»</span> 
     </span>
     <span class='ocr_line' id='line_1_29' title="bbox 403 2222 1788 2279; baseline -0.004 -10"><span class='ocrx_word' id='word_1_254' title='bbox 403 2225 603 2269; x_wconf 87' lang='lat' dir='ltr'>additum</span> <span class='ocrx_word' id='word_1_255' title='bbox 637 2235 726 2279; x_wconf 84' lang='lat' dir='ltr'>est,</span> <span class='ocrx_word' id='word_1_256' title='bbox 756 2245 775 2266; x_wconf 89' lang='lat'>«</span> <span class='ocrx_word' id='word_1_257' title='bbox 801 2225 885 2278; x_wconf 88' lang='lat' dir='ltr'>Qui</span> <span class='ocrx_word' id='word_1_258' title='bbox 914 2224 1100 2268; x_wconf 85' lang='lat' dir='ltr'>oderunt</span> <span class='ocrx_word' id='word_1_259' title='bbox 1130 2225 1229 2266; x_wconf 87' lang='lat' dir='ltr'>me⁷</span> <span class='ocrx_word' id='word_1_260' title='bbox 1257 2243 1264 2267; x_wconf 90' lang='lat'>:</span> <span class='ocrx_word' id='word_1_261' title='bbox 1294 2241 1313 2263; x_wconf 88' lang='lat'>»</span> <span class='ocrx_word' id='word_1_262' title='bbox 1345 2223 1428 2266; x_wconf 85' lang='lat' dir='ltr'>hoe</span> <span class='ocrx_word' id='word_1_263' title='bbox 1460 2232 1545 2276; x_wconf 79' lang='lat' dir='ltr'>est,</span> <span class='ocrx_word' id='word_1_264' title='bbox 1577 2222 1688 2266; x_wconf 89' lang='lat' dir='ltr'>sieut</span> <span class='ocrx_word' id='word_1_265' title='bbox 1719 2236 1788 2264; x_wconf 92' lang='lat' dir='ltr'>me</span> 
     </span>
     <span class='ocr_line' id='line_1_30' title="bbox 401 2293 1786 2355; baseline -0.004 -15"><span class='ocrx_word' id='word_1_266' title='bbox 401 2296 584 2341; x_wconf 88' lang='lat' dir='ltr'>oderant</span> <span class='ocrx_word' id='word_1_267' title='bbox 620 2306 818 2355; x_wconf 83' lang='lat' dir='ltr'>parentes</span> <span class='ocrx_word' id='word_1_268' title='bbox 856 2310 1004 2339; x_wconf 88' lang='lat' dir='ltr'>eorum</span> <span class='ocrx_word' id='word_1_269' title='bbox 1039 2314 1048 2339; x_wconf 89' lang='lat'>:</span> <span class='ocrx_word' id='word_1_270' title='bbox 1086 2303 1135 2338; x_wconf 89' lang='lat' dir='ltr'>ut</span> <span class='ocrx_word' id='word_1_271' title='bbox 1166 2293 1538 2354; x_wconf 85' lang='lat' dir='ltr'>quemadmodum</span> <span class='ocrx_word' id='word_1_272' title='bbox 1568 2293 1786 2337; x_wconf 89' lang='lat' dir='ltr'>bonorum</span> 
     </span>
     <span class='ocr_line' id='line_1_31' title="bbox 401 2363 1790 2424; baseline -0.004 -13"><span class='ocrx_word' id='word_1_273' title='bbox 401 2367 582 2411; x_wconf 84' lang='lat' dir='ltr'>imitatio</span> <span class='ocrx_word' id='word_1_274' title='bbox 604 2365 707 2410; x_wconf 86' lang='lat' dir='ltr'>facit</span> <span class='ocrx_word' id='word_1_275' title='bbox 726 2375 777 2409; x_wconf 88' lang='lat' dir='ltr'>ut</span> <span class='ocrx_word' id='word_1_276' title='bbox 798 2366 925 2409; x_wconf 88' lang='lat' dir='ltr'>etiam</span> <span class='ocrx_word' id='word_1_277' title='bbox 948 2365 1121 2424; x_wconf 84' lang='lat' dir='ltr'>propria</span> <span class='ocrx_word' id='word_1_278' title='bbox 1143 2373 1313 2423; x_wconf 82' lang='lat' dir='ltr'>peccata</span> <span class='ocrx_word' id='word_1_279' title='bbox 1335 2364 1563 2408; x_wconf 86' lang='lat' dir='ltr'>deleantur</span> <span class='ocrx_word' id='word_1_280' title='bbox 1583 2398 1593 2417; x_wconf 86' lang='lat'><strong>‚</strong></span> <span class='ocrx_word' id='word_1_281' title='bbox 1619 2363 1679 2407; x_wconf 88' lang='lat' dir='ltr'>sic</span> <span class='ocrx_word' id='word_1_282' title='bbox 1701 2377 1790 2406; x_wconf 87' lang='lat' dir='ltr'>ma·</span> 
     </span>
     <span class='ocr_line' id='line_1_32' title="bbox 402 2433 1786 2490; baseline -0.005 -8"><span class='ocrx_word' id='word_1_283' title='bbox 402 2438 541 2482; x_wconf 85' lang='lat' dir='ltr'>lorum</span> <span class='ocrx_word' id='word_1_284' title='bbox 560 2436 742 2480; x_wconf 66' lang='lat' dir='ltr'>imitatio</span> <span class='ocrx_word' id='word_1_285' title='bbox 764 2434 905 2490; x_wconf 81' lang='lat' dir='ltr'>saciat,</span> <span class='ocrx_word' id='word_1_286' title='bbox 929 2446 978 2479; x_wconf 90' lang='lat' dir='ltr'>ut</span> <span class='ocrx_word' id='word_1_287' title='bbox 999 2451 1089 2479; x_wconf 88' lang='lat' dir='ltr'>non</span> <span class='ocrx_word' id='word_1_288' title='bbox 1111 2433 1248 2479; x_wconf 87' lang='lat' dir='ltr'>solum</span> <span class='ocrx_word' id='word_1_289' title='bbox 1274 2450 1365 2489; x_wconf 87' lang='lat' dir='ltr'>sua,</span> <span class='ocrx_word' id='word_1_290' title='bbox 1387 2433 1463 2477; x_wconf 88' lang='lat' dir='ltr'>sed</span> <span class='ocrx_word' id='word_1_291' title='bbox 1484 2434 1611 2477; x_wconf 87' lang='lat' dir='ltr'>etiam</span> <span class='ocrx_word' id='word_1_292' title='bbox 1637 2447 1786 2478; x_wconf 88' lang='lat' dir='ltr'>eorum</span> 
     </span>
    </p>
   </div>
   <div class='ocr_carea' id='block_1_3' title="bbox 404 2530 1785 2631">
    <p class='ocr_par' dir='ltr' id='par_1_6' title="bbox 404 2530 1785 2631">
     <span class='ocr_line' id='line_1_33' title="bbox 452 2530 1785 2573; baseline -0.002 -8"><span class='ocrx_word' id='word_1_293' title='bbox 452 2533 696 2573; x_wconf 73' lang='lat' dir='ltr'>¹Psal.cxv1n,</span> <span class='ocrx_word' id='word_1_294' title='bbox 722 2543 770 2571; x_wconf 82' lang='grc' dir='ltr'>ιι,</span> <span class='ocrx_word' id='word_1_295' title='bbox 801 2541 850 2563; x_wconf 84' lang='lat'>12.</span> <span class='ocrx_word' id='word_1_296' title='bbox 879 2549 919 2554; x_wconf 89' lang='lat'><strong>—</strong></span> <span class='ocrx_word' id='word_1_297' title='bbox 939 2531 1046 2563; x_wconf 85' lang='lat' dir='ltr'>²Ibid.</span> <span class='ocrx_word' id='word_1_298' title='bbox 1072 2531 1120 2562; x_wconf 82' lang='lat'>13.</span> <span class='ocrx_word' id='word_1_299' title='bbox 1138 2547 1178 2552; x_wconf 92' lang='lat'>—</span> <span class='ocrx_word' id='word_1_300' title='bbox 1195 2530 1207 2554; x_wconf 83' lang='lat'>3</span> <span class='ocrx_word' id='word_1_301' title='bbox 1232 2531 1312 2563; x_wconf 81' lang='lat' dir='ltr'>Ibid.</span> <span class='ocrx_word' id='word_1_302' title='bbox 1338 2530 1389 2572; x_wconf 71' lang='lat'>14.</span> <span class='ocrx_word' id='word_1_303' title='bbox 1408 2548 1447 2553; x_wconf 97' lang='lat'><strong>—</strong></span> <span class='ocrx_word' id='word_1_304' title='bbox 1474 2531 1489 2555; x_wconf 71' lang='lat'>[³</span> <span class='ocrx_word' id='word_1_305' title='bbox 1510 2532 1611 2563; x_wconf 76' lang='lat' dir='ltr'>Exod.</span> <span class='ocrx_word' id='word_1_306' title='bbox 1628 2542 1681 2572; x_wconf 86' lang='lat' dir='ltr'>xx,</span> <span class='ocrx_word' id='word_1_307' title='bbox 1703 2531 1785 2563; x_wconf 87' lang='lat'>5.—</span> 
     </span>
     <span class='ocr_line' id='line_1_34' title="bbox 404 2586 1295 2631; baseline -0.002 -10"><span class='ocrx_word' id='word_1_308' title='bbox 404 2587 419 2612; x_wconf 79' lang='grc'><em>5</em></span> <span class='ocrx_word' id='word_1_309' title='bbox 437 2590 551 2621; x_wconf 84' lang='lat' dir='ltr'>Ezech.</span> <span class='ocrx_word' id='word_1_310' title='bbox 565 2589 692 2631; x_wconf 69' lang='lat' dir='ltr'>xvm,4.</span> <span class='ocrx_word' id='word_1_311' title='bbox 716 2606 757 2611; x_wconf 90' lang='lat'><strong>—</strong></span> <span class='ocrx_word' id='word_1_312' title='bbox 775 2586 789 2610; x_wconf 80' lang='lat'>6</span> <span class='ocrx_word' id='word_1_313' title='bbox 804 2588 883 2620; x_wconf 88' lang='lat' dir='ltr'>Ibid.</span> <span class='ocrx_word' id='word_1_314' title='bbox 905 2597 958 2619; x_wconf 80' lang='lat'>20.</span> <span class='ocrx_word' id='word_1_315' title='bbox 987 2604 1026 2609; x_wconf 95' lang='lat'><strong>—</strong></span> <span class='ocrx_word' id='word_1_316' title='bbox 1042 2595 1056 2619; x_wconf 88' lang='lat'>7</span> <span class='ocrx_word' id='word_1_317' title='bbox 1076 2587 1173 2618; x_wconf 84' lang='lat' dir='ltr'>Exod.</span> <span class='ocrx_word' id='word_1_318' title='bbox 1190 2598 1244 2628; x_wconf 75' lang='lat' dir='ltr'>xx,</span> <span class='ocrx_word' id='word_1_319' title='bbox 1266 2588 1295 2619; x_wconf 95' lang='lat'>3.</span> 
     </span>
    </p>
   </div>
  </div>
 </body>
</html>
