1848 3261
397 216 481 256 420
827 228 862 258 s.
899 227 1130 259 Auous'nm
1162 231 1343 260 Emscom

924 400 1139 442 SERMO
1186 402 1235 440 X.

447 567 483 608 Ι.
513 565 733 616 SEQmTcn
754 564 800 607 in
821 565 903 608 isto
923 564 1091 609 Psalmo
1109 566 1271 625 majore
1287 600 1297 620 ,
1329 564 1449 625 quod
1477 566 1778 622 considerare,

389 644 433 679 et
454 635 566 679 sicut
587 634 796 677 Dominus
815 634 984 678 dederit
1002 669 1013 688 ,
1039 645 1302 694 pertractare
1315 635 1526 680 debemus
1542 671 1552 691 ,
1577 655 1598 678 «
1622 636 1785 680 Adhae-

389 725 410 749 >›
445 706 498 749 sit
511 706 761 765 pavimento
775 706 914 750 anima
931 721 1044 759 meag
1063 706 1233 750 vivifica
1249 722 1318 750 me
1336 708 1576 751 secundum
1594 708 1780 751 verbum

388 796 408 818 >›
445 786 573 820 tuum
593 778 623 818 ¹.
644 794 664 816 »
683 775 799 828 Quid
823 786 887 820 est
906 811 916 831 ,
947 795 964 818 «ι
989 776 1169 820 adhaesit
1186 778 1435 836 pavimento
1455 778 1597 821 anima
1616 779 1737 821 mea?
1755 795 1775 819 »

386 850 495 893 Nam
519 862 620 891 eum
643 846 840 906 adjungit
862 856 903 890 et
926 847 1031 892 dicit
1050 866 1057 891 :
1083 866 1103 888 «
1130 847 1311 891 Vivifica
1332 863 1400 891 me
1419 849 1661 893 secundum
1683 863 1781 892 ver-

391 938 412 960 »
447 919 554 962 bum
577 927 728 975 tuum3
752 936 772 958 >›
800 933 934 978 quare
951 933 995 961 se
1017 917 1222 961 vivificari
1247 927 1411 977 poseat,
1429 919 1580 978 utique
1606 933 1781 963 causam

386 990 618 1050 praemisit,
652 989 866 1046 dicendo3
902 1008 920 1030 (ι
955 989 1151 1032 Adhaesit
1180 989 1427 1048 pavimento
1455 990 1595 1033 anima
1618 1005 1729 1033 mea.
1754 1006 1776 1031 »

387 1063 504 1118 Ergo
536 1060 638 1118 quia
663 1068 891 1117 propterea
925 1074 968 1102 se
999 1059 1204 1103 vivificari
1233 1060 1366 1118 petit,
1400 1059 1503 1120 quia
1530 1060 1779 1119 pavimento

384 1131 565 1176 adhaesit
583 1129 725 1173 anima
752 1130 869 1188 ejus,
901 1130 1059 1174 mirum
1084 1131 1118 1174 si
1141 1131 1247 1175 boni
1270 1129 1436 1191 aliquid
1465 1130 1567 1174 hine
1591 1130 1686 1174 vult
1708 1130 1779 1174 in-

383 1201 623 1259 telligijta
649 1199 811 1258 quippe
837 1215 881 1243 Se
902 1198 1035 1242 habet
1062 1210 1151 1242 lota
1178 1201 1258 1243 ista
1287 1201 1498 1244 sententia
1519 1235 1530 1254 ,
1568 1209 1780 1260 tanquam

385 1272 549 1316 diceret
571 1290 580 1315 :
604 1273 804 1315 Mortuus
839 1285 935 1312 sum
957 1289 967 1317 ;
992 1269 1159 1312 vivifica
1184 1284 1266 1312 me.
1294 1270 1410 1321 Quid
1443 1278 1507 1313 est
1530 1284 1631 1327 ergo
1653 1270 1779 1329 pavi-

382 1343 607 1387 mentum?
632 1341 674 1385 Si
695 1350 903 1399 tanquam
929 1355 1058 1383 unam
1093 1338 1329 1399 quamdam
1357 1339 1539 1382 domum
1572 1355 1777 1398 magnam

381 1414 632 1460 universum
656 1410 872 1455 mundum
899 1410 1078 1453 velimus
1100 1410 1293 1469 accipere
1309 1445 1319 1464 ‚
1335 1409 1534 1453 videmus
1551 1410 1672 1454 velut
1686 1412 1777 1471 ejus

379 1499 595 1530 cameram
617 1481 780 1526 coelum
806 1503 815 1526 :
843 1491 956 1525 ter-ra
979 1481 1060 1524 erit
1080 1480 1211 1537 igitur
1229 1480 1544 1539 pavimentum.
1571 1480 1678 1525 Vult
1691 1481 1774 1524 ita-

379 1571 465 1617 que
484 1554 663 1598 terrenis
687 1553 778 1596 erui
795 1588 805 1607 ,
831 1562 871 1595 et
896 1567 995 1595 eum
1020 1549 1229 1610 Apostolo
1247 1550 1417 1594 dicere:
1449 1571 1468 1593 «
1491 1552 1774 1596 Conversatio

381 1647 402 1670 >›
438 1635 584 1671 nostia
604 1624 650 1666 in
673 1622 794 1667 coelis
817 1624 921 1665 est2.
942 1640 961 1661 »
984 1620 1172 1665 Proinde
1193 1622 1371 1664 terrenis
1395 1621 1638 1677 adhaerere,
1657 1637 1773 1666 mors

378 1699 535 1745 animae
557 1704 642 1753 θεὶς,
661 1696 732 1739 cui
748 1693 863 1738 malo
885 1692 1099 1737 contraria
1120 1693 1313 1751 poscitur
1328 1693 1440 1748 vita,
1460 1708 1562 1737 cum
1579 1692 1738 1737 dicitur
1760 1712 1768 1737 :

385 1790 407 1813 «
441 1772 478 1812 V
482 1767 622 1811 ivifiea
645 1780 726 1808 me.
750 1782 771 1805 >1

438 1842 498 1883 II.
523 1837 606 1883 Sed
626 1833 868 1881 videndum
882 1843 965 1886 est,
983 1843 1133 1878 utrum
1147 1842 1391 1892 congruant
1400 1834 1503 1878 huic
1515 1834 1649 1878 verba
1670 1834 1768 1891 ista,

377 1911 455 1974 qui
477 1907 673 1968 superius
691 1905 793 1950 talia
815 1905 994 1959 dixerat,
1018 1904 1178 1965 quibus
1200 1904 1334 1962 magis
1356 1907 1447 1949 Deo
1467 1904 1670 1949 videatur
1692 1905 1770 1950 ad-

376 1981 549 2029 haesisse
571 1992 702 2038 quarn
727 1976 995 2036 pavimento,
1026 1984 1077 2018 ut
1097 1975 1364 2018 conversatio
1386 1975 1475 2034 ejus
1498 1991 1588 2019 non
1611 1975 1655 2018 in
1679 1984 1770 2019 ter-

377 2053 514 2106 renis‚
543 2049 681 2094 sedin
699 2047 946 2091 coelestibus
970 2045 1219 2090 haberetur.
1239 2045 1470 2098 Quomodo
1494 2045 1610 2089 enim
1627 2055 1770 2104 potest

376 2122 561 2181 intelligi
578 2118 756 2164 terrenis
771 2117 998 2161 adhaesisse
1016 2117 1093 2177 qui
1114 2115 1220 2158 dicit
1246 2134 1254 2158 :
1280 2133 1299 2156 «
1322 2119 1477 2159 Servus
1501 2126 1646 2159 autem
1667 2125 1769 2161 tuus

378 2216 398 2239 υ
435 2192 714 2238 exercebatur
735 2190 780 2233 in
802 2189 887 2233 tuis
906 2185 1290 2247 justificationibus
1310 2206 1320 2242 ‘a
1337 2201 1438 2229 nam
1455 2195 1498 2229 et
1520 2186 1767 2231 testimonia

377 2287 399 2310 »
435 2276 509 2310 tua
526 2261 748 2308 meditatio
769 2276 864 2303 mea
885 2268 972 2313 est,
999 2267 1042 2301 et
1063 2256 1293 2301 consilium
1324 2272 1470 2300 meum
1488 2257 1767 2317 justificatio-

377 2357 399 2380 »
434 2352 509 2381 nes
530 2335 645 2378 tuae‘?
676 2351 695 2373 »
730 2334 831 2375 Haee
860 2338 962 2373 sunt
990 2328 1106 2371 enim
1141 2326 1273 2370 verba
1310 2328 1401 2387 ejus
1431 2327 1730 2372 antecedentia
1751 2363 1762 2384 ,

375 2422 566 2469 quorum
584 2401 934 2449 antecedentium
952 2400 1031 2443 ista
1054 2406 1154 2442 sunt
1176 2399 1506 2458 consequentia:
1530 2417 1549 2440 «
1569 2399 1766 2444 Adhaesit

378 2497 399 2520 »
435 2478 684 2538 pavimento
702 2472 844 2517 anima
856 2486 964 2514 mea.
989 2488 1008 2510 »
1028 2472 1096 2514 An
1108 2484 1158 2513 ex
1178 2468 1262 2513 hoc
1279 2467 1522 2528 intelligere
1533 2469 1759 2526 debemus,

427 2592 435 2607 ¹
456 2584 535 2617 Psal.
561 2593 669 2625 cxvm,
683 2580 738 2614 25.
756 2596 796 2602 —
822 2586 834 2601 2
854 2577 969 2619 Philip.
993 2588 1040 2618 ιιι,
1057 2585 1109 2607 20.
