1848 3261
369 232 422 269 80
804 241 837 266 s.
874 237 1105 267 AucUs‘rmr
1138 240 1321 268 Emscom

365 307 487 366 cujus
508 304 698 362 indiget,
719 312 762 347 et
794 319 883 349 non
905 305 966 348 ibi
1001 305 1162 363 cogites
1195 305 1297 363 quia
1323 302 1568 363 Discipulus
1591 303 1753 348 Christi

367 385 455 432 θεῖ,
479 375 580 435 quia
607 374 801 418 minister
820 383 883 418 cst
911 375 989 419 Dei
1010 409 1020 430 ,
1046 375 1147 435 quia
1169 374 1437 433 dispensator
1466 382 1529 417 est
1550 373 1651 431 Dei·⁷
1681 371 1758 418 scd

366 447 527 507 cogites
564 445 625 490 ibi
661 445 839 505 aliquod
878 446 1158 490 commodum
1190 445 1456 504 temporale,
1494 453 1544 488 ut
1577 442 1757 488 fortasse

366 535 504 564 causae
545 527 633 562 tuee
666 516 930 560 necessarius
965 515 1143 577 quando
1173 515 1335 570 fuerit,
1365 514 1529 559 venalis
1559 514 1640 558 tibi
1674 515 1753 570 sit,

367 590 468 650 quia
487 589 526 632 ei
548 587 715 647 aliquid
738 587 989 645 porrexisti3
1009 596 1100 631 tam
1122 595 1172 630 tu
1194 601 1285 630 non
1302 585 1460 629 dedisti
1482 586 1623 645 justo,
1649 585 1682 629 si
1701 585 1759 629 sic

367 660 558 715 dederis,
583 673 714 719 quam
737 657 809 701 ille
831 673 920 702 non
938 657 1058 702 dedit
1074 657 1242 702 homini
1260 692 1270 711 ,
1292 656 1470 716 quando
1484 654 1606 700 dedit
1626 671 1761 701 vena-

365 731 463 776 tori.
493 734 576 774 Res
599 744 701 787 ergo
718 763 728 783 ‚
752 728 989 772 charissimi
1005 763 1015 783 ,
1030 729 1076 771 in
1090 736 1298 788 promptu
1323 727 1461 787 posita
1481 735 1569 781 est,
1595 735 1639 770 et
1652 735 1760 786 puto

368 801 469 861 quia
490 800 569 843 etsi
590 799 774 844 obscura
796 797 878 842 fuit
897 833 906 853 ,
949 799 1038 857 jain
1057 797 1288 842 manifesta
1311 806 1389 841 est.
1416 796 1485 842 Ad
1504 798 1592 841 hoc>
1609 797 1760 841 Domi-

368 888 450 916 nus
472 880 513 916 te
531 870 753 925 astrinxit,
774 885 875 914 cum
893 869 1082 924 diceret,
1109 888 1129 911 «
1155 869 1240 921 Qui
1263 868 1473 927 receperit
1492 869 1686 928 justum1
1706 903 1716 923 ‚
1736 886 1756 910 »

368 943 600 987 sufficeret.
635 940 719 986 Sed
747 941 848 1000 quia
871 948 1013 999 potest
1041 939 1173 998 recipi
1201 940 1344 998 justus
1380 937 1461 981 alia
1486 938 1729 981 intentione
1747 973 1758 993 ‚

370 1029 471 1058 cum
487 1020 667 1071 putatur
695 1010 899 1070 prodesse
932 1025 1056 1069 posse
1089 1009 1145 1053 ad
1174 1008 1339 1069 aliquid
1362 1008 1624 1067 temporale,
1649 1008 1762 1052 forte

370 1083 424 1128 ad
452 1081 740 1141 supplendam
774 1081 1084 1139 cupiditatem,
1124 1078 1236 1124 forte
1271 1080 1326 1123 ad
1361 1078 1682 1138 adjuvandum,
1712 1087 1763 1123 ut

370 1156 501 1199 homo
524 1151 913 1205 circumveniatur,
945 1160 1020 1194 aut
1042 1152 1339 1210 opprimatur3
1373 1150 1474 1210 quia
1497 1148 1583 1192 tale
1611 1148 1763 1192 minis-

373 1225 527 1269 terium
550 1222 604 1265 de
627 1221 702 1265 illo
731 1221 912 1280 (pueris,
947 1220 1059 1264 forte
1081 1231 1310 1280 propterea
1340 1220 1518 1279 suscipis
1547 1240 1553 1263 :
1587 1219 1762 1278 negavit

373 1296 449 1339 tibi
486 1292 730 1337 mercedem
757 1293 861 1351 justi
879 1327 889 1346 ‚
912 1292 992 1335 nisi
1024 1307 1124 1335 cuin
1158 1291 1472 1335 additamento.
1499 1291 1572 1334 Ait
1605 1291 1721 1333 enim
1747 1305 1756 1332 :

373 1387 390 1408 «
428 1365 512 1418 Qui
535 1362 745 1422 receperit
754 1363 921 1421 justum
941 1362 1174 1405 innomine
1191 1361 1318 1420 justi,
1347 1380 1367 1402 »
1384 1361 1429 1404 id
1453 1369 1515 1404 est
1530 1396 1541 1415 ,
1567 1360 1665 1404 ideo
1687 1376 1758 1404 re—

369 1436 531 1496 cipiens
554 1434 655 1494 quia
672 1434 812 1493 justus
835 1441 912 1476 est.
930 1435 1010 1486 Et,
1037 1451 1056 1474 «
1075 1432 1160 1485 Qui
1173 1432 1383 1491 receperit
1406 1431 1669 1490 Prophetam
1697 1450 1705 1475 ε
1734 1449 1755 1472 »

369 1522 458 1552 non
480 1514 651 1550 tantum
671 1503 880 1562 receperit
895 1503 1180 1562 Prophetani,
1205 1501 1306 1557 sed,
1337 1520 1354 1542 «
1382 1505 1434 1546 In
1457 1501 1632 1546 nomine
1650 1505 1758 1546 Pro-

371 1596 391 1619 »
427 1578 571 1637 phetae
592 1611 601 1630 7
626 1593 646 1616 »
672 1576 754 1618 hoc
776 1574 821 1616 in
849 1572 924 1617 illo
955 1573 1174 1617 honorans
1203 1571 1323 1633 quod
1346 1573 1564 1631 Propheta
1586 1581 1663 1615 est.
1690 1571 1760 1617 Ad

369 1657 609 1692 extremum
627 1681 637 1701 7
668 1665 688 1687 «
715 1645 799 1698 Qui
838 1643 1008 1688 dederit
1035 1642 1213 1688 calicem
1242 1659 1366 1702 aquze
1397 1641 1567 1700 frigidae
1606 1643 1683 1686 uni
1709 1658 1760 1686 ex

372 1738 392 1760 υ
429 1717 616 1762 minimis
649 1716 771 1771 istis„
806 1724 979 1759 tantum
1015 1714 1061 1757 in
1090 1713 1268 1758 nomine
1295 1712 1534 1771 Discipuli,
1569 1731 1589 1753 »
1628 1712 1675 1757 id
1697 1722 1760 1757 est

369 1798 597 1849 propterea
619 1787 721 1847 quia
739 1784 984 1845 Discipulus
999 1785 1158 1830 Christi
1175 1793 1263 1838 est,
1291 1792 1519 1844 propterea
1543 1784 1645 1843 quia
1668 1784 1759 1827 dis-

371 1868 573 1919 pensator
593 1857 848 1901 sacramenti
871 1865 934 1900 est
958 1872 969 1900 .·
999 1874 1015 1895 «
1039 1858 1179 1899 Amen
1201 1853 1299 1898 dico
1316 1854 1440 1899 vobis
1457 1889 1467 1909 ,
1494 1870 1583 1898 non
1606 1854 1760 1913 perdet

372 1949 393 1971 »
429 1928 674 1973 mercedem
696 1943 818 1971 suam
833 1931 865 1970 2'.
911 1946 930 1968 »
958 1926 1190 1980 Quomodo
1233 1941 1335 1984 ergo
1366 1924 1599 1983 intelligis,
1629 1944 1648 1966 «
1674 1925 1760 1976 Qui

373 2019 393 2042 »
429 1997 638 2057 receperit
653 1997 820 2056 justum
845 1995 890 2037 in
922 1997 1099 2037 nomine
1116 1997 1247 2053 justi,
1283 1992 1528 2036 mercedem
1560 1994 1666 2053 justi
1687 2010 1760 2038 ac-

373 2091 393 2113 »
429 2071 559 2129 cipiet
586 2088 594 2113 :
627 2088 644 2109 »
663 2068 721 2111 sic
740 2065 955 2124 intellige,
978 2066 1063 2118 Qui
1086 2065 1296 2125 receperit
1312 2074 1584 2124 peccatorem
1612 2065 1658 2109 in
1675 2081 1759 2111 no·-

372 2142 489 2186 mine
506 2138 743 2199 peccatoris
761 2173 770 2192 ‚
798 2135 953 2196 perdet
972 2136 1230 2180 mercedem.

429 2214 549 2256 XIV.
585 2213 724 2268 Ergo,
760 2207 936 2263 fratres,
971 2217 1164 2252 exercete
1186 2206 1540 2251 misericordiam.
1565 2209 1664 2252 Non
1696 2216 1760 2252 est

371 2282 490 2327 aliud
518 2279 741 2326 vinculum
773 2279 993 2323 charitatis
1009 2314 1019 2333 ‚
1049 2295 1139 2323 non
1165 2287 1229 2322 est
1250 2277 1368 2321 aliud
1394 2277 1646 2322 vehiculum
1669 2293 1757 2337 quo

370 2352 661 2413 perducamur
694 2365 745 2393 ex
771 2350 851 2393 hac
884 2349 970 2392 vita
993 2348 1047 2392 ad
1069 2348 1188 2392 illam
1210 2348 1419 2407 patriani3
1451 2346 1669 2391 extendite
1691 2347 1758 2391 di-
1785 2394 1789 2399 K

369 2423 602 2467 lectionem
637 2435 775 2481 usque
807 2419 861 2463 ad
894 2419 1091 2463 inimicos
1129 2438 1138 2462 ε
1172 2418 1309 2461 securi
1335 2426 1485 2462 estote.
1512 2416 1616 2461 Ideo
1638 2417 1758 2462 venit

371 2493 566 2538 Christus
583 2528 593 2548 ,
621 2492 690 2536 cui
713 2500 836 2534 tanto
862 2498 961 2533 ante
984 2489 1150 2534 dictum
1176 2497 1239 2533 est
1270 2508 1278 2533 :
1309 2507 1329 2530 «
1350 2490 1414 2532 Ex
1432 2503 1504 2532 ore
1521 2486 1755 2533 infantium

417 2584 425 2600 ¹
447 2576 559 2611 Matth.
579 2575 680 2619 x,!41.
700 2592 741 2598 —
758 2574 872 2606 ²1bid.
901 2572 952 2606 s2.
