1848 3261
251 290 492 320 ENARRATIO
524 294 539 318 1
571 293 616 319 m
648 289 850 319 PsALMJJM
882 291 982 327 cm,
1019 287 1156 316 SEnMo
1189 292 1217 316 1.
1365 281 1420 319 99

40 373 62 398 »
81 356 335 400 hominum?
349 374 369 398 n
390 365 433 400 et
445 356 520 400 ubi
541 354 665 400 illum
688 354 796 401 vidit
821 354 897 415 qui
915 352 1043 408 dixit,
1070 372 1090 394 «
1111 355 1208 398 Non
1230 353 1421 399 habebat

38 443 60 468 »
80 426 281 486 speciem,
299 442 442 487 neque
456 426 712 471 decoremP»
732 424 847 470 Audi
863 424 940 468 ubi
953 438 1053 468 eum
1064 423 1174 468 vidit
1191 423 1270 483 qui
1291 423 1415 480 dixit,

41 514 62 540 «
98 496 324 556 Speciosus
357 497 496 542 torma
518 513 608 557 prae
632 495 729 542 filiis
762 495 1007 540 hominum.
1060 495 1174 538 Cum
1202 494 1249 537 in
1281 492 1422 538 forma

39 584 60 608 »
82 568 159 612 Dei
176 577 301 624 esset,
316 584 405 613 non
423 569 618 628 rapinam
634 567 866 611 arbitratus
884 574 947 610 est
964 580 1053 609 esse
1069 563 1246 624 aequalis
1263 566 1369 610 Deo¹
1380 583 1418 609 .»

35 639 192 684 Merito
204 655 294 699 prae
311 639 409 684 filiis
423 639 652 685 hominum
664 674 676 694 ‚
696 639 798 699 quia
817 637 994 699 aequalis
1007 640 1111 681 Deo.
1128 639 1240 681 Ecce
1257 637 1420 696 accepi,

37 718 80 753 et
96 712 248 767 agnovi
270 711 346 754 ubi
363 726 463 755 eum
476 711 634 756 viderit
654 712 730 771 qui
743 710 870 765 dixit,
896 729 916 752 «
936 709 1161 769 Speciosus
1176 708 1314 753 forma
1332 724 1421 768 prae

39 796 60 820 »
94 779 192 823 filiis
212 780 456 825 hominum.
486 800 506 822 »
533 779 774 840 Respondit
795 780 908 824 enim
931 779 1056 824 nobis
1070 814 1081 834 ,
1109 779 1193 823 Ubi
1214 778 1395 823 viderim
1410 814 1420 833 ,

36 850 222 910 quaerisi’
241 854 320 895 «In
338 849 475 896 forma
492 852 615 896 Dei.»
632 855 689 896 Et
702 851 819 896 unde
834 850 1034 895 vidistiin
1049 849 1188 893 forma
1204 851 1279 893 Dei
1291 853 1307 893 Ρ
1318 866 1425 910 quo-

35 921 167 966 modo
183 921 327 966 vidisti
350 923 396 966 in
418 921 557 967 forma
589 923 694 967 Dei?
719 942 739 964 «
764 923 877 976 Quia
898 920 1126 965 invisibilia
1158 922 1248 981 ejus
1273 937 1349 980 per
1376 938 1424 965 ea

39 1009 59 1032 »
94 1007 194 1051 quae
215 990 329 1036 facta
361 1002 462 1037 sunt
485 991 702 1037 intellecta
729 991 1105 1051 conspiciuntur2.
1134 1009 1154 1031 n
1177 993 1316 1045 Bene,
1343 1007 1425 1050 op-

35 1061 165 1117 time3
184 1062 350 1122 accepi,
376 1063 553 1120 agnovi,
573 1071 615 1106 et
637 1078 767 1122 quem
790 1061 947 1105 videris
964 1096 974 1116 ,
997 1070 1038 1105 et
1051 1060 1226 1120 qualem
1239 1060 1398 1105 videris
1413 1097 1423 1117 ,

35 1139 79 1174 et
104 1131 182 1174 ubi
198 1132 381 1187 videris,
410 1142 453 1176 et
481 1132 600 1175 unde
627 1131 799 1175 videris.
834 1133 974 1184 Quem
1014 1130 1184 1175 vidisti?
1207 1134 1423 1191 Sponsum

34 1210 248 1245 nostrum.
274 1202 458 1254 Qualem
490 1201 668 1245 vidisti?
701 1221 720 1244 «
755 1202 1006 1262 Speciosum
1046 1204 1181 1247 forma
1210 1218 1299 1262 prae
1327 1203 1425 1248 filiis

37 1290 59 1314 »
93 1272 340 1317 hominum.
363 1291 383 1314 »
404 1273 487 1318 Ubi
509 1272 678 1317 vidisti?
703 1293 724 1316 «
748 1276 861 1319 Cum
889 1274 935 1318 in
956 1274 1097 1318 forma
1128 1274 1205 1318 Dei
1229 1283 1338 1319 esset
1363 1294 1372 1319 :
1401 1293 1421 1316 »

39 1342 165 1387 Unde
186 1342 359 1388 vidisti?
380 1363 400 1385 «
424 1347 506 1388 Per
531 1359 579 1388 ea
604 1360 704 1404 quae
736 1342 850 1390 facta
874 1354 976 1390 sunt
1002 1343 1222 1390 intellecta
1249 1346 1425 1405 conspi—

40 1429 61 1454 »
96 1413 286 1457 ciuntur.
305 1412 564 1458 »Videamus
579 1423 621 1458 et
636 1413 690 1457 de
710 1414 792 1457 isto
812 1412 919 1474 quid
934 1413 1050 1457 dicat
1064 1412 1172 1457 alius
1187 1416 1419 1474 Propheta,

37 1482 217 1527 sednon
238 1482 348 1527 aiius
376 1484 549 1543 spiritus
573 1503 581 1528 :
603 1499 692 1527 non
709 1483 823 1526 enim
842 1482 1092 1528 discordant
1119 1485 1232 1527 inter
1253 1501 1310 1529 se.
1332 1488 1423 1530 Ex-

37 1554 182 1597 hibuit
215 1554 340 1598 nobis
372 1554 446 1598 ille
476 1555 714 1614 speciosum
741 1552 881 1598 forma
910 1570 1000 1614 prae
1028 1553 1127 1598 filiis
1155 1555 1384 1601 hominum
1411 1578 1421 1616 3

39 1624 241 1668 exhibeat
269 1633 313 1668 et
338 1625 418 1669 iste
449 1624 569 1685 quod
600 1625 658 1669 ait
693 1640 703 1666 t
732 1624 969 1669 «Vidimus
1004 1641 1126 1681 cum,
1159 1635 1202 1670 et
1230 1643 1320 1672 non
1343 1629 1427 1673 ha-

41 1712 63 1737 »
83 1695 217 1740 bebat
239 1697 426 1755 speciem
441 1731 452 1752 ‚
479 1711 622 1757 neque
642 1695 859 1741 decorem.
884 1715 904 1737 »
923 1699 1043 1741 Unus
1067 1697 1286 1756 apostolus
1308 1703 1423 1744 Pau-

37 1764 106 1809 lus
140 1767 400 1826 Prophetam
439 1775 676 1827 utrumque
713 1767 979 1827 conjungit3
1014 1783 1154 1810 unum
1181 1770 1423 1828 capitulum

39 1837 163 1881 Pauli
183 1838 358 1898 utrique
386 1839 615 1897 Prophetae
632 1838 833 1898 perhibet
859 1838 1170 1882 testimonium.
1194 1840 1262 1883 Ibi
1283 1841 1424 1887 habeo

38 1907 280 1966 speciosum
293 1906 432 1952 forma
454 1923 543 1966 prae
555 1907 652 1952 filiis
666 1908 897 1952 hominum
915 1927 924 1953 :
951 1927 971 1950 «
991 1908 1191 1962 Quicum
1212 1910 1258 1954 in
1285 1909 1423 1957 forma

42 1995 63 2018 »
97 1978 176 2021 Dei
223 1987 358 2033 esset,
391 1994 481 2022 non
520 1980 715 2038 rapinam
758 1979 990 2023 arbitratus
1022 1988 1085 2023 est
1117 1995 1215 2025 esse·
1244 1983 1422 2042 aequalis

40 2064 65 2088 υ
97 2050 187 2091 Deo
203 2049 235 2091 3.
273 2066 294 2089 »
333 2048 401 2092 Ibi
432 2047 567 2104 dixit,
598 2049 719 2109 quod
753 2049 863 2094 vidit
889 2058 932 2093 et
960 2048 1068 2094 alius
1089 2085 1100 2106 ,
1134 2067 1223 2096 non
1250 2053 1422 2098 haben-

37 2126 128 2161 tem
170 2118 356 2177 speciem
380 2153 390 2173 ,
439 2134 583 2179 neque
627 2118 829 2164 decorem
876 2139 885 2164 :
934 2139 954 2162 «
996 2121 1106 2174 Quia
1145 2124 1423 2184 semetipsum

41 2202 62 2229 »
97 2187 331 2232 exinanivit
353 2186 538 2232 formam
562 2189 672 2234 servi
700 2189 934 2249 accipicns3
954 2190 1000 2234 in
1027 2191 1309 2238 similitudine
1342 2195 1424 2241 ho-

43 2278 62 2301 »
96 2259 266 2303 minum
301 2258 440 2304 factus
460 2295 470 2315 ,
506 2270 548 2304 et
580 2261 738 2306 habitu
767 2262 969 2307 inventus
1000 2272 1049 2308 ut
1078 2264 1241 2323 homo3
1272 2267 1421 2312 humi-

42 2347 64 2371 »
97 2328 218 2374 liavit
237 2346 280 2374 se
305 2366 315 2386 ,
351 2329 490 2375 factus
523 2331 730 2376 obediens
755 2348 894 2393 usque
920 2332 975 2378 ad
1000 2344 1209 2391 mortem,
1237 2347 1420 2384 mortem

42 2417 64 2440 »
99 2409 243 2444 autem
266 2401 404 2445 crucis
420 2402 451 2444 4.
474 2420 494 2442 »
518 2403 672 2447 Merito
686 2402 890 2447 viderunt
912 2419 1029 2459 eum,
1055 2414 1097 2449 et
1118 2422 1208 2451 non
1229 2408 1420 2455 habebat

40 2472 241 2530 speciem,
266 2487 410 2532 neque
431 2471 647 2517 decorem.
674 2473 831 2518 Merito
863 2484 962 2518 ante
996 2486 1166 2520 crucem
1199 2479 1420 2535 agitabant

40 2551 172 2601 caput
193 2561 202 2586 :
229 2542 406 2586 Hiccine
428 2551 491 2587 est
517 2552 633 2588 totus
655 2543 789 2588 Filius
822 2546 935 2589 Dei?
960 2565 979 2587 «
1008 2546 1051 2591 Si
1074 2547 1206 2592 Filius
1228 2551 1304 2594 Dei
1332 2562 1416 2608 est,

89 2632 98 2648 ¹
116 2626 227 2669 Philip.
255 2638 293 2668 11,
312 2626 344 2658 6.
367 2644 407 2649 -
428 2633 441 2649 ²
456 2628 547 2659 Rom.
566 2639 591 2669 1,
611 2637 664 2660 20.
694 2645 734 2651 —
755 2626 768 2651 3
784 2628 895 2671 Philip.
916 2641 953 2671 11,
970 2630 1004 2666 6.
1022 2647 1063 2655 -·
1082 2630 1193 2665 41b1'd.
1214 2642 1247 2676 7,
1267 2636 1298 2667 8.

1192 2688 1233 2725 7.
