1848 3261
391 228 473 267 208
829 234 863 265 S.
898 235 1130 266 AUGUSTINI
1161 235 1343 265 Emscom

387 300 630 348 sericordiae
662 301 1022 362 multiplicatione
1044 318 1135 347 non
1156 302 1345 346 deserit?
1365 302 1475 347 Nam
1506 300 1672 345 intente
1694 315 1773 344 au-

389 373 477 418 dite
501 372 610 433 quid
635 374 881 433 praestiterit
903 374 1097 433 patribus
1118 373 1294 427 nostris,
1329 371 1400 417 vel
1420 372 1466 416 in
1490 371 1649 432 quibus
1670 370 1774 414 fidei

388 444 586 504 exempla
618 445 865 499 constituit,
900 443 971 488 vel
1004 444 1080 504 qui
1113 459 1165 488 ex
1199 441 1377 487 illorum
1398 456 1526 486 carne
1550 440 1774 501 propagati

388 514 517 561 etiam
540 515 672 559 fidem
693 515 848 559 imitati
870 524 986 559 sunt.
1006 517 1148 560 «Cum
1171 522 1311 558 essent
1327 513 1407 573 ipsi
1429 528 1611 556 numero
1633 511 1770 567 brevi,

391 605 411 628 »
446 585 691 646 paucissimi
713 594 755 628 et
776 584 930 629 incolae
947 585 993 629 in
1014 601 1063 630 ea
1088 605 1097 630 :
1119 603 1139 626 »
1165 584 1210 628 id
1232 592 1295 628 est
1309 619 1320 639 ‚
1340 583 1386 626 in
1408 592 1521 627 terra
1547 583 1769 627 Chanaan.

392 677 413 700 «
446 659 504 701 Et
524 655 868 716 pertransierunt
895 654 950 699 dc
973 665 1102 714 gente
1124 655 1170 699 in
1192 664 1365 714 gentem
1384 689 1395 709 ‚
1427 663 1470 698 et
1492 653 1546 698 de
1574 668 1706 712 regno
1727 653 1774 697 in

390 747 411 771 »
446 727 661 788 populum
688 727 887 771 alterum.
920 730 1018 773 Non
1046 727 1223 787 reliquit
1247 727 1469 771 hominem
1496 741 1652 771 nocere
1687 726 1771 781 cis,

391 817 411 842 »
446 809 490 843 et
512 799 651 856 arguit
672 814 751 858 pro
769 798 827 842 eis
845 814 981 857 reges.
1006 797 1149 844 Nolite
1171 807 1348 857 tangere
1365 797 1557 842 Christos
1575 812 1709 852 meos,
1731 805 1777 841 et

391 888 411 912 »
446 871 492 914 in
511 870 737 928 Prophetis
759 869 864 912 meis
880 868 1015 913 nolite
1038 868 1265 926 malignari
1280 870 1310 912 1.
1334 887 1354 910 »

454 942 707 985 XXXVIII.
749 940 791 984 Si
821 949 966 984 autem
1005 940 1221 1000 quaeritis,
1258 937 1480 999 quomodo
1512 938 1776 982 transierunt

388 1013 442 1057 de
476 1021 603 1071 gente
635 1012 681 1055 in
713 1020 907 1069 gentem,
941 1020 984 1054 et
1013 1011 1067 1055 de.
1088 1026 1222 1069 regno
1253 1011 1300 1054 in
1322 1009 1537 1070 populum
1558 1009 1743 1054 alterum
1761 1043 1774 1066 ‚

389 1085 535 1128 audite
560 1103 567 1127 ;
596 1101 616 1125 «
640 1085 697 1126 Et
725 1082 894 1126 vocavit
927 1081 1085 1125 famem
1110 1097 1238 1141 super
1259 1091 1418 1125 terram
1440 1116 1450 1136 ‚
1477 1096 1605 1125 omne
1627 1081 1777 1125 firma-

391 1174 411 1197 »
445 1163 645 1198 mentum
669 1152 789 1212 panis
812 1152 1029 1196 contrivit.
1056 1153 1172 1196 Misit
1194 1161 1293 1195 ante
1322 1167 1394 1196 eos
1424 1152 1587 1207 virum,
1618 1151 1664 1195 in
1685 1167 1777 1195 ser-

393 1247 410 1269 »
444 1241 549 1270 vum
571 1222 862 1269 venumdatus
884 1232 948 1267 est
964 1223 1140 1282 Joseph.
1162 1221 1512 1267 Humiliaverunt
1533 1224 1578 1266 in
1601 1215 1784 1282 compe-⁸

393 1318 410 1339 »
446 1296 572 1340 dibus
590 1294 721 1354 pedes
739 1295 844 1353 ejus,
861 1292 1024 1338 ferrum
1042 1294 1290 1354 pertransiit
1305 1294 1495 1338 animam
1513 1295 1619 1353 ejus,
1637 1295 1777 1339 donec

393 1389 410 1410 »
445 1367 613 1412 veniret
639 1365 825 1410 verbum
858 1365 965 1424 ejus.
1003 1365 1241 1426 Eloquium
1268 1365 1442 1410 Domini
1462 1365 1616 1423 ignivit
1637 1380 1738 1409 eum
1764 1383 1774 1410 z

390 1459 408 1481 »
444 1439 558 1483 misit
579 1453 668 1492 rex,
695 1446 739 1480 et
758 1435 887 1480 solvit
907 1451 1030 1491 eum,
1056 1436 1256 1495 princeps
1281 1434 1567 1495 populorum,
1593 1445 1635 1480 et
1653 1435 1779 1479 dimi-

390 1529 408 1552 »
444 1510 498 1553 sit
519 1524 634 1553 eum.
652 1507 888 1553 Constituit
909 1523 1010 1550 eum
1032 1507 1259 1551 dominum
1283 1506 1439 1550 domus
1461 1522 1571 1562 suae,
1593 1515 1636 1550 et
1657 1505 1778 1565 prin-

390 1601 408 1623 »
444 1580 584 1639 cipem
598 1578 736 1623 omnis
753 1572 1026 1637 possessionis
1045 1593 1149 1621 suae.
1166 1579 1223 1621 Ut
1240 1575 1432 1620 erudiret
1448 1576 1663 1636 principes
1686 1577 1721 1637 ej
1730 1591 1778 1621 us

390 1673 408 1694 »
444 1652 555 1696 sicut
576 1650 877 1709 semetipsum,
896 1658 939 1693 et
961 1649 1149 1693 seniores
1167 1649 1257 1708 ejus
1280 1647 1556 1708 prudentiam
1583 1646 1773 1692 doceret.

390 1744 408 1765 »
443 1726 500 1767 Et
522 1722 700 1766 intravit
718 1719 849 1765 Israel
871 1720 917 1763 in
938 1723 1179 1780 AEgyptum
1196 1755 1206 1775 ‚
1232 1728 1275 1763 et
1297 1719 1431 1764 Jacob
1455 1718 1603 1764 accola
1623 1719 1710 1764 fuit
1729 1719 1776 1763 in

390 1815 408 1836 »
448 1803 557 1838 terra
578 1794 714 1837 Cham
728 1795 761 1835 ².
793 1813 809 1832 »
831 1794 944 1835 Ecce
965 1790 1188 1851 quomodo
1206 1791 1547 1850 pertransierunt
1568 1790 1622 1834 dc
1646 1799 1776 1850 gente

386 1866 431 1909 in
454 1874 628 1923 gentem
646 1898 657 1918 7
678 1872 723 1907 et
744 1862 798 1906 de
820 1877 954 1920 regno
978 1862 1024 1905 in
1046 1861 1259 1922 populum
1284 1861 1485 1906 alterum.

444 1936 650 1979 XXXIX.
678 1952 695 1973 «
721 1936 778 1977 Et
798 1933 918 1976 auxit
939 1931 1152 1992 populum
1175 1948 1302 1976 suum
1320 1923 1614 1987 vehementer,
1640 1941 1684 1976 et
1701 1932 1777 1976 fir-

391 2026 408 2047 »
444 2005 578 2049 mavit
600 2019 700 2048 eum
730 2019 858 2062 super
891 2003 1087 2047 inimicos
1110 2004 1214 2063 ejus.
1242 2023 1257 2042 »
1288 2002 1332 2047 Si
1350 2011 1496 2046 autem
1517 2002 1623 2046 scire
1645 2001 1776 2046 vultis

385 2076 607 2138 quomodo
640 2091 740 2119 eum
772 2075 1008 2119 firmaverit
1043 2090 1172 2134 super
1204 2074 1400 2118 inimicos
1438 2074 1527 2133 ejus
1547 2108 1558 2129 ,
1590 2072 1773 2120 audite:

390 2167 407 2188 «
444 2147 670 2193 Convertit
692 2162 765 2191 cor
786 2160 962 2201 eorum,
992 2154 1037 2190 ut
1055 2144 1226 2190 odirent
1247 2143 1460 2203 populum
1483 2144 1573 2203 ejus
1591 2179 1601 2199 ‚
1627 2152 1671 2187 et
1693 2143 1776 2189 do-

392 2240 409 2261 »
444 2219 538 2263 luni
556 2217 748 2263 facerent
765 2217 811 2260 in
832 2232 974 2261 servos
997 2216 1415 2276 ejus.MisitMoysen
1438 2229 1609 2259 servum
1626 2230 1772 2270 suum,

391 2311 408 2332 »
444 2293 590 2334 Aaron
612 2303 744 2349 quem
762 2287 893 2346 elegit
914 2286 1232 2347 ipsuni.Posuit
1253 2285 1298 2328 in
1321 2285 1379 2328 cis
1401 2285 1534 2329 verba
1552 2285 1776 2344 signorum

391 2381 408 2403 »
444 2375 638 2413 suorum,
662 2368 705 2403 et
726 2357 1025 2417 prodigiorum
1042 2357 1089 2401 in
1116 2366 1228 2401 terra
1248 2357 1402 2400 Cham.
1417 2356 1533 2400 Misit
1556 2356 1770 2411 tenebras,

392 2453 408 2474 >1
444 2440 487 2475 et
511 2429 778 2483 obscuravit,
803 2437 847 2471 ct
877 2428 1241 2471 exacerbaverunt
1269 2442 1485 2470 sermones
1513 2427 1619 2486 ejus.
1655 2429 1774 2471 Con-

391 2522 407 2543 »
444 2501 573 2545 vertit
596 2515 728 2560 aquas
754 2514 905 2543 corum
930 2499 974 2542 in
996 2498 1248 2556 sanguinein
1261 2533 1277 2553 ,
1302 2506 1345 2542 ct
1366 2496 1523 2542 occidit
1544 2498 1679 2557 pisces
1699 2513 1773 2542 co-

435 2594 441 2609 ¹
467 2586 546 2618 Psal.
573 2596 633 2628 etv,
656 2585 772 2618 12-15.
793 2601 833 2607 —·
856 2583 969 2616 7’11)ἰι1.
993 2583 1098 2616 16-23.
