1848 3261
446 226 687 257 ENARRATIO
718 229 765 256 m
795 225 998 257 PsALMuM
1029 230 1114 255 clx.
1389 211 1474 251 309

88 311 109 338 »
145 305 358 341 aeternum
373 303 548 351 manet3
572 293 738 353 paravit
757 293 801 336 in
818 292 984 353 judicio
1001 292 1147 337 sedem
1163 307 1301 347 suam,
1321 300 1364 335 et
1384 291 1477 350 ipse

86 385 108 409 »
139 366 354 427 judicabit
371 365 522 409 orbem
546 374 756 408 terrarum
777 363 822 406 in
844 363 1176 423 aequitate.»Ibi
1193 361 1363 406 dictum
1385 370 1472 405 est:

87 455 108 480 «
143 436 380 496 Increpasti
410 444 558 494 gentes
579 470 590 490 ,
615 444 659 479 et
679 433 806 493 periit
827 433 986 493 impius
1004 469 1015 490 ,
1040 448 1202 478 nomen
1221 446 1374 476 eorum
1393 430 1475 475 de·-

85 525 108 549 »
141 506 239 550 lesti
257 507 304 550 in
325 515 569 555 aeternum;
599 523 620 546 »
646 506 730 549 hoc
751 505 922 548 occulte
945 505 1103 564 agitur.
1132 523 1151 545 «
1185 506 1238 547 In
1269 502 1340 546 die
1371 516 1475 559 ergo

85 594 107 618 >›
140 577 215 620 irae
248 592 338 620 suae
363 575 665 636 conquassavit
701 589 844 632 reges,
877 574 1100 619 Judicabit
1128 573 1175 617 in
1203 572 1420 631 gentibus.
1449 587 1472 612 »

82 647 314 700 Quomodo
329 650 346 691 Ξ)
361 646 475 692 Audi
497 645 618 707 quod
640 645 860 706 sequitur:
881 665 901 687 «
914 645 1117 705 Replebit
1134 645 1295 689 ruinas.
1306 663 1324 684 »
1340 641 1477 687 Modo

83 718 141 762 sic
163 717 332 778 judicat
358 719 403 761 in
435 718 660 775 gentibus,
701 726 751 761 ut
783 717 946 777 repleat
968 717 1113 761 ruinas
1135 736 1144 761 :
1170 731 1272 760 nam
1295 714 1475 776 quando

80 788 128 831 in
148 788 235 831 fine
251 787 537 847 judicaverit,
559 786 784 831 damnabit
801 787 962 832 ruinas.
990 806 1008 828 «
1030 786 1235 846 Replebit
1255 785 1401 830 ruinas
1424 803 1433 829 :
1452 801 1472 825 »

80 873 187 918 quas
225 859 400 901 ruinas?
433 858 632 916 Quisquis
665 873 688 901 a
721 857 897 901 nomine
925 857 1018 917 ejus
1049 857 1267 912 timuerit,
1299 854 1427 899 cadet
1459 871 1471 898 ε

81 945 181 974 eum
203 929 434 982 ceciderit,
458 929 678 973 evertetur²
707 930 829 989 quod
851 938 970 984 erat,
1006 939 1056 973 ut
1085 927 1326 972 aedificetur
1353 924 1476 987 quod

79 1015 170 1044 non
189 1008 296 1042 erat.
325 1018 346 1041 «
367 1001 391 1042 J
396 998 590 1043 udieabit
607 1000 653 1042 in
676 1000 897 1058 gentibus,
924 999 1111 1059 replebit
1132 999 1292 1042 ruinas.
1311 1017 1329 1038 »
1345 997 1477 1050 Quis-

79 1070 174 1130 quis
197 1079 431 1114 contumax
452 1085 494 1113 es
515 1069 560 1113 in
583 1071 805 1115 Christum
823 1105 835 1124 ‚
861 1084 1056 1115 casuram
1079 1078 1245 1112 turrem
1266 1068 1312 1111 in
1334 1066 1474 1112 altum

80 1142 263 1186 erexisti.
288 1143 457 1185 Bonum
476 1148 539 1183 est
556 1147 605 1182 ut
624 1148 664 1182 te
686 1139 829 1197 ipsum
853 1139 1043 1199 dejicias,
1061 1139 1237 1183 humilis
1260 1138 1471 1193 reddaris,

78 1212 265 1257 sedentis
288 1212 343 1256 ad
362 1212 582 1255 dexteram
615 1211 753 1254 Patris
789 1209 974 1270 pedibus
997 1211 1265 1270 provolvaris
1281 1247 1292 1265 ,
1329 1220 1377 1254 ut
1397 1211 1474 1254 fiat

77 1283 124 1327 in
146 1292 190 1326 te
206 1283 330 1326 ruina
348 1280 654 1327 construenda.
680 1283 790 1326 Nam
812 1282 845 1325 si
867 1296 1093 1341 permanes
1116 1282 1161 1324 in
1183 1281 1297 1325 mala
1322 1280 1472 1325 altitu-

78 1353 203 1408 dine,
229 1362 334 1396 tunc
356 1351 564 1411 dejicieris
586 1350 764 1410 quando
786 1367 876 1396 uon
898 1351 1194 1396 aedificaberis.
1221 1351 1396 1396 Etenim
1418 1351 1474 1395 de

78 1424 236 1468 talibus
257 1423 364 1467 dicit
383 1422 428 1465 in
452 1421 535 1466 alio
555 1421 652 1465 loco
678 1422 899 1481 Scriptura
925 1441 934 1467 ε
960 1441 977 1462 «
997 1426 1179 1467 Destrue
1199 1438 1288 1478 eos,
1316 1431 1359 1466 et
1382 1437 1474 1466 non

81 1514 100 1536 »
135 1493 368 1537 aedificabis
392 1507 463 1535 eos
481 1494 513 1534 ².
544 1511 562 1532 »
584 1490 744 1535 Procul
763 1491 900 1535 dubio
917 1508 1006 1536 non
1029 1491 1193 1536 diceret
1209 1493 1264 1535 de
1285 1492 1472 1553 quibus-

76 1563 206 1608 dam:
237 1582 257 1604 «
283 1565 465 1606 Destrue
487 1577 583 1616 eOS,
609 1570 652 1605 et
674 1577 764 1605 non
787 1560 1022 1606 aedificabis
1051 1577 1123 1606 eos
1145 1581 1154 1608 ε
1183 1580 1204 1603 »
1230 1562 1313 1606 nisi
1335 1577 1472 1622 quos-

61 1633 178 1690 dam
199 1633 258 1676 ita
280 1632 548 1687 destrueret,
571 1640 622 1675 ut
642 1632 894 1676 aedificaret.
921 1631 1049 1685 Quod
1071 1634 1120 1676 fit
1140 1633 1225 1678 hoc
1248 1642 1468 1693 tempore,

75 1719 176 1748 cum
199 1703 395 1748 Christus
433 1703 479 1745 in
512 1702 712 1760 gentibus
734 1702 794 1746 ita
810 1702 980 1762 judicat
999 1738 1010 1757 ‚
1039 1712 1090 1747 ut
1114 1703 1279 1762 repleat
1306 1704 1468 1748 ruinas.

79 1794 100 1817 «
135 1772 452 1834 Conquassabit
475 1773 615 1832 capita
638 1788 768 1831 super
797 1781 957 1817 terram
978 1773 1131 1818 multa.
1160 1792 1181 1816 »
1209 1775 1315 1829 Hic,
1345 1794 1366 1816 «
1389 1776 1473 1819 Su-

77 1863 98 1888 »
134 1860 210 1904 per
233 1853 437 1898 terram‚»
455 1843 501 1886 in
518 1844 600 1886 hac
623 1843 725 1898 vita⁷
744 1862 765 1884 «
785 1844 1106 1903 Conquassabit
1128 1845 1266 1902 capita
1283 1845 1467 1889 multa.»

75 1919 137 1960 De
160 1915 356 1974 superbis
378 1912 563 1957 humiles
583 1912 701 1956 facit.
726 1915 784 1957 Et
805 1912 946 1957 audeo
977 1913 1120 1958 dicere
1138 1950 1150 1970 ,
1175 1914 1329 1959 fratres
1352 1915 1437 1958 mei
1457 1950 1469 1971 ,

75 1986 183 2030 utile
218 1995 281 2029 est
313 1985 453 2044 capite
489 1992 690 2044 quassato
720 1982 792 2028 hic
814 1983 1038 2028 humiliter
1060 1984 1286 2029 ambulare
1303 2019 1315 2041 ‚
1338 2001 1472 2046 quam

76 2057 216 2116 capite
239 2065 382 2100 erecto
418 2055 463 2097 in
478 2054 696 2113 judicium
719 2064 893 2098 aeternae
914 2056 1065 2100 mortis
1087 2055 1294 2101 incidere.
1330 2056 1473 2102 Multa

76 2127 218 2186 capita
239 2124 543 2185 conquassabit
570 2124 715 2169 ruinas
743 2123 971 2182 faciendo,
1007 2126 1084 2172 sed
1117 2126 1327 2186 replendo
1359 2126 1470 2171 aedi-

76 2197 240 2242 ficabit.

133 2270 233 2312 XX.
266 2286 286 2310 «
308 2270 370 2311 De
387 2275 578 2311 torrente
594 2267 640 2311 in
661 2267 729 2311 via
752 2267 890 2323 hibet,
915 2279 1144 2330 propterea
1161 2270 1370 2315 exaltabit
1393 2286 1470 2315 ca-

78 2357 99 2379 »
135 2347 214 2397 put
232 2340 294 2380 2.»
306 2337 540 2381 Videamus
563 2346 605 2381 et
624 2338 669 2381 in
684 2338 751 2382 via
772 2338 995 2383 bibentem
1019 2339 1074 2384 de
1089 2349 1296 2385 torrente.
1323 2341 1468 2385 Primo

77 2408 174 2468 quis
204 2416 266 2450 est
300 2410 497 2451 torrens?
527 2408 748 2452 profluxio
786 2409 1058 2455 mortalitatis
1092 2411 1312 2455 humanae.
1349 2412 1470 2456 Sicut

79 2477 195 2520 enim
218 2486 384 2521 torrens
401 2477 664 2537 pluvialibus
688 2479 809 2538 aquis
828 2480 1045 2539 colligitur
1064 2516 1073 2537 ,
1096 2481 1312 2525 redundat
1331 2516 1342 2536 9
1366 2496 1470 2540 per-

128 2567 138 2583 ¹
163 2560 243 2594 Psal.
267 2572 368 2603 xxvii,
389 2560 419 2594 5.
441 2577 482 2585 ν-
509 2568 521 2585 2
542 2562 588 2595 Ivl.
615 2573 678 2604 mx,
703 2572 734 2604 7.
