1848 3261
435 225 681 256 ENARRATlo
707 229 753 255 IN
784 225 986 255 PsALMUM
1017 229 1129 256 cx1x.
1378 219 1456 258 551

141 293 193 335 V,
229 294 286 336 Et
307 292 412 336 dicit
430 292 510 336 tibi
524 293 731 337 Dominus
746 301 864 346 tuus,
889 310 908 334 «
926 293 1043 345 Quid
1061 293 1238 338 dabitur
1257 294 1364 350 tibi„
1385 304 1460 339 aut

84 380 104 404 ³)
140 363 248 423 quid
284 373 528 424 apponetur
566 365 645 408 tibi
680 363 734 408 ad
766 363 959 422 linguam
989 364 1209 409 dolosam?
1233 384 1253 408 »
1292 366 1343 411 Id
1375 376 1460 422 est,

82 433 202 494 quod
225 435 384 480 habeas
412 435 615 480 adversus
637 434 832 494 linguam
864 435 1082 491 dolosam,
1126 437 1244 496 quod
1273 454 1466 497 opponas

82 504 242 563 linguae
265 506 427 550 dolosae
441 541 451 560 ,
477 522 566 566 quo
583 516 626 550 te
642 506 811 549 munias
830 505 1033 550 adversus
1048 506 1243 565 linguam
1255 507 1465 564 dolosam,

85 593 105 617 «
140 576 256 628 Quid
273 577 354 620 tibi
381 577 578 631 dabitur,
607 585 682 620 aut
704 576 810 636 quid
833 587 1075 636 apponetur
1097 578 1202 622 tibi?
1230 598 1246 619 »
1275 581 1467 622 Interro-

81 646 196 703 gavit
220 662 420 691 exercens
447 666 455 691 :
483 663 583 691 nam
606 647 698 706 ipse
730 647 926 691 dicturus
964 657 1027 691 est
1059 647 1179 707 quod
1212 648 1464 707 interrogat.

81 717 321 775 Respondit
338 718 452 761 enim
475 717 706 777 subjiciens
729 717 811 760 sibi
828 717 1136 776 interroganti,
1160 737 1179 759 «
1207 719 1380 776 Sagittae
1397 735 1470 778 po-

83 804 102 827 »
137 787 267 830 tentis
291 796 450 842 acutae,
476 802 578 831 cum
601 787 866 831 carbonibus
889 786 1152 832 desolatoriis
1173 807 1180 833 z
1203 806 1222 829 »
1238 787 1322 843 vel,
1343 804 1468 832 «vas-

83 874 103 898 »
138 858 394 902 tatoribus¹.
424 876 444 899 »
478 858 575 903 Sive
604 876 619 897 «
645 856 920 902 Desolatoriis
943 877 962 900 »
990 858 1131 913 dicas,
1165 859 1254 903 sive
1280 879 1299 901 «
1323 868 1468 903 vasta-

83 948 102 970 »
137 929 304 973 toribus
327 929 464 985 dicas,
484 933 501 988 (
528 945 630 974 nam
647 929 693 973 in
716 929 894 974 diversis
909 930 1131 974 codicibus
1146 930 1311 975 diverse
1332 931 1470 990 scrip-

77 1007 172 1042 tum
195 1008 282 1054 est,
307 1002 324 1058 )
361 999 477 1043 idern
509 1000 739 1058 significat.
778 999 932 1043 Videte
960 1019 968 1044 ;
994 1003 1238 1044 Vastatores
1260 1001 1468 1045 carbones

79 1067 314 1124 dicuntur,
341 1070 442 1129 quia
481 1068 695 1115 vastando
732 1078 774 1113 et
796 1069 1032 1114 desolando
1069 1070 1123 1114 ad
1158 1069 1469 1114 desolationem

78 1138 204 1184 facile
226 1139 489 1199 perducunt.
517 1140 601 1194 Qui
623 1149 724 1184 sunt
742 1141 811 1184 isti
825 1141 1060 1184 carbones?
1083 1140 1301 1199 Intelligat
1315 1141 1470 1185 Chari-

78 1219 142 1255 tas
165 1213 343 1265 Vestra,
388 1212 531 1271 primo
567 1227 666 1272 quse
693 1221 794 1255 sunt
827 1212 1006 1269 sagittae.
1040 1231 1056 1250 «
1086 1213 1259 1270 Sagittae
1281 1213 1470 1271 potentis

81 1299 102 1322 »
137 1291 298 1336 acutae,
323 1301 340 1323 »
365 1281 496 1326 verba
520 1282 594 1325 Dei
617 1290 732 1325 sunt.
755 1284 867 1325 Ecce
881 1282 1129 1341 jaciuntur,
1151 1291 1194 1326 et
1211 1283 1472 1341 transfigunt

78 1350 224 1395 corda.
257 1353 339 1396 Sed
362 1368 462 1396 cum
485 1353 688 1395 transfixa
705 1350 866 1395 fuerint
890 1351 1020 1395 corda
1043 1353 1204 1410 sagittis
1226 1353 1348 1396 verbi
1364 1353 1439 1396 Dei
1454 1388 1465 1407 ,

79 1438 199 1466 amor
217 1423 447 1476 excitatur,
470 1438 557 1466 non
582 1423 782 1466 interitus
800 1432 1091 1481 comparatur.
1113 1424 1242 1467 Novit
1258 1424 1468 1468 Dominus

79 1492 284 1551 sagittare
302 1492 355 1536 ad
379 1507 567 1536 amorem
587 1511 596 1537 ι
620 1501 663 1536 ct
690 1507 820 1536 nemo
843 1492 1067 1551 pulchrius
1091 1495 1263 1551 sagittat
1281 1494 1335 1537 ad
1353 1509 1470 1538 anio-

78 1577 194 1616 rem,
214 1578 345 1622 quam
373 1563 449 1622 qui
468 1563 603 1607 verbo
622 1562 824 1621 sagittat3
848 1562 938 1606 imo
961 1564 1137 1622 sagittat
1168 1579 1242 1607 cor
1271 1565 1468 1619 amantis,

78 1642 128 1677 ut
151 1632 555 1693 adjuvetamantem
575 1654 585 1689 3
611 1633 800 1691 sagittat,
819 1642 868 1677 ut
890 1632 1018 1677 faciat
1033 1643 1265 1678 amantem.
1294 1636 1468 1693 Sagittae

79 1713 224 1748 autem
250 1714 374 1759 sunt,
402 1720 500 1748 cum
527 1705 693 1762 agimus
729 1704 885 1748 verbis.
921 1705 1139 1749 Carbones
1163 1714 1306 1749 autem
1328 1715 1472 1750 vasta·

78 1784 192 1818 tores
224 1775 300 1834 qui
336 1777 464 1818 sunt‘?
505 1778 661 1818 Parum
691 1783 754 1818 est
777 1774 916 1818 verbis
955 1790 1078 1833 agere
1102 1785 1251 1819 contra
1271 1776 1466 1835 linguam

78 1844 308 1889 subdolam
331 1855 373 1889 et
389 1844 501 1888 labia
525 1844 688 1904 iniqua,
705 1860 859 1903 parum
874 1854 937 1888 est
950 1846 1090 1889 verbis
1114 1861 1240 1904 agere
1262 1855 1304 1889 et
1318 1862 1465 1890 exem-
1520 1856 1534 1861 “

78 1915 160 1975 plis
190 1914 411 1973 agendum
434 1925 512 1959 est.
539 1915 746 1975 Exempla
770 1925 868 1960 sunt
906 1916 1111 1960 carbones
1135 1926 1384 1961 vastatores.
1410 1921 1467 1962 Et

80 2002 213 2046 quare
227 1996 459 2031 vastatores
472 1985 694 2038 dicuntur,
707 1985 894 2030 breviter
909 1987 1088 2046 accipiat
1098 1988 1461 2032 CharitasVestra.

81 2057 226 2101 Primo
263 2057 484 2116 quomodo
507 2056 712 2115 exemplis
743 2056 960 2115 agendum
984 2058 1058 2113 sit,
1101 2058 1257 2101 videte.
1300 2059 1467 2118 Lingua

80 2127 263 2171 subdola
291 2127 399 2171 nihil
436 2128 496 2171 sic
529 2127 650 2172 novit
685 2126 854 2182 dicere,
881 2144 969 2187 quo
1000 2130 1133 2186 magis
1161 2128 1344 2172 subdola
1376 2144 1464 2185 est,

80 2198 186 2252 nisi,
229 2197 338 2242 Vide
361 2214 414 2241 ne
438 2214 525 2241 non
560 2198 692 2258 possis
715 2197 920 2257 implere,
946 2199 1132 2242 multum
1159 2208 1220 2242 est
1246 2199 1299 2243 ad
1322 2210 1363 2244 te
1384 2202 1468 2244 hoc

82 2267 273 2326 aggredi.
297 2269 512 2328 Accepisti
535 2278 582 2313 tu
611 2278 878 2328 praeceptum
897 2269 1189 2327 evangelicum
1204 2305 1214 2322 ‚
1235 2271 1368 2314 hahes
1400 2287 1469 2314 sa-

83 2339 235 2397 gittam
264 2358 272 2382 :
305 2339 380 2383 sed
417 2340 626 2383 carbones
649 2339 843 2383 nondum
869 2340 1015 2383 habes.
1045 2336 1301 2384 'finiendum
1325 2357 1380 2384 ne
1401 2357 1470 2385 sa-

84 2409 186 2466 gitta
211 2408 298 2452 sola
328 2425 416 2453 non
438 2409 578 2453 valcat
617 2408 819 2453 adversus
836 2409 1030 2467 linguam
1049 2409 1241 2454 dolosam
1269 2429 1278 2454 ;
1303 2420 1404 2454 sunt
1426 2421 1469 2455 et

82 2478 304 2522 carbones.
333 2482 388 2524 Ut
411 2490 515 2538 puta
531 2515 542 2532 ‚
562 2480 710 2538 incipit
729 2481 843 2523 enim
868 2481 946 2523 tibi
970 2480 1112 2524 dicere
1135 2484 1268 2530 Deus„
1297 2484 1362 2524 'l‘u
1379 2496 1467 2525 non

143 2568 149 2583 ¹
168 2561 248 2593 Psal.
270 2572 354 2603 cxix,
373 2562 405 2603 4.
