1848 3261
453 206 695 235 ENARRATm
727 208 772 234 m
803 205 1006 234 PSALMUM
1036 209 1121 234 cix.
1395 200 1480 238 289

97 280 142 315 et
160 272 297 317 Maria
317 271 372 315 de
389 270 521 317 domo
547 282 590 317 et
620 273 758 332 patria
777 270 957 316 David1.
986 288 1007 312 »
1044 273 1216 330 Peperit
1234 287 1336 332 ergo
1356 274 1479 332 virgo

95 341 192 398 illa,
215 351 266 386 ut
286 351 394 386 esset
414 341 527 386 filius
549 343 685 387 David
707 362 716 387 z
736 341 812 386 sed
832 341 905 385 ille
922 356 1055 401 quem
1075 342 1268 401 peperit,
1293 363 1313 386 «
1333 347 1477 389 Voca-

97 430 119 454 »
153 413 268 456 bunt
295 427 456 456 nomen
478 414 569 473 ejus
591 411 849 457 Emmanuel
867 445 879 468 ‚
910 411 1151 458 Nobiscum
1173 415 1302 456 Deus.
1325 431 1344 454 »
1366 417 1480 459 Ecce

93 482 228 526 habes
249 491 294 526 et
315 483 551 527 Dominum
573 482 728 527 David.

153 555 254 597 VII.
279 553 458 613 Aliquid
475 553 600 597 nobis
617 551 806 597 fortassis
823 567 875 595 ex
891 553 972 596 hac
993 568 1039 595 re
1059 587 1070 607 ,
1095 552 1318 612 quomodo
1334 553 1484 597 Chris-

94 633 164 667 tus
184 631 228 667 et
248 623 362 667 filius
383 624 436 667 sit
458 623 616 678 David,
642 632 685 667 et
707 623 917 667 Dominus
940 622 1078 666 David
1094 658 1105 678 ,
1136 623 1265 667 etiam
1287 623 1482 669 Psalmus

93 693 172 736 iste
191 693 425 737 intimabit.
453 693 694 738 Audiamus
710 708 811 750 ergo
827 728 837 748 ‚
857 703 900 737 et
913 702 1224 753 pertractemus
1239 709 1340 737 eum
1357 694 1485 754 511111-

94 778 236 807 semus
257 763 418 822 pietate
434 797 445 818 ,
470 772 804 823 extorqueamus
831 763 1056 807 charitate.
1093 763 1232 808 David
1262 779 1363 822 ergo
1391 765 1484 824 ipse

95 833 220 887 dicit,
256 847 400 891 neque
422 833 539 876 enim
567 833 755 877 Domino
784 832 1081 877 contradicere
1102 833 1205 878 licet
1231 854 1239 878 :
1271 854 1291 877 «
1312 836 1480 892 David,

96 921 117 944 n
150 902 310 961 inquit,
329 903 375 945 in
389 902 542 961 spiritu
559 901 665 946 dicit
681 918 783 946 eum
800 903 1051 946 Dominum.
1070 921 1090 944 »
1109 907 1206 963 Ipse
1223 920 1326 963 ergo
1343 905 1486 950 David

94 973 148 1017 de
168 972 338 1017 Christo
351 972 460 1032 quid
477 972 583 1016 dicit
600 974 617 1016 P
632 975 741 1018 Nam
762 992 782 1015 «
803 974 890 1032 Ipsi
904 972 1041 1017 David
1059 973 1269 1018 Psalmus.
1294 994 1314 1016 »
1334 979 1391 1019 Et
1405 976 1486 1020 iste

95 1052 160 1087 est
180 1051 296 1087 totus
318 1042 470 1088 titulus
489 1078 500 1098 ,
526 1043 706 1102 simplex
720 1044 812 1087 sine
826 1044 964 1100 figura
978 1045 1229 1102 quaestionis
1245 1080 1255 1099 ‚
1279 1045 1371 1089 sine
1392 1045 1486 1091 ullo

94 1113 212 1158 nodo
235 1112 518 1157 difficultatis.
545 1113 658 1166 Quid
679 1128 779 1170 ergo
797 1112 902 1156 dicit
923 1113 1082 1158 David?
1104 1133 1120 1154 «
1139 1115 1253 1158 Dixit
1275 1116 1488 1161 Dominus

98 1201 118 1225 »
154 1183 340 1227 Domino
365 1198 488 1237 meo,
517 1182 626 1226 Sede
649 1199 672 1226 a
704 1183 862 1226 dextris
889 1183 1015 1237 meis,
1056 1182 1195 1228 donec
1217 1200 1379 1244 ponam
1401 1187 1487 1229 ini-

98 1270 118 1295 »
153 1252 287 1296 micos
322 1261 417 1296 tuos
455 1251 694 1296 scabellum
730 1252 896 1310 pedum
929 1261 1122 1296 tuorum.
1168 1274 1186 1295 »
1222 1257 1352 1308 Quod
1386 1265 1449 1300 est
1471 1291 1484 1312 ‚

98 1342 120 1365 «
156 1322 401 1367 scabellum
422 1321 586 1381 pedum
607 1331 808 1379 tuorum3
827 1340 846 1363 »
862 1323 947 1366 hoc
967 1332 1046 1377 est,
1062 1325 1143 1367 sub
1160 1325 1344 1383 pedibus
1365 1327 1450 1371 tuis
1473 1347 1483 1372 ε

95 1392 335 1437 scabellum
356 1392 470 1436 enim
491 1392 656 1451 pedum
677 1393 758 1436 sub
781 1391 965 1451 pedibus
989 1402 1067 1436 est.
1099 1412 1116 1433 «
1143 1395 1286 1451 Dixit,
1310 1397 1456 1457 inquit
1471 1432 1483 1453 ,

98 1482 118 1505 ))
155 1463 365 1507 Dominus
397 1463 582 1506 'Domino
618 1478 730 1506 meo.
760 1480 779 1503 »
804 1461 984 1506 Audivit
1016 1463 1100 1507 hoc
1121 1463 1287 1520 David,
1320 1467 1490 1512 audivit

95 1534 142 1578 in
162 1533 316 1593 spiritu
344 1553 352 1577 2
374 1534 450 1577 ubi
471 1549 549 1577 nos
563 1568 574 1588 5
595 1532 773 1593 quaudo
791 1531 979 1587 audivit,
1005 1549 1096 1577 nen
1118 1535 1386 1595 audivimus3
1412 1536 1490 1582 sed

95 1604 294 1664 loquenti
309 1604 429 1664 quod
443 1603 608 1648 audivit
622 1613 665 1647 et
677 1603 884 1647 scribenti
895 1603 1172 1649 credidimus.
1189 1605 1370 1652 Audivit
1385 1624 1489 1667 ergo

97 1690 300 1734 prorsus,
327 1673 493 1718 audivit
515 1674 562 1717 in
590 1674 782 1734 quodam
813 1674 1042 1718 secretario
1061 1674 1280 1731 veritatis»,
1300 1678 1346 1720 in
1373 1695 1488 1738 quo-

97 1745 198 1789 dam
234 1745 540 1802 mysteriorum
568 1743 815 1788 sanctuario
846 1763 854 1788 :
885 1743 963 1786 ubi
987 1745 1217 1802 Prophetae
1239 1746 1286 1789 111
1314 1748 1487 1794 occulto

97 1815 355 1869 audierunt,
386 1815 508 1874 quod
543 1815 588 1858 in
622 1823 772 1873 aperto
806 1813 1156 1872 praedicaverunt
1179 1837 1190 1872 3
1231 1816 1292 1860 ibi
1323 1818 1490 1864 audivit

98 1884 265 1941 David,
300 1885 375 1944 qui
408 1900 509 1928 cum
542 1884 702 1928 fiducia
731 1898 886 1941 magna
915 1883 1046 1929 dicit:
1089 1904 1109 1927 (ι,
1133 1885 1248 1930 Dixit
1276 1889 1489 1934 Dominus

101 1973 122 1996 »
158 1955 344 1999 Domino
374 1970 502 1999 meo:
538 1953 647 1998 Sede
672 1971 695 1998 a
713 1953 871 1998 dextris
896 1954 1001 1998 meis
1018 1990 1028 2010 ‚
1054 1954 1193 2000 donec
1222 1972 1382 2016 ponam
1404 1959 1490 2002 1111-

101 2044 121 2067 »
157 2027 289 2070 micos
313 2034 408 2070 tuos
424 2025 664 2069 scabellum
681 2026 843 2084 pedum
860 2034 1052 2070 tuorum.
1073 2028 1316 2073 »Novimus
1338 2031 1490 2075 Chris-

99 2105 195 2140 tum
217 2096 366 2140 sedere
381 2096 436 2140 ad
448 2096 668 2140 dexteram
687 2096 824 2140 Patris
844 2105 941 2155 post
959 2098 1320 2143 resurrectionem
1337 2117 1359 2144 a
1377 2117 1492 2146 mor-

103 2167 200 2222 tuis,
217 2176 259 2210 et
274 2167 320 2210 in
332 2165 466 2210 coelos
479 2166 788 2211 ascensionem.
802 2169 983 2210 Factum
997 2168 1174 2227 estjam,
1191 2185 1272 2213 nec
1280 2170 1485 2217 vidimus.

100 2237 175 2281 sed
197 2236 457 2281 credidimus
481 2233 553 2281 z'in
571 2236 690 2280 libris
704 2236 904 2294 legimus,
921 2236 1206 2296 praedicatum
1226 2239 1486 2299 audivimus,

99 2307 187 2351 fide
230 2307 479 2351 retinemus.
518 2307 642 2350 Unde
664 2316 708 2350 et
735 2322 786 2350 eo
813 2306 907 2365 ipso
937 2307 1057 2367 quod
1087 2318 1178 2353 erat
1208 2310 1320 2354 filius
1351 2313 1490 2357 David

101 2377 321 2431 Christus,
346 2377 486 2421 factus
508 2386 571 2421 est
594 2377 803 2421 Dominus
825 2377 977 2422 David.
1004 2377 1120 2422 Illud
1138 2380 1252 2423 enim
1267 2381 1388 2440 quod
1410 2398 1491 2427 na-

150 2480 159 2496 ¹
180 2475 257 2505 Luc.
278 2486 302 2514 1,
321 2482 360 2515 27
381 2478 415 2505 et
429 2475 482 2514 32,
503 2478 536 2505 et
555 2484 592 2514 11,
612 2472 645 2514 4,
669 2473 700 2505 5.

263 2550 419 2580 cxvnt.
1306 2544 1354 2582 19
