1848 3261
267 199 506 227 ENARRATIO
538 199 589 224 111
622 199 664 224 nv
698 198 898 224 PSALMUM
930 198 1028 235 c111,
1057 197 1195 226 sEmvio
1228 202 1294 227 111.
1394 191 1473 227 135

94 265 196 306 Post
223 262 611 322 peregrinationem
642 261 764 304 finita
794 260 864 303 via
895 279 905 304 ε
937 260 971 303 si
1007 270 1153 304 tamen
1184 273 1281 322 post
1306 264 1474 309 finitam

93 332 206 376 viam
229 347 319 376 non
336 330 474 391 judici
496 329 718 374 tradamur
736 364 749 384 ,
782 338 832 372 ut
846 328 982 389 judex
1002 330 1146 375 mittat
1172 331 1219 376 in
1240 347 1471 379 carcerem.

96 403 181 447 Sed
198 403 233 446 si
250 403 372 446 finita
387 402 477 456 via,
494 400 605 445 sicut
625 415 861 460 speramuS,
878 409 921 443 et
938 409 1154 460 optamus,
1170 411 1213 446 et
1223 404 1446 449 studemus
1463 426 1474 463 3

93 473 148 516 ad
170 473 355 532 patriam
371 472 620 517 venerimus
634 506 645 525 ,
669 470 731 514 ibi
752 469 1146 530 contemplabimur
1166 474 1286 532 quod
1309 488 1478 534 semper

91 541 364 586 laudabimus
390 562 400 586 ;
437 557 517 586 nec
551 540 662 585 illud
694 540 867 584 deficiet
897 540 1017 601 quod
1052 542 1177 586 nobis
1202 553 1360 602 praesto
1383 553 1473 601 est,

91 628 171 656 nec
192 628 270 656 nos
291 613 367 672 qui
390 612 579 655 fruimur
605 630 614 655 :
635 626 715 654 nec
737 608 928 654 fastidiet
951 612 1027 671 qui
1054 613 1365 670 manducabit,
1399 630 1479 660 nec

91 683 262 727 deficiet
295 682 416 744 quod
452 681 749 726 manducabit.
788 685 948 740 Magna
980 682 1052 726 illa
1073 692 1117 727 et
1145 685 1252 728 mira
1286 694 1483 730 contem-

89 751 222 812 platio
244 753 338 797 erit.
364 756 421 796 Et
445 752 542 813 quis
564 752 618 796 de
641 752 714 796 illa
737 751 868 811 digne
897 752 1002 797 dicit
1022 753 1104 798 isto
1132 763 1324 815 tempore
1340 791 1352 812 ‚
1377 773 1481 801 cum

89 823 202 867 inter
223 832 391 867 montes
418 823 564 866 fluunt
587 824 744 882 aquae?
766 823 939 867 Interim
957 839 1057 881 ergo
1070 825 1209 870 fluant
1222 842 1345 886 aquae
1367 827 1481 872 inter

90 902 285 948 montes,
306 903 349 937 et
361 902 686 952 pertranseant:
708 909 807 937 cum
822 903 1126 953 pertranseunt
1142 911 1289 956 aquae,
1314 897 1481 942 bibitur

89 965 135 1009 in
156 965 528 1024 peregrinatione,
555 979 610 1007 ne
645 964 712 1008 siti
741 965 786 1008 in
819 965 886 1009 via
917 964 1183 1011 deficiamus.
1211 987 1231 1009 «
1258 968 1484 1014 Potabunt

92 1054 113 1077 »
148 1052 297 1080 omnes
328 1036 476 1080 bestiae
497 1034 647 1093 sylvae.
678 1054 697 1076 »
725 1034 832 1078 Inde
864 1037 1041 1092 venitis,
1067 1037 1121 1081 de
1155 1038 1276 1096 sylva
1308 1038 1481 1085 collecti

88 1107 202 1150 estis.
230 1109 288 1151 Et
309 1106 429 1166 quali
446 1105 595 1163 sylva?
613 1104 768 1149 Nullus
779 1105 1006 1149 hominum
1029 1107 1091 1150 ibi
1114 1108 1323 1153 transibat
1339 1145 1350 1164 ,
1379 1109 1480 1170 quia

87 1175 236 1220 nullus
250 1177 466 1235 Propheta
479 1175 583 1219 illuc
599 1175 752 1218 missus
766 1184 871 1218 erat.
891 1175 973 1220 Sed
986 1176 1039 1220 ad
1058 1193 1199 1221 arcam
1219 1189 1479 1224 construen-

89 1245 190 1289 dam
208 1247 382 1289 concisa
401 1253 503 1289 sunt
523 1244 643 1302 ligna
665 1243 719 1287 de
740 1243 870 1301 sylvis
884 1248 896 1270 1
925 1265 934 1290 :
958 1246 1060 1290 inde
1085 1246 1201 1305 ligna
1215 1283 1230 1303 ,
1255 1248 1357 1292 inde
1380 1249 1480 1294 bes-

89 1317 161 1360 tiae
180 1352 191 1372 ,
213 1316 316 1360 inde
338 1315 530 1360 venistis.
554 1318 669 1372 Ergo
696 1314 847 1360 bibite.
869 1335 888 1358 «
914 1317 1137 1362 Potabunt
1158 1334 1306 1364 omnes
1329 1319 1479 1365 bestiae

92 1406 113 1429 »
148 1387 300 1446 sylvae.
329 1405 349 1428 »

148 1459 224 1502 IV.
245 1477 265 1499 «
285 1455 526 1515 Suscipient
539 1456 689 1513 onagri
705 1456 750 1499 in
763 1456 875 1500 sitim
894 1473 1031 1502 suam.
1053 1477 1073 1500 »
1087 1460 1279 1518 Onagros
1298 1477 1478 1521 magnas

88 1526 298 1588 quasdam
331 1526 487 1570 bestias
519 1526 640 1570 dicit.
680 1526 785 1578 Quis
823 1527 938 1570 enim
976 1528 1137 1573 nesciat
1172 1546 1356 1590 onagros
1393 1532 1478 1577 dici

89 1608 274 1658 agrestes
307 1597 476 1641 asinos?
510 1599 690 1654 Magnos
714 1612 816 1655 ergo
849 1597 1062 1657 quosdam
1091 1599 1196 1645 dicit
1224 1601 1473 1648 indomitos.

87 1669 268 1714 Nullum
299 1668 416 1711 enim
452 1667 673 1711 habebant
709 1668 867 1711 Gentes
895 1669 1054 1727 jugum
1079 1671 1202 1729 Legis
1234 1687 1242 1712 :
1271 1673 1477 1718 vivebant

88 1740 238 1784 multae
262 1741 420 1783 Gentes
442 1738 636 1782 moribus
669 1738 796 1793 suisf
817 1740 1002 1799 superba
1019 1742 1226 1800 jactantia
1247 1754 1471 1802 vagantes,

88 1821 297 1871 tanquam
310 1810 355 1853 in
369 1809 551 1853 deserto.
565 1811 622 1852 Et
634 1824 784 1852 omnes
798 1808 975 1869 quidem
990 1810 1138 1854 bestiae
1151 1812 1226 1867 ita,
1239 1813 1313 1857 sed
1325 1817 1475 1874 onagri

87 1881 216 1940 positi
239 1888 341 1924 sunt
363 1879 418 1922 ad
445 1878 806 1936 significationem
839 1879 1161 1938 magnitudinis.
1189 1883 1412 1929 Potabunt
1432 1895 1476 1930 et

87 1952 167 2010 ipsi
191 1952 235 1994 iu
258 1950 371 1994 sitim
401 1964 522 1993 suam
548 1969 556 1993 :
583 1949 729 1993 fluunt
749 1950 865 1993 enim
887 1959 930 1994 et
949 1950 1032 1995 illis
1055 1968 1194 2012 aquae.
1224 1954 1331 1999 Inde
1362 1955 1475 2001 bibit

86 2021 236 2081 lepus,
271 2020 372 2064 inde
406 2035 566 2078 onager
591 2040 599 2064 :
626 2018 749 2079 lepus
781 2036 964 2079 parvus,
990 2031 1033 2066 et
1067 2038 1233 2082 onager.
1255 2040 1469 2085 magnus3

86 2091 210 2151 lepus
229 2090 427 2146 timidus,
458 2098 502 2133 et
532 2106 692 2149 onager
722 2089 866 2148 ferus3
890 2101 1075 2153 uterque
1107 2094 1210 2138 inde
1232 2095 1368 2150 bibit,
1395 2096 1471 2141 sed

87 2162 272 2222 quisque
294 2180 314 2203 α
338 2163 389 2204 In
403 2161 516 2205 sitim
535 2176 670 2205 suam.
691 2179 711 2201 »
729 2163 826 2206 Non
840 2161 946 2207 dicit
962 2179 1090 2223 aqua,
1108 2165 1264 2225 Lepori
1278 2166 1467 2222 sufficio,

87 2241 132 2276 et
151 2230 324 2290 repellit
344 2247 555 2290 onagrum
588 2251 597 2276 :
622 2247 765 2291 neque
793 2232 879 2277 hoc'
898 2233 1023 2289 dicit,
1057 2236 1230 2294 Onager
1262 2236 1439 2281 accedat
1455 2273 1468 2294 ,

85 2301 210 2361 lepus
245 2301 279 2345 si
303 2302 546 2357 accesserit,
583 2302 788 2362 rapietur.
817 2306 920 2347 Tam
945 2304 1132 2350 fideliter
1159 2315 1204 2351 et
1229 2316 1470 2367 temperate

86 2371 212 2426 fluit,
249 2380 299 2415 ut
321 2372 380 2416 sic
412 2388 623 2431 onagrum
653 2373 801 2428 satiet,
833 2389 889 2418 ne
914 2373 1107 2435 leporem
1134 2386 1309 2421 terreat.
1335 2379 1470 2423 Sonat

90 2442 294 2501 strepitus
313 2442 431 2487 vocis
452 2441 660 2487 Tullianae
675 2478 686 2499 ,
703 2443 856 2489 Cicero
873 2444 1032 2504 legitur
1046 2480 1058 2500 ‚
1080 2446 1234 2508 aliquis
1254 2446 1367 2492 liber
1386 2456 1466 2505 est,

135 2532 145 2548 ¹
167 2528 247 2559 Gen.
268 2537 312 2568 Vl,
334 2526 386 2567 ¹4·
