1848 3261
292 206 532 237 ENARstA'mo
564 211 607 237 1v
640 210 685 238 nv
717 208 918 237 PsALMUM
948 209 1048 246 cm,
1082 207 1220 239 SERMO
1251 212 1310 239 1v.
1407 203 1485 243 18⁷1

174 276 297 318 XIII.
325 275 410 318 Sed
427 290 560 334 quare
577 275 660 319 hoc
682 273 819 319 facis?
841 288 974 333 quare
991 274 1144 318 avertis
1168 273 1321 320 faciem
1344 286 1488 334 tuam,

115 353 166 388 ut
193 344 461 388 turbentur?
487 363 503 384 «
532 345 714 389 Auferes
735 344 932 404 spiritum
955 358 1128 399 eorum,
1154 353 1199 388 et
1223 345 1440 391 deficient.
1471 367 1489 389 »

3 407 7 459 Ξ
72 420 81 426 ’
118 415 300 474 Spiritus
334 430 512 471 eorum,
545 417 746 476 superbia
775 430 926 459 eorum
964 423 1087 460 erat:
1115 414 1378 472 gloriantur,
1413 418 1495 461 sibi

115 485 339 541 tribuunt,
374 503 418 531 se
439 487 552 546 ipsos
570 488 822 547 justificant.
853 489 1012 529 Averte
1032 501 1134 544 ergo
1161 484 1316 530 faciem
1341 496 1461 531 tuam
1480 523 1492 543 ,

115 565 166 600 ut
186 557 441 602 turbentur:
463 558 585 601 aufer
606 558 804 616 spiritum
822 571 987 611 eorum,
1004 565 1047 599 et
1064 555 1289 613 deficiant,
1307 556 1498 602 clament

116 626 172 670 ad
193 636 236 670 te
258 647 265 671 :
297 646 315 668 «
337 629 435 672 Cito
454 627 605 672 exaudi
634 643 723 683 me,
744 628 928 671 Domine
944 662 955 681 ,
984 625 1141 671 defecit
1163 628 1337 686 spiritus
1354 644 1492 673 meus.

118 700 217 742 »Ne
232 707 396 741 avertas
415 697 570 742 faciem
588 708 706 742 tuam
728 714 750 742 a
773 699 883 741 me1.
898 697 1078 741 Auferes
1101 698 1300 757 spiritum
1323 713 1492 754 eorum,

117 785 137 809 ))
164 777 206 812 et
227 766 457 823 deficient,
485 777 527 811 et
557 769 602 811 in
627 768 850 827 pulverem
872 783 999 811 suum
1017 778 1341 813 convertentur.
1371 788 1391 810 »
1418 773 1496 814 In—

112 838 232 881 venit
253 853 296 881 se
318 838 448 882 homo
477 839 695 897 poenitens
719 837 773 881 de
795 847 974 897 peccato
1000 854 1100 893 suo,
1123 840 1225 898 quia
1247 855 1336 884 non
1357 840 1496 884 habe-

113 907 190 951 bat
209 907 319 951 vires
337 923 389 951 ex
411 923 476 963 se,
493 917 535 951 et
553 909 785 952 confitetur
802 911 908 963 Deo,
934 907 1080 952 dicens
1098 924 1142 952 se
1165 924 1252 952 esse
1275 918 1433 954 terram
1455 919 1499 955 et

113 977 317 1021 cinerem.
343 979 380 1021 Ο
403 979 612 1037 superbe,
635 993 866 1022 conversus
883 993 926 1022 es
946 979 990 1022 in
1004 978 1228 1038 pulverem
1251 988 1399 1034 tuum,
1421 980 1500 1024 ab-

113 1046 224 1091 latus
245 1057 307 1091 est
329 1048 503 1106 spiritus
525 1057 650 1107 tuus3
669 1049 759 1108 jam
775 1064 865 1092 non
882 1057 924 1091 te
936 1049 1094 1108 jactas,
1119 1064 1210 1093 non
1232 1058 1275 1093 te
1299 1048 1468 1094 extollis
1484 1085 1495 1105 ,

113 1133 203 1161 non
225 1126 266 1161 te
283 1118 522 1177 justificas,
544 1117 663 1162 vides
687 1119 789 1178 quia
811 1118 865 1162 de
887 1118 1066 1177 pulvere
1085 1119 1224 1164 factus
1242 1135 1300 1175 es,
1317 1128 1360 1163 et
1377 1136 1501 1164 aver-

112 1195 232 1230 tente
253 1186 409 1231 faciem
434 1203 554 1231 suam
588 1188 774 1232 Domino
790 1223 800 1242 ‚
825 1188 871 1231 in
892 1198 1019 1232 tuum
1048 1188 1273 1248 pulverem
1293 1189 1495 1234 recidisti.

113 1261 234 1315 Roga
271 1272 372 1315 ergo
394 1293 405 1311 ,
449 1259 657 1302 confitere
691 1258 917 1317 pulverem
960 1268 1085 1302 tuum
1128 1268 1171 1303 et
1202 1260 1498 1305 infirmitatem

111 1337 247 1372 tuam.

169 1401 289 1443 XIV.
311 1400 368 1442 Et
389 1398 487 1442 vide
502 1397 608 1458 quid
630 1408 837 1458 sequatur
855 1418 864 1443 :
885 1417 904 1440 «
920 1399 1104 1443 Emittes
1127 1399 1328 1458 spiritum
1350 1409 1495 1458 tuum,

115 1487 135 1509 »
171 1477 213 1511 et
241 1469 551 1512 creabuntur2.
594 1486 614 1508 »
646 1467 827 1512 Auferes
861 1469 1059 1527 spiritum
1106 1484 1257 1512 eorum
1278 1505 1288 1524 ,
1330 1471 1498 1515 emittes

111 1547 238 1582 tuum
265 1558 273 1583 :
300 1537 465 1583 auferes
495 1539 866 1598 spiritumffieorum
883 1573 893 1593 ,
925 1553 1013 1582 non
1046 1539 1277 1583 habebunt
1297 1540 1497 1600 spiritum

111 1623 254 1652 suum.
281 1611 395 1666 Ergo
413 1609 569 1652 deserti
589 1610 720 1652 sunt?
747 1627 764 1648 c<
782 1608 902 1651 Beati
920 1623 1132 1667 pauperes
1161 1609 1315 1668 spiritu
1345 1628 1390 1655 ι»
1409 1626 1498 1655 non

111 1689 213 1723 sunt
235 1688 380 1723 autem
403 1679 587 1734 deserti,
619 1698 638 1720 «
663 1679 879 1732 Quoniam
901 1679 1094 1738 ipsorum
1113 1688 1179 1723 est
1200 1695 1384 1738 regnum
1403 1697 1497 1725 coe-

114 1768 134 1791 »
169 1749 357 1793 lorumss.
387 1767 406 1790 »
431 1749 677 1794 Noluerunt
694 1749 856 1792 habere
876 1749 1075 1807 spiritum
1097 1765 1242 1804 suum,
1268 1750 1498 1795 habebunt

111 1820 310 1880 spiritum
327 1820 418 1864 Dei.
449 1823 542 1864 Hoc
561 1820 677 1863 enim
699 1819 807 1862 dixit
828 1819 1092 1876 Martyribus
1114 1818 1271 1864 futuris
1297 1839 1307 1866 ε
1337 1840 1356 1862 «
1382 1823 1495 1866 Cum

114 1909 134 1932 »
169 1906 244 1935 vos
273 1891 465 1949 ceperint
492 1899 533 1935 et
564 1889 848 1945 adduxerint,
888 1889 1021 1933 nolite
1053 1891 1243 1950 cogitare
1272 1892 1496 1952 quomodo

114 1981 134 2004 »
161 1971 236 2006 aut
249 1961 355 2021 quid
369 1961 645 2022 loquamini?
667 1977 756 2006 non
778 1961 894 2005 enim
922 1976 996 2005 vos
1019 1963 1118 2006 estis
1147 1963 1223 2022 qui
1244 1962 1491 2023 loquimini,

113 2051 134 2074 »
170 2032 244 2076 sed
269 2032 451 2091 Spiritus
480 2033 615 2077 Patris
639 2033 768 2077 vestri
797 2032 873 2092 qui
894 2032 1088 2093 loquitur
1115 2033 1160 2077 in
1182 2034 1380 2079 vobis4.»
1406 2038 1496 2081 No-

110 2103 185 2147 lite
204 2102 326 2147 vohis
348 2103 540 2146 tribuere
566 2102 883 2148 fortitudinem.
912 2103 954 2148 Si
981 2112 1122 2147 vestra
1144 2113 1207 2148 est
1222 2139 1232 2158 ,
1260 2104 1428 2164 inquit,
1452 2114 1494 2149 et

111 2188 206 2216 mea
229 2188 318 2217 non
348 2181 436 2230 est3
472 2173 630 2217 duritia
654 2182 731 2227 est,
758 2189 847 2218 non
870 2172 1097 2217 fortitudo.
1123 2192 1143 2216 «
1168 2172 1348 2219 Auferes
1370 2175 1496 2234 spiri-

113 2261 134 2284 »
170 2251 265 2286 tum
287 2257 453 2297 eorum,
477 2252 520 2287 et
541 2242 745 2287 deficient
764 2264 773 2299 3
799 2252 841 2287 et
862 2243 906 2287 in
921 2242 1143 2302 pulverem
1167 2259 1293 2288 suum
1315 2260 1497 2289 conver-

113 2331 134 2354 »
172 2321 317 2356 tentur
342 2332 350 2357 z
378 2313 547 2357 emittes
569 2313 766 2373 spiritum
790 2322 938 2368 tuum,
972 2322 1015 2357 et
1042 2314 1322 2358 creabuntur.
1357 2315 1496 2374 Ipsius

113 2401 134 2424 »
171 2384 283 2426 enim
303 2399 450 2427 sumus
473 2384 745 2442 figmentum,
766 2383 873 2428 dixit
893 2383 1141 2444 Apostolus,
1171 2385 1301 2429 creati
1327 2384 1371 2429 in
1394 2400 1495 2444 ope-

159 2498 168 2513 ¹
187 2491 431 2534 rsal.c‹1.u,7.
453 2509 493 2513 -
514 2499 526 2514 ²
550 2493 595 2523 Id.
617 2503 679 2531 cm,
701 2492 752 2524 30.
777 2507 818 2513 —-
842 2490 854 2514 3
874 2492 986 2524 Matlh.
1008 2504 1043 2533 v,
1065 2493 1096 2525 3.
1118 2510 1159 2515 -—-
1179 2492 1193 2523 4
1212 2493 1258 2525 Id.
1280 2504 1311 2535 x,
1336 2505 1388 2536 19,
1413 2502 1464 2525 20.
