1848 3261
374 198 458 239 472
814 209 847 238 S,
884 209 1113 240 AUGUSTINI
1144 212 1325 241 EPISCOPI

369 285 420 321 ut
452 275 554 336 quia
590 294 610 318 ‹<
655 279 791 336 Supra
821 292 953 336 quam
981 277 1167 336 petimus
1196 287 1239 322 et
1265 279 1546 338 intelligimus
1570 297 1591 321 »
1623 287 1753 335 sunt,

369 362 525 406 parum
548 346 601 391 sit
621 362 670 391 ea
687 363 857 406 sperare
872 383 882 403 ,
907 348 982 391 sed
1004 348 1238 394 debeamus
1260 366 1573 411 supersperare.

429 420 507 461 III.
535 418 642 471 Quia
658 433 758 476 ergo
772 418 916 461 adhuc
933 417 1058 462 timet
1074 419 1279 476 Ecclesia,
1299 438 1397 481 quae
1414 422 1460 465 in
1475 423 1556 466 hac
1568 421 1655 466 vita
1674 429 1753 475 est,

369 498 413 533 et
425 489 623 533 nondum
647 504 690 533 se
711 487 830 533 videt
851 489 896 531 in
910 504 960 533 eo
980 504 1114 549 regno
1127 526 1137 545 ,
1154 491 1231 534 ubi
1244 492 1425 552 eritejus
1440 508 1587 537 secura
1600 493 1758 552 jucun-

368 559 499 618 ditas3
520 560 594 604 sed
610 561 723 603 inter
739 559 1000 619 periculosas
1014 561 1271 607 tentationes
1289 566 1334 607 in
1350 564 1434 608 hoc
1451 562 1618 607 mundo
1635 562 1757 607 labo-

365 639 454 684 rat,
476 630 552 673 ubi
575 629 721 684 audit,
749 649 768 671 «
795 630 878 682 Qui
901 645 944 673 se
966 640 1090 689 putat
1113 641 1224 676 stare
1239 669 1250 688 ,
1274 633 1421 678 videat
1444 649 1498 677 ne
1516 632 1643 677 cadat
1661 635 1675 658 1
1699 651 1707 676 :
1732 650 1752 674 »

367 699 642 744 considerans
673 701 803 760 hujus
833 700 1105 746 mortalitatis
1137 703 1375 759 miseriam,
1411 705 1456 748 in
1487 719 1572 764 qua
1599 705 1757 763 jugum

367 786 494 829 grave
528 787 656 830 super
684 771 792 816 filios
825 771 964 816 Adam
983 808 993 828 ,
1025 789 1048 816 a
1079 772 1148 817 die
1181 775 1320 818 exitus
1352 774 1406 819 de
1437 784 1588 819 ventre
1612 775 1757 820 matris

364 857 515 886 eornm
530 878 540 896 ,
565 843 623 886 sic
644 842 688 885 in
713 842 916 886 omnibus
939 843 1214 902 pertenditur
1239 861 1378 905 usque
1400 847 1445 889 in
1467 845 1584 889 diem
1607 845 1757 904 sepul-

365 922 474 956 turae
495 913 539 957 in
562 922 746 957 matrem
769 913 1020 969 omnium·2‚
1047 924 1096 958 ut
1116 925 1294 975 propter
1315 931 1489 960 carnem
1522 916 1754 975 concupis-

365 994 535 1029 centem
560 985 763 1029 adversus
786 985 1011 1044 spiritum3
1027 1021 1038 1041 ,
1063 987 1191 1030 etiam
1221 987 1461 1047 regenerati
1484 1002 1654 1046 gemere
1673 987 1756 1031 sub

365 1058 456 1117 ejus
472 1057 679 1115 gravitate
698 1066 909 1114 cogantur
925 1079 935 1113 3
951 1058 1034 1102 hoc
1055 1073 1155 1116 ergo
1170 1060 1446 1103 considerans
1462 1094 1473 1114 ,
1502 1078 1522 1100 «
1539 1059 1752 1117 Cognovi,

366 1145 388 1168 »
423 1127 581 1186 inquit,
599 1127 795 1181 Domine,
814 1127 914 1186 quia
931 1128 1096 1187 justitia
1118 1129 1282 1188 judicia
1297 1138 1388 1183 tna,
1410 1138 1453 1172 et
1474 1129 1652 1173 veritate
1669 1129 1755 1172 hu-

363 1215 383 1239 »
404 1198 578 1242 miliasti
590 1213 672 1241 me.
687 1198 783 1241 Fiat
795 1198 1085 1243 misericordia
1099 1209 1189 1254 tua,
1204 1210 1246 1244 et
1264 1200 1512 1244 consoletur
1523 1215 1593 1243 me
1605 1216 1756 1244 secun-

366 1286 385 1309 »
407 1267 513 1311 dum
522 1267 746 1327 eloquium
760 1277 884 1312 tuum
898 1284 1020 1313 servo
1029 1271 1140 1313 tuo⁴.
1151 1270 1471 1314 »Misericordia
1482 1270 1755 1314 etveritasita

363 1338 511 1382 divino
530 1338 704 1398 eloquio
718 1338 1081 1383 commendantur
1093 1375 1103 1394 ,
1121 1349 1170 1383 ut
1187 1356 1286 1384 cum
1302 1341 1346 1383 in
1365 1340 1512 1383 multis
1529 1340 1757 1384 invenian-

361 1409 549 1453 turlocis
565 1444 574 1463 ,
592 1409 834 1452 maximein
857 1409 1057 1463 Psalmis,
1079 1409 1270 1469 quodam
1284 1411 1414 1454 etiam
1436 1410 1533 1454 loco
1551 1410 1722 1469 legatur
1737 1445 1749 1465 ,

366 1499 387 1521 «
423 1480 642 1523 Universae
659 1479 740 1522 vire
764 1479 935 1522 Domini
958 1479 1250 1524 misericordia
1268 1489 1312 1523 et
1332 1481 1490 1524 veritas
1507 1482 1538 1523 ⁵.
1563 1498 1582 1520 »
1611 1483 1666 1523 Et
1687 1481 1755 1524 hic

363 1550 541 1611 quidem
566 1551 704 1609 primo
730 1548 957 1593 veritatem
986 1551 1157 1610 posuit,
1182 1568 1269 1610 qua
1298 1551 1513 1595 humiliati
1539 1566 1688 1594 sumus
1710 1552 1755 1595 in

364 1631 547 1665 mortem
567 1656 577 1675 ,
597 1620 822 1680 judicante
845 1620 920 1664 illo
954 1622 1076 1680 cujus
1102 1622 1266 1680 jtldicia
1285 1621 1450 1681 justitia
1474 1630 1537 1665 est
1564 1641 1570 1665 :
1597 1620 1756 1665 deinde

363 1690 699 1735 misericordiam
716 1726 726 1745 ,
753 1706 838 1750 qua
876 1690 1168 1734 instauramur
1196 1691 1251 1735 ad
1277 1691 1408 1735 vitam
1426 1726 1437 1746 ,
1474 1692 1755 1751 promittente

362 1763 437 1807 illo
465 1764 588 1822 cnjus
624 1762 887 1806 beneficium
922 1763 1058 1820 gratia
1091 1772 1168 1806 est.
1204 1763 1308 1807 Ideo
1336 1764 1417 1817 ait,
1449 1782 1470 1804 κ
1505 1763 1753 1807 Secundum

367 1851 386 1873 >›
422 1832 646 1892 eloquium
680 1841 809 1875 tuum
839 1847 962 1876 servo
983 1842 1091 1877 tuo:
1120 1850 1141 1873 n
1175 1832 1222 1875 id
1251 1842 1339 1887 est,
1373 1832 1615 1877 secundum
1639 1834 1759 1893 quod

362 1903 595 1963 promisisti
617 1918 740 1946 servo
773 1911 865 1946 tuo.
901 1903 998 1947 Sive
1030 1918 1133 1961 ergo
1171 1903 1441 1961 regeneratio
1461 1939 1472 1959 ,
1512 1920 1598 1963 qna
1625 1904 1757 1948 hicin

363 1974 440 2017 Dei
462 1973 594 2017 Filios
613 1973 895 2031 adoptamur,
921 1973 1008 2017 sive
1028 1974 1136 2018 fides
1158 1983 1202 2017 et
1229 1988 1323 2032 spes
1345 1982 1388 2017 et
1411 1973 1597 2018 charitas
1613 2009 1624 2028 ,
1657 1990 1757 2034 quae

365 2045 443 2088 tria
477 2044 749 2087 aedificantur
773 2043 819 2086 in
855 2043 1008 2101 nobis3
1046 2043 1244 2103 quamvis
1271 2043 1326 2086 de
1356 2044 1650 2088 misericordia
1680 2044 1756 2088 Dei

361 2115 553 2169 veniant,
571 2123 718 2158 tamen
736 2114 782 2156 in
803 2114 883 2158 hac
905 2130 1149 2159 aerumnosa
1171 2123 1213 2158 et
1230 2113 1469 2173 procellosa
1490 2116 1578 2158 vita
1602 2114 1755 2159 solatia

360 2195 462 2230 sunt
483 2187 759 2240 miserorum,
784 2200 874 2229 non
891 2184 1047 2243 gaudia
1070 2186 1301 2229 beatorum
1327 2200 1336 2225 ε
1359 2184 1456 2229 ideo
1480 2183 1647 2229 dictum
1670 2194 1750 2240 est,

366 2275 386 2297 »
422 2256 518 2300 Fiat
538 2254 830 2300 misericordia
852 2265 949 2311 tua,
970 2264 1021 2300 ut
1040 2254 1290 2300 consoletur
1312 2270 1396 2298 me.
1428 2273 1448 2296 »

421 2329 495 2371 IV.
523 2325 606 2370 Sed
628 2326 730 2386 quia
758 2335 855 2385 post
884 2327 978 2370 haec
1001 2335 1044 2371 et
1074 2342 1151 2386 per
1180 2327 1274 2369 haec
1303 2326 1432 2370 etiam
1464 2323 1538 2369 illa
1568 2335 1752 2371 ventura

414 2445 422 2457 2
445 2446 456 2466 1
485 2434 558 2467 Cor.
577 2445 611 2475 x,
629 2443 727 2466 12.—
747 2441 759 2457 ²
776 2434 871 2466 Eccli.
893 2446 945 2476 η,
969 2446 1045 2467 1.-
1067 2433 1079 2457 3
1098 2434 1167 2468 Gal.
1187 2445 1220 2473 v,
1245 2433 1473 2475 17.—4Psal.
1498 2445 1602 2475 cxviii,
1622 2434 1678 2476 75,
1696 2435 1748 2476 56.

366 2507 407 2512 —
427 2489 441 2514 5
457 2491 503 2523 Id.
521 2501 613 2532 xxiv,
637 2501 686 2523 10.
