1848 3261
450 213 692 242 ENARRATIO
724 216 768 242 IN
800 215 1000 243 rsALMUM
1035 217 1069 241 c.
1393 202 1441 239 21

68 297 159 326 ram
186 296 398 327 massam:
430 296 560 342 quem
592 281 758 325 invenit
790 296 972 340 granum
1009 281 1142 325 mittit
1163 281 1208 324 in
1240 282 1444 326 horreum

67 368 195 397 suum
213 375 223 410 3
248 363 291 396 et
307 367 508 397 acervum
530 351 664 411 paleae
685 350 916 397 comburet
931 352 1021 410 igni
1041 351 1359 409 inextinguibili
1376 354 1406 396 ¹.

124 426 248 468 XIII.
278 422 401 467 Unde
423 422 509 466 dixi
530 424 644 467 hoc?
667 423 776 476 Quia
800 422 914 466 diem
940 422 985 466 in
1007 438 1081 482 spe
1097 421 1322 466 habemus.
1349 423 1446 465 Dies

67 493 192 538 nobis
214 494 259 537 in
281 493 452 538 Christo
473 492 605 537 debet
626 508 728 537 esse.
753 495 862 537 Nam
886 493 1083 553 quandiu
1104 493 1217 537 inter
1240 493 1447 536 tentatio-

67 579 142 608 nes
165 579 313 609 sumus
329 600 339 619 ,
365 580 450 608 nox
473 573 549 608 est.
577 567 628 608 In
648 564 727 608 ista
755 572 882 608 nocte
911 563 1048 623 parcit
1070 566 1183 607 Deus
1204 563 1446 623 peccatori-

66 635 147 679 bus
164 670 174 690 ,
200 644 250 679 ut
272 650 361 679 non
382 634 477 678 illos
510 633 659 692 tollat3
692 633 881 691 flagellat
909 633 1005 678 illos
1031 634 1344 679 tentationibus
1361 669 1371 687 ‚
1397 643 1448 678 ut

67 707 359 764 corrigantur,
383 705 539 750 tolerat
561 706 656 750 illos
678 706 722 749 in
744 705 915 749 civitate
932 721 1023 750 sua.
1050 709 1258 750 Putamus
1281 720 1449 765 semper

66 775 299 821 tolerabit?
324 776 366 820 Si
393 791 561 835 semper
582 776 873 821 misericordia
896 786 983 831 est,
1007 792 1096 821 non
1119 785 1182 820 est
1197 775 1413 837 judicium
1434 796 1444 822 ε

69 847 111 892 Si
132 855 293 902 autem,
310 846 679 891 «Misericordiam
699 856 742 891 et
754 846 966 907 judicium
983 848 1169 892 cantabo
1182 848 1279 900 tibi,
1297 848 1448 892 Domi-

69 934 90 958 »
105 932 183 975 ne3
201 916 364 961 »modo
376 917 529 976 parcit,
547 926 650 962 tunc
667 916 896 977 judicabit.
918 917 1001 963 Sed
1016 918 1193 978 quando
1205 919 1448 978 judicabit?

66 989 178 1033 Cum
207 987 424 1032 transierit
448 1003 547 1031 nox.
576 987 681 1032 Ideo
704 988 836 1033 dixit:
855 991 942 1032 «In
966 989 1188 1033 matutinis
1215 989 1448 1033 interficie-

70 1078 89 1100 »
105 1059 205 1103 bam
220 1074 368 1104 omnes
386 1068 633 1118 peccatores
646 1069 816 1104 terrae.»
829 1059 942 1114 Quid
964 1070 1042 1116 est,
1062 1079 1078 1101 «
1094 1063 1145 1105 In
1161 1061 1412 1106 matutinis?
1423 1080 1443 1103 »

66 1132 177 1175 Cum
195 1130 284 1190 jam
305 1129 394 1174 dies
416 1129 598 1186 venerit,
619 1140 747 1175 nocte
767 1139 998 1176 transacta.
1029 1150 1049 1173 «
1070 1135 1122 1176 In
1144 1132 1365 1177 matutinis
1382 1133 1450 1176 in·-

68 1219 89 1242 »
124 1201 387 1244 terficiebam
415 1215 564 1244 omnes
585 1209 831 1259 peccatores
851 1210 991 1246 terrae.
1023 1220 1043 1243 »
1070 1205 1214 1255 Quare
1235 1202 1293 1247 eis
1311 1203 1449 1262 parcit

66 1286 204 1331 usque
222 1270 276 1314 ad
298 1270 593 1315 matutinum?
610 1272 721 1325 Quia
743 1287 829 1316 nox
851 1281 956 1317 erat.
982 1273 1093 1326 Quid
1111 1282 1200 1333 est,
1225 1289 1311 1318 nox
1332 1275 1450 1317 erat?

66 1342 173 1395 Quia
195 1349 366 1401 tempus
388 1350 479 1385 erat
507 1341 713 1400 parcendi
740 1361 749 1387 z
774 1342 1001 1402 parcebat,
1025 1359 1125 1388 cum
1152 1343 1283 1389 corda
1303 1344 1448 1389 homi-

65 1427 173 1455 num
200 1420 340 1455 essent
373 1411 557 1456 occulta.
589 1411 720 1457 Vides
742 1412 930 1473 aliquem
953 1413 1065 1458 male
1095 1414 1263 1468 vivere,
1291 1415 1447 1460 toleras

66 1482 189 1526 illum
217 1501 225 1527 z
256 1482 393 1526 nescis
415 1482 530 1526 enim
552 1483 692 1542 qualis
715 1483 816 1538 erit,
854 1484 956 1544 quia
978 1499 1062 1528 nox
1085 1493 1177 1541 est3
1203 1493 1351 1528 utrum
1373 1488 1449 1546 qui

65 1554 196 1598 hodie
229 1553 342 1597 male
374 1553 501 1609 vivit,
537 1569 628 1597 cras
656 1554 767 1598 bene
792 1555 938 1613 vivat,
971 1564 1013 1599 et
1050 1565 1199 1600 utrum
1221 1556 1296 1616 qui
1319 1556 1451 1602 hodie

66 1625 179 1668 bene
200 1624 322 1679 vivit,
348 1638 439 1668 cras
460 1622 599 1668 malus
620 1624 687 1668 sit.
709 1627 803 1670 Nox
820 1634 883 1670 est
902 1629 1033 1682 enim,
1059 1635 1103 1671 et
1123 1642 1272 1671 omnes
1295 1626 1452 1673 tolerat

66 1698 202 1750 Deus,
241 1695 344 1755 quia
377 1694 633 1753 longanimis
661 1705 740 1740 est.
775 1694 967 1751 Tolerat,
994 1705 1044 1740 ut
1064 1707 1375 1742 convertantur
1397 1698 1452 1742 ad

65 1766 190 1810 illum
210 1775 472 1826 peccatores.
502 1766 586 1811 Sed
612 1766 687 1826 qui
710 1782 799 1812 non
822 1783 866 1811 se
887 1769 1148 1813 correxerint
1172 1769 1216 1812 in
1238 1770 1319 1814 isto
1342 1779 1453 1814 tem-

66 1851 168 1896 pore
189 1836 513 1892 misericordiae,
529 1837 860 1882 interficientur.
879 1841 936 1882 Et
952 1854 1086 1899 quare
1108 1839 1453 1885 interficientur?

68 1910 124 1952 Ut
146 1905 448 1966 dispergantur
470 1906 525 1950 de
549 1907 721 1951 civitate
752 1908 946 1965 Domini,
973 1908 1027 1953 de
1052 1910 1254 1955 societate
1276 1913 1453 1956 Jerusa-

65 1976 152 2021 lem
175 2012 186 2032 ‚
231 1977 286 2020 de
327 1977 528 2021 societate
565 1987 814 2022 sanctorum
836 2013 846 2034 ,
888 1979 943 2023 de
984 1980 1185 2025 societate
1228 1981 1449 2027 Ecclesiae.

67 2047 250 2101 Quando
272 2056 419 2091 autem
440 2048 788 2092 interficientur?
809 2068 828 2091 «
856 2052 907 2093 In
926 2051 1200 2094 matutinis.»
1226 2052 1343 2105 Quid
1366 2063 1450 2108 est,

71 2137 91 2161 «
124 2121 172 2162 In
192 2118 446 2163 matutinis?
464 2138 483 2159 »
509 2121 620 2164 Cum
644 2135 730 2163 nox
753 2129 967 2165 transacta
989 2120 1134 2166 fuerit.
1155 2124 1298 2175 Quare
1321 2124 1454 2170 modo

66 2189 235 2248 parcit?
253 2189 360 2242 Quia
384 2198 556 2248 tempus
575 2198 638 2233 est
658 2190 981 2234 misericordiae.
1010 2196 1150 2245 Quare
1178 2209 1267 2237 non
1287 2209 1456 2253 semper

67 2259 235 2319 parcit?
253 2260 382 2314 Quia,
413 2279 431 2300 «
464 2259 803 2305 Misericordiam
826 2271 868 2305 et
896 2261 1112 2322 judicium
1134 2264 1320 2308 cantabo
1350 2265 1454 2320 tibi,

70 2349 91 2372 »
126 2330 324 2374 Domine.
355 2349 374 2371 »
398 2333 596 2386 Fratres,
628 2347 757 2376 nemo
780 2332 860 2376 sibi
891 2332 1156 2377 blandiatur.
1187 2335 1458 2378 Interficien-

68 2409 140 2444 tur
160 2416 308 2444 omnes
331 2411 559 2460 operantes
577 2402 852 2461 iniquitatem
878 2423 886 2447 ;
911 2403 1142 2448 interficiet
1166 2419 1237 2448 eos
1261 2405 1456 2449 Christus

69 2472 114 2514 in
136 2472 359 2515 matutinis
375 2507 386 2526 ,
409 2481 451 2515 et
480 2471 700 2531 disperdet
731 2489 802 2516 cos
824 2473 878 2516 de
901 2473 1073 2517 civitate
1097 2490 1186 2518 sua.
1219 2475 1301 2518 Sed
1325 2475 1456 2521 modo

121 2556 331 2595 =Matth.1n,
358 2565 405 2587 ι’).
