1848 3261
377 228 431 269 56
803 239 838 268 ε.
872 237 1102 270 Aucus-nm
1133 241 1316 270 Errscom

379 318 420 353 te
442 309 583 367 ipsum
604 306 663 350 sic
679 305 853 362 fecerit,
878 316 928 351 ut
948 306 1067 366 prius
1088 306 1143 350 sis
1165 322 1311 352 servus
1333 306 1542 352 obediens
1555 340 1567 363 ‚
1591 316 1635 351 et
1656 321 1758 366 pos-

378 389 445 424 tea
471 377 650 422 fortasse
680 376 841 421 amicus
874 376 1134 436 inteljigens.
1160 379 1276 436 Ergo
1292 413 1308 434 ,
1344 379 1525 437 «Opera
1549 391 1760 422 manuum

379 469 400 492 »
435 459 610 494 tuarum
627 457 729 492 sunt
749 448 863 492 coeli.
888 466 908 489 »

433 522 561 564 XIII.
602 538 623 561 «
648 519 734 578 Ipsi
763 518 995 577 peribunt3
1020 527 1069 562 tu
1097 527 1241 562 autem
1260 521 1528 578 permane81.
1559 537 1579 560 »
1600 522 1761 578 Aperte

381 592 491 636 dixit
512 591 596 634 hoc
614 587 832 648 apostolus
851 592 1002 633 Petrus
1026 608 1035 633 ε
1064 608 1083 630 «
1108 588 1220 633 Coeli
1242 598 1364 633 erant
1387 588 1488 633 olim
1508 587 1562 632 de
1585 605 1697 648 aqua
1719 597 1762 633 et

377 677 398 703 ³)
435 675 511 719 per
539 674 696 718 aquam
724 658 949 702 constituti
983 659 1059 702 Dei
1093 659 1269 716 Verb03
1300 675 1378 718 per
1400 675 1499 719 quae
1523 659 1601 719 qui
1623 658 1762 703 factus

380 749 400 773 »
436 739 499 774 est
528 729 719 773 mundus
736 763 746 783 ‚
773 744 885 788 aqua
907 728 1144 772 inundatus
1164 729 1348 787 deperiit
1371 748 1379 773 :
1409 738 1521 773 terra
1552 737 1696 773 autem
1719 737 1763 772 et

379 819 401 844 »
437 800 537 845 coeli
560 800 636 859 qui
653 815 770 843 nunc
793 808 914 853 sunt,
941 799 1095 842 eodem
1116 798 1250 842 verbo
1272 799 1446 858 repositi
1467 808 1568 843 sunt
1589 799 1677 856 igni
1695 813 1764 842 re-

378 890 399 914 »
436 869 709 915 servandi2.»
728 872 824 913 Jam
839 884 942 927 ergo
960 868 1068 912 dixit
1088 870 1246 928 perisse
1269 869 1401 914 coelos
1423 885 1499 929 per
1521 869 1760 914 diluvium:

375 943 533 1002 perisse
563 949 709 985 autem
741 940 938 984 novimus
969 940 1102 984 coelos
1133 939 1376 984 secundum
1409 941 1699 1000 quantitatem
1721 948 1766 984 et

377 1013 512 1073 spatia
535 1013 642 1056 ae'ris
674 1012 819 1071 hujus.
846 1011 1050 1055 Excrevit
1071 1011 1188 1056 enim
1217 1028 1328 1075 aqua
1348 1047 1358 1067 ‚
1397 1021 1441 1056 et
1473 1021 1608 1056 totam
1638 1012 1764 1055 istam

378 1083 660 1143 capacitatem
683 1081 760 1124 ubi
784 1097 880 1125 aves
909 1080 1119 1136 volitant,
1156 1082 1414 1141 occupavit3
1443 1098 1491 1126 ac
1525 1082 1583 1126 sic
1612 1083 1766 1142 utique

379 1155 480 1199 coeli
502 1153 726 1213 perierunt
744 1153 978 1212 propinqui
1005 1152 1125 1196 terris
1143 1171 1150 1197 :
1172 1152 1289 1207 coeli,
1306 1152 1547 1196 secundum
1565 1168 1674 1212 quos
1697 1152 1765 1196 di-

379 1235 540 1271 cuntur
564 1238 662 1268 aves
689 1222 803 1267 coeli.
842 1225 952 1267 Sunt
973 1232 1118 1266 autem
1141 1232 1184 1267 et
1206 1222 1306 1267 coeli
1335 1223 1546 1267 coelorum
1569 1225 1766 1283 superio-

380 1311 446 1340 res
466 1296 513 1338 in
540 1294 813 1336 firmamento
841 1311 850 1336 :
880 1291 954 1335 sed
976 1301 1124 1336 utrum
1153 1301 1197 1336 et
1227 1293 1307 1352 ipsi
1329 1293 1510 1352 perituri
1531 1293 1616 1336 sint
1638 1294 1762 1352 igne,

380 1381 435 1410 an
456 1365 503 1408 hi
525 1363 605 1408 soli
625 1361 726 1406 coeli
757 1362 833 1422 qui
867 1362 998 1405 etiam
1029 1362 1194 1407 diluvio
1221 1364 1444 1422 perierunt
1460 1399 1470 1418 ,
1512 1363 1766 1423 disceptatio

379 1445 443 1480 est
465 1434 686 1493 aliquanto
707 1431 998 1491 scrupulosior
1013 1433 1126 1476 inter
1143 1433 1311 1488 doctos,
1323 1449 1403 1478 nec
1421 1433 1563 1490 facile,
1581 1435 1765 1479 maxime

379 1507 426 1550 in
449 1504 645 1563 angustia
674 1502 904 1562 temporis,
944 1502 1147 1561 explicari
1178 1513 1334 1562 potest.
1366 1504 1641 1548 Dimittamus
1663 1519 1765 1564 ergo

381 1592 499 1630 eam,
523 1574 592 1619 vel
608 1574 858 1618 differamus
878 1609 888 1628 ,
914 1574 1161 1618 noverimus
1178 1584 1325 1618 tamen
1347 1575 1485 1634 perire
1506 1576 1602 1628 ista,
1630 1579 1767 1620 Deum

382 1661 574 1690 manere.
592 1647 649 1688 Et
666 1645 700 1688 si
722 1653 901 1688 manent
923 1644 1125 1704 quaedam
1145 1660 1246 1689 cum
1268 1648 1358 1689 Deo
1377 1681 1386 1700 ,
1414 1661 1514 1705 quae
1535 1645 1648 1690 facta
1668 1655 1770 1690 sunt

382 1733 406 1761 a
428 1719 517 1760 Deo
535 1751 545 1770 ‚
571 1731 661 1759 non
687 1724 866 1758 manent
887 1715 933 1758 in
956 1730 998 1758 se
1015 1750 1025 1769 ‚
1057 1715 1132 1759 sed
1156 1715 1202 1759 in
1228 1719 1318 1760 Deo
1335 1751 1345 1770 ,
1371 1732 1461 1760 non
1479 1716 1724 1761 recedendo
1747 1732 1770 1760 a

380 1789 486 1832 Deo.
513 1784 630 1839 Quid
651 1786 793 1829 enim?
808 1785 974 1829 Dicturi
996 1800 1144 1828 sumus
1159 1821 1170 1840 ‚
1190 1785 1361 1841 fratres,
1384 1786 1505 1845 quod
1521 1787 1675 1844 Angeli
1692 1802 1770 1846 pe-

381 1857 507 1900 rituri
536 1865 638 1900 sunt
668 1856 795 1914 igne,
835 1872 923 1915 quo
960 1856 1220 1900 incendetur
1256 1856 1479 1900 mundus?
1516 1857 1657 1901 Absit.
1687 1857 1771 1902 Sed

383 1927 522 1987 quid?
548 1928 749 1971 Dicemus
777 1928 897 1985 quod
930 1926 1119 1985 Angelos
1152 1931 1266 1971 Deus
1294 1943 1384 1972 non
1412 1927 1594 1971 fecerit?
1627 1928 1768 1972 Absit.

385 1997 471 2041 Sed
497 1995 603 2056 quid
637 1995 860 2039 dicemus?
893 1999 950 2040 Et
982 1995 1099 2038 unde
1131 2006 1294 2051 essent,
1320 1999 1354 2040 si
1375 2012 1466 2041 non
1485 1997 1540 2041 ab
1563 1997 1639 2041 illo
1668 1996 1771 2043 facti

384 2069 556 2113 essent?
583 2086 603 2108 «
629 2069 724 2125 Ipse
753 2067 886 2121 dixit,
924 2076 967 2110 et
1000 2066 1114 2111 facta
1152 2077 1255 2111 sunt
1279 2089 1290 2125 3
1322 2068 1413 2127 ipse
1435 2068 1686 2124 mandavit,
1729 2079 1772 2113 et

384 2155 406 2180 >›
442 2146 584 2181 creata
606 2146 707 2180 sunt
726 2138 757 2179 3.
778 2154 797 2176 >›
820 2137 995 2181 Dictum
1014 2147 1077 2181 est
1094 2138 1208 2181 enim
1224 2138 1324 2192 hoc,
1351 2154 1451 2182 cum
1474 2154 1656 2196 operum
1681 2140 1772 2198 ejus

381 2207 734 2253 commemoratio
756 2208 880 2251 fieret
895 2244 905 2262 ‚
931 2208 977 2251 in
999 2209 1157 2268 quibus
1180 2217 1222 2252 et
1244 2208 1398 2267 An'geli
1416 2209 1625 2252 nominati
1649 2219 1766 2253 sunt.

381 2282 524 2322 Erunt
547 2293 650 2336 ergo
672 2293 772 2321 cum
794 2277 869 2321 illo
888 2278 1057 2336 Angeh,
1074 2280 1203 2323 etiam
1218 2278 1385 2323 mundo
1404 2279 1505 2337 igne
1522 2280 1736 2337 flagrante
1758 2300 1766 2324 :

383 2358 427 2392 et
448 2350 528 2391 erit
544 2346 796 2391 incendium
812 2348 980 2401 mundi,
997 2364 1085 2392 non
1100 2348 1334 2393 incendens
1356 2358 1524 2392 sanctos
1540 2350 1629 2392 Dei.
1644 2349 1769 2402 Quod

385 2418 469 2461 fuit
503 2417 695 2461 caminus
719 2417 827 2475 regis
858 2417 995 2461 tribus
1027 2419 1170 2477 pueris
1185 2420 1200 2443 4
1221 2454 1232 2473 ,
1258 2419 1340 2462 hoc
1362 2418 1443 2462 erit
1466 2418 1619 2462 ardens
1639 2435 1771 2463 mun-

387 2488 466 2531 dus
485 2488 610 2547 justis
631 2488 676 2530 in
700 2488 907 2530 Trinitate
929 2488 1120 2547 signatis.

444 2578 452 2593 ¹
476 2570 555 2602 Psal.
577 2581 619 2611 cr,
635 2579 686 2611 27.
708 2588 749 2592 —
771 2578 782 2592 ²
802 2580 820 2602 2
837 2573 920 2602 Petu:
942 2583 986 2612 in,
1008 2571 1083 2612 5-7.
1111 2589 1152 2594 -α
1168 2571 1179 2593 3
1199 2572 1276 2603 psal.
1308 2583 1407 2613 rxxn,
1428 2584 1461 2614 9.
1478 2571 1635 2606 —4Dan
1652 2584 1696 2612 nl,
1713 2582 1765 2604 21.
