<?xml version="1.0" encoding="UTF-8"?>
<!DOCTYPE html PUBLIC "-//W3C//DTD XHTML 1.0 Transitional//EN"
    "http://www.w3.org/TR/xhtml1/DTD/xhtml1-transitional.dtd">
<html xmlns="http://www.w3.org/1999/xhtml" xml:lang="en" lang="en">
 <head>
  <title>
</title>
<meta http-equiv="Content-Type" content="text/html;charset=utf-8" />
  <meta name='ocr-system' content='tesseract 3.04.00' />
  <meta name='ocr-capabilities' content='ocr_page ocr_carea ocr_par ocr_line ocrx_word'/>
</head>
<body>
  <div class='ocr_page' id='page_1' title='image "./operaomniaaccura11auguuoft_0253.png"; bbox 0 0 1848 3261; ppageno 0'>
   <div class='ocr_carea' id='block_1_1' title="bbox 439 231 1464 274">
    <p class='ocr_par' dir='ltr' id='par_1_1' title="bbox 439 231 1464 274">
     <span class='ocr_line' id='line_1_1' title="bbox 439 231 1464 274; baseline -0.001 -2"><span class='ocrx_word' id='word_1_1' title='bbox 439 243 679 274; x_wconf 73' lang='lat' dir='ltr'>ENARRATIO</span> <span class='ocrx_word' id='word_1_2' title='bbox 711 247 755 273; x_wconf 80' lang='grc' dir='ltr'>ΙΝ</span> <span class='ocrx_word' id='word_1_3' title='bbox 787 243 990 272; x_wconf 78' lang='lat' dir='ltr'>PsALMUM</span> <span class='ocrx_word' id='word_1_4' title='bbox 1020 245 1103 271; x_wconf 81' lang='lat' dir='ltr'>cvi.</span> <span class='ocrx_word' id='word_1_5' title='bbox 1380 231 1464 271; x_wconf 76' lang='lat'>243</span> 
     </span>
    </p>
   </div>
   <div class='ocr_carea' id='block_1_2' title="bbox 77 307 1485 2554">
    <p class='ocr_par' dir='ltr' id='par_1_2' title="bbox 77 307 1485 2554">
     <span class='ocr_line' id='line_1_2' title="bbox 92 307 1464 365; baseline 0 -13"><span class='ocrx_word' id='word_1_6' title='bbox 92 329 111 352; x_wconf 86' lang='lat'>»</span> <span class='ocrx_word' id='word_1_7' title='bbox 145 309 400 365; x_wconf 83' lang='lat' dir='ltr'>solitudine,</span> <span class='ocrx_word' id='word_1_8' title='bbox 421 310 469 353; x_wconf 91' lang='lat' dir='ltr'>in</span> <span class='ocrx_word' id='word_1_9' title='bbox 495 310 683 354; x_wconf 83' lang='lat' dir='ltr'>siccitate</span> <span class='ocrx_word' id='word_1_10' title='bbox 703 345 714 365; x_wconf 87' lang='lat'>,</span> <span class='ocrx_word' id='word_1_11' title='bbox 735 310 850 354; x_wconf 90' lang='lat' dir='ltr'>viam</span> <span class='ocrx_word' id='word_1_12' title='bbox 873 308 1053 353; x_wconf 85' lang='lat' dir='ltr'>civitatis</span> <span class='ocrx_word' id='word_1_13' title='bbox 1080 307 1357 352; x_wconf 84' lang='lat' dir='ltr'>habitationis</span> <span class='ocrx_word' id='word_1_14' title='bbox 1373 324 1464 352; x_wconf 90' lang='lat' dir='ltr'>non</span> 
     </span>
     <span class='ocr_line' id='line_1_3' title="bbox 89 377 1466 438; baseline 0 -16"><span class='ocrx_word' id='word_1_15' title='bbox 89 397 111 422; x_wconf 67' lang='lat' dir='ltr'>i»</span> <span class='ocrx_word' id='word_1_16' title='bbox 144 381 419 424; x_wconf 90' lang='lat' dir='ltr'>invenerunt.</span> <span class='ocrx_word' id='word_1_17' title='bbox 451 400 468 421; x_wconf 88' lang='lat'>»</span> <span class='ocrx_word' id='word_1_18' title='bbox 495 383 697 425; x_wconf 76' lang='lat' dir='ltr'>Errorem</span> <span class='ocrx_word' id='word_1_19' title='bbox 724 378 1011 423; x_wconf 82' lang='lat' dir='ltr'>miserabilem</span> <span class='ocrx_word' id='word_1_20' title='bbox 1046 377 1289 422; x_wconf 90' lang='lat' dir='ltr'>audivimus</span> <span class='ocrx_word' id='word_1_21' title='bbox 1315 397 1324 422; x_wconf 88' lang='grc'>;</span> <span class='ocrx_word' id='word_1_22' title='bbox 1359 379 1466 438; x_wconf 88' lang='lat' dir='ltr'>quid</span> 
     </span>
     <span class='ocr_line' id='line_1_4' title="bbox 86 449 1466 511; baseline -0.002 -16"><span class='ocrx_word' id='word_1_23' title='bbox 86 450 142 495; x_wconf 91' lang='lat' dir='ltr'>de</span> <span class='ocrx_word' id='word_1_24' title='bbox 161 452 338 511; x_wconf 79' lang='lat' dir='ltr'>inopia?</span> <span class='ocrx_word' id='word_1_25' title='bbox 359 470 379 494; x_wconf 89' lang='lat'>«</span> <span class='ocrx_word' id='word_1_26' title='bbox 403 452 651 496; x_wconf 88' lang='lat' dir='ltr'>Esurientes</span> <span class='ocrx_word' id='word_1_27' title='bbox 672 461 716 495; x_wconf 86' lang='lat' dir='ltr'>et</span> <span class='ocrx_word' id='word_1_28' title='bbox 736 451 947 505; x_wconf 82' lang='lat' dir='ltr'>sitientes,</span> <span class='ocrx_word' id='word_1_29' title='bbox 963 450 1105 493; x_wconf 87' lang='lat' dir='ltr'>anima</span> <span class='ocrx_word' id='word_1_30' title='bbox 1127 464 1277 493; x_wconf 89' lang='lat' dir='ltr'>eorum</span> <span class='ocrx_word' id='word_1_31' title='bbox 1299 449 1345 492; x_wconf 91' lang='lat' dir='ltr'>in</span> <span class='ocrx_word' id='word_1_32' title='bbox 1365 450 1466 508; x_wconf 89' lang='lat' dir='ltr'>ipsis</span> 
     </span>
     <span class='ocr_line' id='line_1_5' title="bbox 91 519 1468 582; baseline 0 -20"><span class='ocrx_word' id='word_1_33' title='bbox 91 538 111 562; x_wconf 75' lang='lat' dir='ltr'>n</span> <span class='ocrx_word' id='word_1_34' title='bbox 145 520 345 566; x_wconf 87' lang='lat' dir='ltr'>defecit¹.</span> <span class='ocrx_word' id='word_1_35' title='bbox 387 540 406 563; x_wconf 85' lang='lat'>»</span> <span class='ocrx_word' id='word_1_36' title='bbox 441 521 525 566; x_wconf 87' lang='lat' dir='ltr'>Sed</span> <span class='ocrx_word' id='word_1_37' title='bbox 557 538 690 582; x_wconf 87' lang='lat' dir='ltr'>quare</span> <span class='ocrx_word' id='word_1_38' title='bbox 723 520 906 565; x_wconf 77' lang='lat' dir='ltr'>defecit?</span> <span class='ocrx_word' id='word_1_39' title='bbox 939 520 1010 564; x_wconf 90' lang='lat' dir='ltr'>cui</span> <span class='ocrx_word' id='word_1_40' title='bbox 1039 519 1187 564; x_wconf 82' lang='lat' dir='ltr'>bono?</span> <span class='ocrx_word' id='word_1_41' title='bbox 1218 522 1315 564; x_wconf 90' lang='lat' dir='ltr'>Non</span> <span class='ocrx_word' id='word_1_42' title='bbox 1352 520 1468 563; x_wconf 91' lang='lat' dir='ltr'>enim</span> 
     </span>
     <span class='ocr_line' id='line_1_6' title="bbox 87 589 1464 651; baseline -0.001 -16"><span class='ocrx_word' id='word_1_43' title='bbox 87 591 275 636; x_wconf 87' lang='lat' dir='ltr'>crudelis</span> <span class='ocrx_word' id='word_1_44' title='bbox 296 601 358 636; x_wconf 87' lang='lat' dir='ltr'>est</span> <span class='ocrx_word' id='word_1_45' title='bbox 369 595 505 649; x_wconf 79' lang='lat' dir='ltr'>Deus3</span> <span class='ocrx_word' id='word_1_46' title='bbox 524 592 600 636; x_wconf 89' lang='lat' dir='ltr'>sed</span> <span class='ocrx_word' id='word_1_47' title='bbox 612 608 655 636; x_wconf 90' lang='lat' dir='ltr'>se</span> <span class='ocrx_word' id='word_1_48' title='bbox 667 591 944 637; x_wconf 87' lang='lat' dir='ltr'>commendat</span> <span class='ocrx_word' id='word_1_49' title='bbox 957 627 971 647; x_wconf 86' lang='lat'>,</span> <span class='ocrx_word' id='word_1_50' title='bbox 991 590 1112 651; x_wconf 90' lang='lat' dir='ltr'>quod</span> <span class='ocrx_word' id='word_1_51' title='bbox 1127 589 1301 650; x_wconf 77' lang='lat' dir='ltr'>expedit</span> <span class='ocrx_word' id='word_1_52' title='bbox 1322 590 1464 645; x_wconf 87' lang='lat' dir='ltr'>nobis,</span> 
     </span>
     <span class='ocr_line' id='line_1_7' title="bbox 86 661 1462 722; baseline -0.001 -17"><span class='ocrx_word' id='word_1_53' title='bbox 86 671 137 706; x_wconf 88' lang='lat' dir='ltr'>ut</span> <span class='ocrx_word' id='word_1_54' title='bbox 158 662 286 706; x_wconf 90' lang='lat' dir='ltr'>nobis</span> <span class='ocrx_word' id='word_1_55' title='bbox 308 662 612 706; x_wconf 86' lang='lat' dir='ltr'>deficientibus</span> <span class='ocrx_word' id='word_1_56' title='bbox 634 671 810 722; x_wconf 82' lang='lat' dir='ltr'>rogetur</span> <span class='ocrx_word' id='word_1_57' title='bbox 824 698 834 716; x_wconf 92' lang='lat'>,</span> <span class='ocrx_word' id='word_1_58' title='bbox 860 671 903 706; x_wconf 91' lang='lat' dir='ltr'>et</span> <span class='ocrx_word' id='word_1_59' title='bbox 923 670 974 705; x_wconf 88' lang='lat' dir='ltr'>ut</span> <span class='ocrx_word' id='word_1_60' title='bbox 994 661 1253 705; x_wconf 88' lang='lat' dir='ltr'>subveniens</span> <span class='ocrx_word' id='word_1_61' title='bbox 1279 670 1462 704; x_wconf 86' lang='lat' dir='ltr'>ametur.</span> 
     </span>
     <span class='ocr_line' id='line_1_8' title="bbox 86 731 1464 791; baseline -0.001 -16"><span class='ocrx_word' id='word_1_62' title='bbox 86 734 143 776; x_wconf 91' lang='lat' dir='ltr'>Et</span> <span class='ocrx_word' id='word_1_63' title='bbox 164 731 262 776; x_wconf 89' lang='lat' dir='ltr'>ideo</span> <span class='ocrx_word' id='word_1_64' title='bbox 279 732 507 791; x_wconf 88' lang='lat' dir='ltr'>posthunc</span> <span class='ocrx_word' id='word_1_65' title='bbox 529 748 718 777; x_wconf 89' lang='lat' dir='ltr'>errorem</span> <span class='ocrx_word' id='word_1_66' title='bbox 738 742 781 777; x_wconf 89' lang='lat' dir='ltr'>et</span> <span class='ocrx_word' id='word_1_67' title='bbox 797 733 956 777; x_wconf 84' lang='lat' dir='ltr'>famem</span> <span class='ocrx_word' id='word_1_68' title='bbox 971 740 1014 775; x_wconf 89' lang='lat' dir='ltr'>et</span> <span class='ocrx_word' id='word_1_69' title='bbox 1025 732 1155 787; x_wconf 85' lang='lat' dir='ltr'>sitim,</span> <span class='ocrx_word' id='word_1_70' title='bbox 1176 751 1197 773; x_wconf 86' lang='lat'>·‹</span> <span class='ocrx_word' id='word_1_71' title='bbox 1221 735 1278 775; x_wconf 83' lang='lat' dir='ltr'>Et</span> <span class='ocrx_word' id='word_1_72' title='bbox 1301 731 1464 775; x_wconf 83' lang='lat' dir='ltr'>clama-</span> 
     </span>
     <span class='ocr_line' id='line_1_9' title="bbox 90 801 1471 858; baseline 0.002 -15"><span class='ocrx_word' id='word_1_73' title='bbox 90 819 112 843; x_wconf 87' lang='lat'>»</span> <span class='ocrx_word' id='word_1_74' title='bbox 146 811 305 847; x_wconf 85' lang='lat' dir='ltr'>verunt</span> <span class='ocrx_word' id='word_1_75' title='bbox 325 802 381 846; x_wconf 89' lang='lat' dir='ltr'>ad</span> <span class='ocrx_word' id='word_1_76' title='bbox 398 803 631 847; x_wconf 91' lang='lat' dir='ltr'>Dominum</span> <span class='ocrx_word' id='word_1_77' title='bbox 650 839 664 858; x_wconf 85' lang='lat'>,</span> <span class='ocrx_word' id='word_1_78' title='bbox 683 819 783 848; x_wconf 91' lang='lat' dir='ltr'>cum</span> <span class='ocrx_word' id='word_1_79' title='bbox 804 801 1148 858; x_wconf 74' lang='lat' dir='ltr'>tribularentur,</span> <span class='ocrx_word' id='word_1_80' title='bbox 1173 810 1215 846; x_wconf 89' lang='lat' dir='ltr'>et</span> <span class='ocrx_word' id='word_1_81' title='bbox 1243 801 1296 845; x_wconf 83' lang='lat' dir='ltr'>de</span> <span class='ocrx_word' id='word_1_82' title='bbox 1320 817 1471 846; x_wconf 83' lang='lat' dir='ltr'>neces-</span> 
     </span>
     <span class='ocr_line' id='line_1_10' title="bbox 91 872 1468 934; baseline 0 -17"><span class='ocrx_word' id='word_1_83' title='bbox 91 891 113 915; x_wconf 83' lang='lat'>»</span> <span class='ocrx_word' id='word_1_84' title='bbox 147 874 346 918; x_wconf 87' lang='lat' dir='ltr'>sitatibus</span> <span class='ocrx_word' id='word_1_85' title='bbox 369 889 519 919; x_wconf 81' lang='lat' dir='ltr'>eorum</span> <span class='ocrx_word' id='word_1_86' title='bbox 544 875 703 934; x_wconf 86' lang='lat' dir='ltr'>eripuit</span> <span class='ocrx_word' id='word_1_87' title='bbox 737 890 824 919; x_wconf 91' lang='lat' dir='ltr'>eos.</span> <span class='ocrx_word' id='word_1_88' title='bbox 855 893 874 915; x_wconf 91' lang='lat'>»</span> <span class='ocrx_word' id='word_1_89' title='bbox 912 877 969 918; x_wconf 90' lang='lat' dir='ltr'>Et</span> <span class='ocrx_word' id='word_1_90' title='bbox 990 872 1097 934; x_wconf 88' lang='lat' dir='ltr'>quid</span> <span class='ocrx_word' id='word_1_91' title='bbox 1129 872 1213 917; x_wconf 89' lang='lat' dir='ltr'>illis</span> <span class='ocrx_word' id='word_1_92' title='bbox 1242 873 1468 932; x_wconf 74' lang='lat' dir='ltr'>praestitit,</span> 
     </span>
     <span class='ocr_line' id='line_1_11' title="bbox 89 944 1471 1004; baseline -0.001 -16"><span class='ocrx_word' id='word_1_93' title='bbox 89 945 192 1004; x_wconf 88' lang='lat' dir='ltr'>quia</span> <span class='ocrx_word' id='word_1_94' title='bbox 213 944 450 988; x_wconf 80' lang='lat' dir='ltr'>errabant?</span> <span class='ocrx_word' id='word_1_95' title='bbox 471 963 490 986; x_wconf 90' lang='lat'>«</span> <span class='ocrx_word' id='word_1_96' title='bbox 514 947 571 988; x_wconf 86' lang='lat' dir='ltr'>Et</span> <span class='ocrx_word' id='word_1_97' title='bbox 592 944 774 989; x_wconf 83' lang='lat' dir='ltr'>deduxit</span> <span class='ocrx_word' id='word_1_98' title='bbox 795 960 866 989; x_wconf 93' lang='lat' dir='ltr'>eos</span> <span class='ocrx_word' id='word_1_99' title='bbox 887 945 930 988; x_wconf 93' lang='lat' dir='ltr'>in</span> <span class='ocrx_word' id='word_1_100' title='bbox 953 944 1067 988; x_wconf 82' lang='lat' dir='ltr'>viam</span> <span class='ocrx_word' id='word_1_101' title='bbox 1096 953 1273 988; x_wconf 81' lang='lat' dir='ltr'>rectam.</span> <span class='ocrx_word' id='word_1_102' title='bbox 1305 963 1322 984; x_wconf 90' lang='lat'>»</span> <span class='ocrx_word' id='word_1_103' title='bbox 1347 945 1471 988; x_wconf 72' lang='lat' dir='ltr'>Viam</span> 
     </span>
     <span class='ocr_line' id='line_1_12' title="bbox 89 1012 1474 1069; baseline 0 -10"><span class='ocrx_word' id='word_1_104' title='bbox 89 1015 272 1060; x_wconf 86' lang='lat' dir='ltr'>civitatis</span> <span class='ocrx_word' id='word_1_105' title='bbox 288 1015 567 1059; x_wconf 85' lang='lat' dir='ltr'>habitationis</span> <span class='ocrx_word' id='word_1_106' title='bbox 589 1031 678 1059; x_wconf 90' lang='lat' dir='ltr'>non</span> <span class='ocrx_word' id='word_1_107' title='bbox 697 1015 1002 1069; x_wconf 87' lang='lat' dir='ltr'>inveniebant,</span> <span class='ocrx_word' id='word_1_108' title='bbox 1031 1012 1146 1058; x_wconf 89' lang='lat' dir='ltr'>fame</span> <span class='ocrx_word' id='word_1_109' title='bbox 1162 1023 1206 1058; x_wconf 87' lang='lat' dir='ltr'>et</span> <span class='ocrx_word' id='word_1_110' title='bbox 1226 1014 1294 1058; x_wconf 91' lang='lat' dir='ltr'>siti</span> <span class='ocrx_word' id='word_1_111' title='bbox 1316 1024 1474 1059; x_wconf 82' lang='lat' dir='ltr'>aestua-</span> 
     </span>
     <span class='ocr_line' id='line_1_13' title="bbox 89 1084 1471 1140; baseline 0 -11"><span class='ocrx_word' id='word_1_112' title='bbox 89 1084 224 1140; x_wconf 84' lang='lat' dir='ltr'>bant,</span> <span class='ocrx_word' id='word_1_113' title='bbox 259 1095 304 1129; x_wconf 88' lang='lat' dir='ltr'>et</span> <span class='ocrx_word' id='word_1_114' title='bbox 323 1085 585 1130; x_wconf 89' lang='lat' dir='ltr'>deficiebant</span> <span class='ocrx_word' id='word_1_115' title='bbox 612 1104 620 1130; x_wconf 92' lang='lat'>:</span> <span class='ocrx_word' id='word_1_116' title='bbox 645 1105 664 1126; x_wconf 90' lang='lat'>«</span> <span class='ocrx_word' id='word_1_117' title='bbox 692 1089 749 1129; x_wconf 83' lang='lat' dir='ltr'>Et</span> <span class='ocrx_word' id='word_1_118' title='bbox 775 1084 954 1129; x_wconf 80' lang='lat' dir='ltr'>deduxit</span> <span class='ocrx_word' id='word_1_119' title='bbox 975 1100 1047 1128; x_wconf 90' lang='lat' dir='ltr'>eos</span> <span class='ocrx_word' id='word_1_120' title='bbox 1072 1084 1119 1128; x_wconf 91' lang='lat' dir='ltr'>in</span> <span class='ocrx_word' id='word_1_121' title='bbox 1145 1085 1259 1128; x_wconf 88' lang='lat' dir='ltr'>viam</span> <span class='ocrx_word' id='word_1_122' title='bbox 1282 1094 1443 1129; x_wconf 88' lang='lat' dir='ltr'>rectam</span> <span class='ocrx_word' id='word_1_123' title='bbox 1460 1121 1471 1139; x_wconf 88' lang='lat'>,</span> 
     </span>
     <span class='ocr_line' id='line_1_14' title="bbox 92 1155 1471 1209; baseline 0.002 -12"><span class='ocrx_word' id='word_1_124' title='bbox 92 1174 114 1197; x_wconf 85' lang='lat'>»</span> <span class='ocrx_word' id='word_1_125' title='bbox 148 1165 198 1200; x_wconf 85' lang='lat' dir='ltr'>ut</span> <span class='ocrx_word' id='word_1_126' title='bbox 214 1156 329 1200; x_wconf 89' lang='lat' dir='ltr'>irent</span> <span class='ocrx_word' id='word_1_127' title='bbox 342 1157 385 1200; x_wconf 92' lang='lat' dir='ltr'>in</span> <span class='ocrx_word' id='word_1_128' title='bbox 408 1156 625 1201; x_wconf 86' lang='lat' dir='ltr'>civitatem</span> <span class='ocrx_word' id='word_1_129' title='bbox 646 1156 940 1200; x_wconf 83' lang='lat' dir='ltr'>habitationis.</span> <span class='ocrx_word' id='word_1_130' title='bbox 968 1177 984 1196; x_wconf 88' lang='lat'>»</span> <span class='ocrx_word' id='word_1_131' title='bbox 1011 1155 1242 1209; x_wconf 89' lang='lat' dir='ltr'>Quomodo</span> <span class='ocrx_word' id='word_1_132' title='bbox 1263 1157 1471 1201; x_wconf 89' lang='lat' dir='ltr'>subvene-</span> 
     </span>
     <span class='ocr_line' id='line_1_15' title="bbox 89 1226 1477 1286; baseline 0 -15"><span class='ocrx_word' id='word_1_133' title='bbox 89 1227 146 1271; x_wconf 86' lang='lat' dir='ltr'>rit</span> <span class='ocrx_word' id='word_1_134' title='bbox 157 1226 261 1271; x_wconf 90' lang='lat' dir='ltr'>fami</span> <span class='ocrx_word' id='word_1_135' title='bbox 278 1236 322 1271; x_wconf 90' lang='lat' dir='ltr'>et</span> <span class='ocrx_word' id='word_1_136' title='bbox 337 1227 429 1283; x_wconf 89' lang='lat' dir='ltr'>siti,</span> <span class='ocrx_word' id='word_1_137' title='bbox 449 1226 648 1272; x_wconf 89' lang='lat' dir='ltr'>nondum</span> <span class='ocrx_word' id='word_1_138' title='bbox 662 1227 792 1281; x_wconf 87' lang='lat' dir='ltr'>dicit,</span> <span class='ocrx_word' id='word_1_139' title='bbox 813 1226 888 1270; x_wconf 88' lang='lat' dir='ltr'>sed</span> <span class='ocrx_word' id='word_1_140' title='bbox 905 1236 948 1270; x_wconf 91' lang='lat' dir='ltr'>et</span> <span class='ocrx_word' id='word_1_141' title='bbox 965 1227 1047 1271; x_wconf 89' lang='lat' dir='ltr'>hoc</span> <span class='ocrx_word' id='word_1_142' title='bbox 1065 1235 1302 1286; x_wconf 82' lang='lat' dir='ltr'>expectate.</span> <span class='ocrx_word' id='word_1_143' title='bbox 1325 1246 1345 1270; x_wconf 90' lang='lat'>«</span> <span class='ocrx_word' id='word_1_144' title='bbox 1363 1229 1477 1272; x_wconf 91' lang='lat' dir='ltr'>Con-</span> 
     </span>
     <span class='ocr_line' id='line_1_16' title="bbox 93 1296 1476 1357; baseline 0.003 -19"><span class='ocrx_word' id='word_1_145' title='bbox 93 1314 116 1338; x_wconf 83' lang='lat'>»</span> <span class='ocrx_word' id='word_1_146' title='bbox 150 1298 357 1342; x_wconf 86' lang='lat' dir='ltr'>fiteantur</span> <span class='ocrx_word' id='word_1_147' title='bbox 385 1297 572 1342; x_wconf 90' lang='lat' dir='ltr'>Domino</span> <span class='ocrx_word' id='word_1_148' title='bbox 599 1297 892 1342; x_wconf 88' lang='lat' dir='ltr'>miserationes</span> <span class='ocrx_word' id='word_1_149' title='bbox 925 1298 1037 1357; x_wconf 89' lang='lat' dir='ltr'>ejus,</span> <span class='ocrx_word' id='word_1_150' title='bbox 1074 1305 1117 1340; x_wconf 87' lang='lat' dir='ltr'>et</span> <span class='ocrx_word' id='word_1_151' title='bbox 1144 1296 1357 1341; x_wconf 86' lang='lat' dir='ltr'>mirabilia</span> <span class='ocrx_word' id='word_1_152' title='bbox 1384 1299 1476 1357; x_wconf 86' lang='lat' dir='ltr'>ejus</span> 
     </span>
     <span class='ocr_line' id='line_1_17' title="bbox 95 1367 1479 1426; baseline 0.002 -18"><span class='ocrx_word' id='word_1_153' title='bbox 95 1385 117 1408; x_wconf 91' lang='lat'>»</span> <span class='ocrx_word' id='word_1_154' title='bbox 151 1367 251 1411; x_wconf 88' lang='lat' dir='ltr'>filiis</span> <span class='ocrx_word' id='word_1_155' title='bbox 286 1367 532 1412; x_wconf 89' lang='lat' dir='ltr'>hominum.</span> <span class='ocrx_word' id='word_1_156' title='bbox 566 1367 706 1411; x_wconf 89' lang='lat' dir='ltr'>Dicite</span> <span class='ocrx_word' id='word_1_157' title='bbox 738 1367 901 1426; x_wconf 84' lang='lat' dir='ltr'>experti</span> <span class='ocrx_word' id='word_1_158' title='bbox 927 1367 1186 1426; x_wconf 83' lang='lat' dir='ltr'>inexpertis,</span> <span class='ocrx_word' id='word_1_159' title='bbox 1218 1368 1308 1426; x_wconf 86' lang='lat' dir='ltr'>jam</span> <span class='ocrx_word' id='word_1_160' title='bbox 1330 1367 1375 1410; x_wconf 90' lang='lat' dir='ltr'>in</span> <span class='ocrx_word' id='word_1_161' title='bbox 1408 1368 1479 1412; x_wconf 87' lang='lat' dir='ltr'>via</span> 
     </span>
     <span class='ocr_line' id='line_1_18' title="bbox 93 1436 1477 1498; baseline 0 -16"><span class='ocrx_word' id='word_1_162' title='bbox 93 1437 223 1498; x_wconf 87' lang='lat' dir='ltr'>positi</span> <span class='ocrx_word' id='word_1_163' title='bbox 245 1439 363 1498; x_wconf 84' lang='lat' dir='ltr'>,jam</span> <span class='ocrx_word' id='word_1_164' title='bbox 385 1437 441 1482; x_wconf 89' lang='lat' dir='ltr'>ad</span> <span class='ocrx_word' id='word_1_165' title='bbox 470 1438 689 1482; x_wconf 86' lang='lat' dir='ltr'>civitatem</span> <span class='ocrx_word' id='word_1_166' title='bbox 714 1436 1018 1481; x_wconf 89' lang='lat' dir='ltr'>inveniendam</span> <span class='ocrx_word' id='word_1_167' title='bbox 1042 1437 1216 1491; x_wconf 85' lang='lat' dir='ltr'>directi,</span> <span class='ocrx_word' id='word_1_168' title='bbox 1237 1439 1328 1496; x_wconf 85' lang='lat' dir='ltr'>jam</span> <span class='ocrx_word' id='word_1_169' title='bbox 1350 1438 1477 1482; x_wconf 87' lang='lat' dir='ltr'>deni-</span> 
     </span>
     <span class='ocr_line' id='line_1_19' title="bbox 94 1507 1476 1569; baseline 0 -16"><span class='ocrx_word' id='word_1_170' title='bbox 94 1524 221 1569; x_wconf 90' lang='lat' dir='ltr'>quea</span> <span class='ocrx_word' id='word_1_171' title='bbox 244 1507 359 1553; x_wconf 87' lang='lat' dir='ltr'>same</span> <span class='ocrx_word' id='word_1_172' title='bbox 384 1517 428 1552; x_wconf 89' lang='lat' dir='ltr'>et</span> <span class='ocrx_word' id='word_1_173' title='bbox 453 1509 521 1552; x_wconf 90' lang='lat' dir='ltr'>siti</span> <span class='ocrx_word' id='word_1_174' title='bbox 553 1508 725 1551; x_wconf 86' lang='lat' dir='ltr'>liberati</span> <span class='ocrx_word' id='word_1_175' title='bbox 751 1527 758 1551; x_wconf 90' lang='lat'>:</span> <span class='ocrx_word' id='word_1_176' title='bbox 794 1527 814 1548; x_wconf 87' lang='lat'>«</span> <span class='ocrx_word' id='word_1_177' title='bbox 847 1508 1062 1560; x_wconf 83' lang='lat' dir='ltr'>Quoniam</span> <span class='ocrx_word' id='word_1_178' title='bbox 1091 1508 1260 1552; x_wconf 80' lang='lat' dir='ltr'>satiavit</span> <span class='ocrx_word' id='word_1_179' title='bbox 1288 1509 1476 1553; x_wconf 84' lang='lat' dir='ltr'>animam</span> 
     </span>
     <span class='ocr_line' id='line_1_20' title="bbox 98 1577 1370 1636; baseline -0.001 -16"><span class='ocrx_word' id='word_1_180' title='bbox 98 1597 119 1621; x_wconf 89' lang='lat'>»</span> <span class='ocrx_word' id='word_1_181' title='bbox 153 1579 329 1623; x_wconf 90' lang='lat' dir='ltr'>inanem</span> <span class='ocrx_word' id='word_1_182' title='bbox 344 1613 355 1633; x_wconf 91' lang='lat'>‚</span> <span class='ocrx_word' id='word_1_183' title='bbox 381 1588 424 1623; x_wconf 88' lang='lat' dir='ltr'>et</span> <span class='ocrx_word' id='word_1_184' title='bbox 446 1578 632 1622; x_wconf 85' lang='lat' dir='ltr'>animam</span> <span class='ocrx_word' id='word_1_185' title='bbox 655 1578 913 1621; x_wconf 81' lang='lat' dir='ltr'>esurientem</span> <span class='ocrx_word' id='word_1_186' title='bbox 940 1577 1136 1636; x_wconf 85' lang='lat' dir='ltr'>implevit</span> <span class='ocrx_word' id='word_1_187' title='bbox 1152 1577 1276 1622; x_wconf 86' lang='lat' dir='ltr'>bonis</span> <span class='ocrx_word' id='word_1_188' title='bbox 1291 1582 1322 1622; x_wconf 75' lang='lat'>².</span> <span class='ocrx_word' id='word_1_189' title='bbox 1352 1598 1370 1620; x_wconf 68' lang='grc' dir='ltr'>η</span> 
     </span>
     <span class='ocr_line' id='line_1_21' title="bbox 153 1648 1480 1710; baseline 0.002 -16"><span class='ocrx_word' id='word_1_190' title='bbox 153 1652 211 1694; x_wconf 83' lang='grc' dir='ltr'>Χ.</span> <span class='ocrx_word' id='word_1_191' title='bbox 241 1649 345 1694; x_wconf 87' lang='lat' dir='ltr'>Vive</span> <span class='ocrx_word' id='word_1_192' title='bbox 371 1664 473 1708; x_wconf 82' lang='lat' dir='ltr'>ergo</span> <span class='ocrx_word' id='word_1_193' title='bbox 497 1649 608 1692; x_wconf 86' lang='lat' dir='ltr'>bene</span> <span class='ocrx_word' id='word_1_194' title='bbox 623 1684 633 1697; x_wconf 89' lang='grc'>,</span> <span class='ocrx_word' id='word_1_195' title='bbox 660 1650 748 1708; x_wconf 83' lang='lat' dir='ltr'>jam</span> <span class='ocrx_word' id='word_1_196' title='bbox 770 1648 815 1692; x_wconf 91' lang='lat' dir='ltr'>in</span> <span class='ocrx_word' id='word_1_197' title='bbox 836 1649 904 1692; x_wconf 84' lang='lat' dir='ltr'>via</span> <span class='ocrx_word' id='word_1_198' title='bbox 926 1650 1089 1707; x_wconf 84' lang='lat' dir='ltr'>positus</span> <span class='ocrx_word' id='word_1_199' title='bbox 1111 1665 1176 1704; x_wconf 88' lang='lat' dir='ltr'>es,</span> <span class='ocrx_word' id='word_1_200' title='bbox 1196 1651 1284 1710; x_wconf 86' lang='lat' dir='ltr'>jam</span> <span class='ocrx_word' id='word_1_201' title='bbox 1321 1651 1480 1697; x_wconf 88' lang='lat' dir='ltr'>audisti</span> 
     </span>
     <span class='ocr_line' id='line_1_22' title="bbox 77 1717 1481 1783; baseline 0.002 -20"><span class='ocrx_word' id='word_1_202' title='bbox 77 1760 79 1762; x_wconf 84' lang='lat'>.</span> <span class='ocrx_word' id='word_1_203' title='bbox 97 1718 206 1780; x_wconf 90' lang='lat' dir='ltr'>quid</span> <span class='ocrx_word' id='word_1_204' title='bbox 227 1734 351 1778; x_wconf 86' lang='lat' dir='ltr'>agere</span> <span class='ocrx_word' id='word_1_205' title='bbox 373 1718 554 1773; x_wconf 86' lang='lat' dir='ltr'>debeas,</span> <span class='ocrx_word' id='word_1_206' title='bbox 570 1717 676 1778; x_wconf 83' lang='lat' dir='ltr'>quid</span> <span class='ocrx_word' id='word_1_207' title='bbox 687 1733 871 1777; x_wconf 86' lang='lat' dir='ltr'>sperare.</span> <span class='ocrx_word' id='word_1_208' title='bbox 893 1717 1008 1770; x_wconf 85' lang='lat' dir='ltr'>Quid</span> <span class='ocrx_word' id='word_1_209' title='bbox 1026 1719 1145 1763; x_wconf 89' lang='lat' dir='ltr'>aliud</span> <span class='ocrx_word' id='word_1_210' title='bbox 1167 1721 1326 1780; x_wconf 74' lang='lat' dir='ltr'>excipit</span> <span class='ocrx_word' id='word_1_211' title='bbox 1341 1757 1351 1776; x_wconf 92' lang='lat'>,</span> <span class='ocrx_word' id='word_1_212' title='bbox 1373 1738 1481 1783; x_wconf 90' lang='lat' dir='ltr'>quo-</span> 
     </span>
     <span class='ocr_line' id='line_1_23' title="bbox 97 1788 1480 1848; baseline 0.002 -14"><span class='ocrx_word' id='word_1_213' title='bbox 97 1791 214 1834; x_wconf 88' lang='lat' dir='ltr'>niam</span> <span class='ocrx_word' id='word_1_214' title='bbox 227 1789 394 1834; x_wconf 89' lang='lat' dir='ltr'>conaris</span> <span class='ocrx_word' id='word_1_215' title='bbox 418 1798 460 1832; x_wconf 91' lang='lat' dir='ltr'>et</span> <span class='ocrx_word' id='word_1_216' title='bbox 475 1789 718 1848; x_wconf 80' lang='lat' dir='ltr'>superaris?</span> <span class='ocrx_word' id='word_1_217' title='bbox 735 1807 754 1829; x_wconf 92' lang='lat'>«</span> <span class='ocrx_word' id='word_1_218' title='bbox 777 1788 982 1832; x_wconf 87' lang='lat' dir='ltr'>Sedentes</span> <span class='ocrx_word' id='word_1_219' title='bbox 998 1788 1043 1832; x_wconf 91' lang='lat' dir='ltr'>in</span> <span class='ocrx_word' id='word_1_220' title='bbox 1055 1790 1243 1834; x_wconf 89' lang='lat' dir='ltr'>tenebris</span> <span class='ocrx_word' id='word_1_221' title='bbox 1262 1801 1304 1835; x_wconf 89' lang='lat' dir='ltr'>et</span> <span class='ocrx_word' id='word_1_222' title='bbox 1325 1793 1369 1836; x_wconf 90' lang='lat' dir='ltr'>in</span> <span class='ocrx_word' id='word_1_223' title='bbox 1388 1809 1480 1837; x_wconf 87' lang='lat' dir='ltr'>um-</span> 
     </span>
     <span class='ocr_line' id='line_1_24' title="bbox 101 1857 1478 1917; baseline 0.004 -15"><span class='ocrx_word' id='word_1_224' title='bbox 101 1878 123 1902; x_wconf 86' lang='lat'>»</span> <span class='ocrx_word' id='word_1_225' title='bbox 141 1861 218 1904; x_wconf 89' lang='lat' dir='ltr'>bra</span> <span class='ocrx_word' id='word_1_226' title='bbox 233 1860 382 1904; x_wconf 87' lang='lat' dir='ltr'>mortis</span> <span class='ocrx_word' id='word_1_227' title='bbox 398 1894 408 1913; x_wconf 94' lang='lat'>,</span> <span class='ocrx_word' id='word_1_228' title='bbox 423 1857 692 1917; x_wconf 86' lang='lat' dir='ltr'>compeditos</span> <span class='ocrx_word' id='word_1_229' title='bbox 708 1858 776 1912; x_wconf 90' lang='lat' dir='ltr'>,in</span> <span class='ocrx_word' id='word_1_230' title='bbox 788 1858 1068 1903; x_wconf 88' lang='lat' dir='ltr'>mendicitate</span> <span class='ocrx_word' id='word_1_231' title='bbox 1082 1869 1125 1904; x_wconf 90' lang='lat' dir='ltr'>et</span> <span class='ocrx_word' id='word_1_232' title='bbox 1136 1861 1292 1905; x_wconf 46' lang='lat' dir='ltr'>ferro?</span> <span class='ocrx_word' id='word_1_233' title='bbox 1311 1881 1330 1903; x_wconf 96' lang='lat'>»</span> <span class='ocrx_word' id='word_1_234' title='bbox 1353 1863 1478 1908; x_wconf 85' lang='lat' dir='ltr'>Unde</span> 
     </span>
     <span class='ocr_line' id='line_1_25' title="bbox 97 1929 1476 1991; baseline 0.002 -16"><span class='ocrx_word' id='word_1_235' title='bbox 97 1931 199 1985; x_wconf 81' lang='lat' dir='ltr'>hoc,</span> <span class='ocrx_word' id='word_1_236' title='bbox 217 1931 297 1974; x_wconf 91' lang='lat' dir='ltr'>nisi</span> <span class='ocrx_word' id='word_1_237' title='bbox 318 1930 421 1990; x_wconf 89' lang='lat' dir='ltr'>quia</span> <span class='ocrx_word' id='word_1_238' title='bbox 442 1929 523 1973; x_wconf 91' lang='lat' dir='ltr'>tibi</span> <span class='ocrx_word' id='word_1_239' title='bbox 545 1929 785 1983; x_wconf 83' lang='lat' dir='ltr'>tribuebas,</span> <span class='ocrx_word' id='word_1_240' title='bbox 803 1929 904 1988; x_wconf 89' lang='lat' dir='ltr'>quia</span> <span class='ocrx_word' id='word_1_241' title='bbox 919 1930 1098 1987; x_wconf 78' lang='lat' dir='ltr'>gratiam</span> <span class='ocrx_word' id='word_1_242' title='bbox 1114 1931 1191 1975; x_wconf 85' lang='lat' dir='ltr'>Dei</span> <span class='ocrx_word' id='word_1_243' title='bbox 1214 1948 1303 1976; x_wconf 90' lang='lat' dir='ltr'>non</span> <span class='ocrx_word' id='word_1_244' title='bbox 1326 1948 1476 1991; x_wconf 83' lang='lat' dir='ltr'>agnos-</span> 
     </span>
     <span class='ocr_line' id='line_1_26' title="bbox 99 2000 1481 2062; baseline 0.003 -16"><span class='ocrx_word' id='word_1_245' title='bbox 99 2002 224 2046; x_wconf 87' lang='lat' dir='ltr'>cebas</span> <span class='ocrx_word' id='word_1_246' title='bbox 247 2037 259 2057; x_wconf 87' lang='lat'>,</span> <span class='ocrx_word' id='word_1_247' title='bbox 281 2002 384 2062; x_wconf 87' lang='lat' dir='ltr'>quia</span> <span class='ocrx_word' id='word_1_248' title='bbox 404 2000 631 2045; x_wconf 87' lang='lat' dir='ltr'>consilium</span> <span class='ocrx_word' id='word_1_249' title='bbox 651 2000 824 2044; x_wconf 90' lang='lat' dir='ltr'>Domini</span> <span class='ocrx_word' id='word_1_250' title='bbox 852 2001 962 2045; x_wconf 86' lang='lat' dir='ltr'>circa</span> <span class='ocrx_word' id='word_1_251' title='bbox 987 2010 1029 2044; x_wconf 88' lang='lat' dir='ltr'>te</span> <span class='ocrx_word' id='word_1_252' title='bbox 1057 2003 1315 2062; x_wconf 85' lang='lat' dir='ltr'>reprobabas</span> <span class='ocrx_word' id='word_1_253' title='bbox 1333 2006 1350 2047; x_wconf 79' lang='lat'>⁶?</span> <span class='ocrx_word' id='word_1_254' title='bbox 1372 2008 1481 2050; x_wconf 80' lang='lat' dir='ltr'>Nam</span> 
     </span>
     <span class='ocr_line' id='line_1_27' title="bbox 99 2070 1480 2136; baseline 0.003 -20"><span class='ocrx_word' id='word_1_255' title='bbox 99 2071 199 2117; x_wconf 87' lang='lat' dir='ltr'>vide</span> <span class='ocrx_word' id='word_1_256' title='bbox 221 2072 329 2132; x_wconf 90' lang='lat' dir='ltr'>quid</span> <span class='ocrx_word' id='word_1_257' title='bbox 346 2072 553 2130; x_wconf 68' lang='lat' dir='ltr'>adjungat</span> <span class='ocrx_word' id='word_1_258' title='bbox 574 2090 582 2115; x_wconf 80' lang='lat' dir='ltr'><em>z</em></span> <span class='ocrx_word' id='word_1_259' title='bbox 612 2090 631 2111; x_wconf 87' lang='lat'>«</span> <span class='ocrx_word' id='word_1_260' title='bbox 652 2070 867 2123; x_wconf 88' lang='lat' dir='ltr'>Quoniam</span> <span class='ocrx_word' id='word_1_261' title='bbox 895 2071 1287 2118; x_wconf 86' lang='lat' dir='ltr'>inamaricaverunt</span> <span class='ocrx_word' id='word_1_262' title='bbox 1308 2075 1480 2136; x_wconf 87' lang='lat' dir='ltr'>eloquia</span> 
     </span>
     <span class='ocr_line' id='line_1_28' title="bbox 103 2140 1477 2201; baseline 0.004 -17"><span class='ocrx_word' id='word_1_263' title='bbox 103 2161 125 2184; x_wconf 86' lang='lat'>»</span> <span class='ocrx_word' id='word_1_264' title='bbox 159 2142 335 2187; x_wconf 87' lang='lat' dir='ltr'>Domini</span> <span class='ocrx_word' id='word_1_265' title='bbox 361 2161 370 2186; x_wconf 88' lang='lat'>:</span> <span class='ocrx_word' id='word_1_266' title='bbox 388 2160 408 2183; x_wconf 76' lang='lat'>)›</span> <span class='ocrx_word' id='word_1_267' title='bbox 425 2157 503 2201; x_wconf 89' lang='lat' dir='ltr'>per</span> <span class='ocrx_word' id='word_1_268' title='bbox 519 2140 788 2200; x_wconf 84' lang='lat' dir='ltr'>superbiam,</span> <span class='ocrx_word' id='word_1_269' title='bbox 804 2140 1015 2200; x_wconf 85' lang='lat' dir='ltr'>justitiam</span> <span class='ocrx_word' id='word_1_270' title='bbox 1031 2143 1203 2186; x_wconf 90' lang='lat' dir='ltr'>Domini</span> <span class='ocrx_word' id='word_1_271' title='bbox 1222 2145 1477 2201; x_wconf 88' lang='lat' dir='ltr'>nescientes,</span> 
     </span>
     <span class='ocr_line' id='line_1_29' title="bbox 102 2211 1479 2260; baseline 0.001 -2"><span class='ocrx_word' id='word_1_272' title='bbox 102 2223 147 2258; x_wconf 89' lang='lat' dir='ltr'>et</span> <span class='ocrx_word' id='word_1_273' title='bbox 177 2228 299 2257; x_wconf 87' lang='lat' dir='ltr'>suam</span> <span class='ocrx_word' id='word_1_274' title='bbox 313 2211 507 2256; x_wconf 89' lang='lat' dir='ltr'>volentes</span> <span class='ocrx_word' id='word_1_275' title='bbox 535 2211 796 2256; x_wconf 77' lang='lat' dir='ltr'>constituere</span> <span class='ocrx_word' id='word_1_276' title='bbox 812 2212 842 2254; x_wconf 73' lang='lat'>4.</span> <span class='ocrx_word' id='word_1_277' title='bbox 879 2230 899 2252; x_wconf 93' lang='lat'>«</span> <span class='ocrx_word' id='word_1_278' title='bbox 933 2214 990 2256; x_wconf 89' lang='lat' dir='ltr'>Et</span> <span class='ocrx_word' id='word_1_279' title='bbox 1021 2212 1250 2257; x_wconf 87' lang='lat' dir='ltr'>consilium</span> <span class='ocrx_word' id='word_1_280' title='bbox 1268 2214 1479 2260; x_wconf 87' lang='lat' dir='ltr'>Altissimi</span> 
     </span>
     <span class='ocr_line' id='line_1_30' title="bbox 105 2281 1482 2332; baseline 0.005 -7"><span class='ocrx_word' id='word_1_281' title='bbox 105 2303 126 2326; x_wconf 89' lang='lat'>»</span> <span class='ocrx_word' id='word_1_282' title='bbox 162 2283 542 2328; x_wconf 83' lang='lat' dir='ltr'>exacerbaverunt.</span> <span class='ocrx_word' id='word_1_283' title='bbox 565 2286 622 2326; x_wconf 85' lang='lat' dir='ltr'>Et</span> <span class='ocrx_word' id='word_1_284' title='bbox 655 2281 932 2326; x_wconf 71' lang='lat' dir='ltr'>humiliatum</span> <span class='ocrx_word' id='word_1_285' title='bbox 963 2292 1027 2326; x_wconf 89' lang='lat' dir='ltr'>est</span> <span class='ocrx_word' id='word_1_286' title='bbox 1070 2283 1114 2327; x_wconf 86' lang='lat' dir='ltr'>in</span> <span class='ocrx_word' id='word_1_287' title='bbox 1152 2283 1376 2330; x_wconf 87' lang='lat' dir='ltr'>laboribus</span> <span class='ocrx_word' id='word_1_288' title='bbox 1409 2302 1482 2332; x_wconf 89' lang='lat' dir='ltr'>cor</span> 
     </span>
     <span class='ocr_line' id='line_1_31' title="bbox 105 2354 1485 2413; baseline 0.005 -17"><span class='ocrx_word' id='word_1_289' title='bbox 105 2374 126 2397; x_wconf 87' lang='lat'>»</span> <span class='ocrx_word' id='word_1_290' title='bbox 162 2369 314 2399; x_wconf 91' lang='lat' dir='ltr'>eorum</span> <span class='ocrx_word' id='word_1_291' title='bbox 327 2355 357 2397; x_wconf 85' lang='lat'>⁵.</span> <span class='ocrx_word' id='word_1_292' title='bbox 388 2372 408 2395; x_wconf 90' lang='lat'>»</span> <span class='ocrx_word' id='word_1_293' title='bbox 428 2356 483 2397; x_wconf 91' lang='lat' dir='ltr'>Et</span> <span class='ocrx_word' id='word_1_294' title='bbox 504 2369 622 2397; x_wconf 88' lang='lat' dir='ltr'>nunc</span> <span class='ocrx_word' id='word_1_295' title='bbox 642 2369 787 2412; x_wconf 77' lang='lat' dir='ltr'>pugna</span> <span class='ocrx_word' id='word_1_296' title='bbox 806 2362 955 2397; x_wconf 81' lang='lat' dir='ltr'>contra</span> <span class='ocrx_word' id='word_1_297' title='bbox 968 2354 1377 2413; x_wconf 83' lang='lat' dir='ltr'>concupiscentiam.</span> <span class='ocrx_word' id='word_1_298' title='bbox 1396 2361 1485 2403; x_wconf 89' lang='lat' dir='ltr'>Deo</span> 
     </span>
     <span class='ocr_line' id='line_1_32' title="bbox 102 2424 1475 2486; baseline 0.004 -17"><span class='ocrx_word' id='word_1_299' title='bbox 102 2425 332 2470; x_wconf 90' lang='lat' dir='ltr'>desistente</span> <span class='ocrx_word' id='word_1_300' title='bbox 350 2424 403 2468; x_wconf 90' lang='lat' dir='ltr'>ab</span> <span class='ocrx_word' id='word_1_301' title='bbox 416 2424 630 2484; x_wconf 86' lang='lat' dir='ltr'>adjutorio</span> <span class='ocrx_word' id='word_1_302' title='bbox 644 2459 655 2478; x_wconf 94' lang='lat'>,</span> <span class='ocrx_word' id='word_1_303' title='bbox 676 2424 870 2468; x_wconf 85' lang='lat' dir='ltr'>laborare</span> <span class='ocrx_word' id='word_1_304' title='bbox 882 2433 1002 2483; x_wconf 86' lang='lat' dir='ltr'>potes</span> <span class='ocrx_word' id='word_1_305' title='bbox 1014 2460 1025 2478; x_wconf 92' lang='lat'>,</span> <span class='ocrx_word' id='word_1_306' title='bbox 1040 2425 1211 2470; x_wconf 87' lang='lat' dir='ltr'>vincere</span> <span class='ocrx_word' id='word_1_307' title='bbox 1224 2442 1313 2470; x_wconf 91' lang='lat' dir='ltr'>non</span> <span class='ocrx_word' id='word_1_308' title='bbox 1336 2438 1475 2486; x_wconf 85' lang='lat' dir='ltr'>potes.</span> 
     </span>
     <span class='ocr_line' id='line_1_33' title="bbox 102 2493 1480 2554; baseline 0.003 -14"><span class='ocrx_word' id='word_1_309' title='bbox 102 2498 159 2540; x_wconf 89' lang='lat' dir='ltr'>Et</span> <span class='ocrx_word' id='word_1_310' title='bbox 180 2511 281 2540; x_wconf 88' lang='lat' dir='ltr'>cum</span> <span class='ocrx_word' id='word_1_311' title='bbox 302 2494 431 2539; x_wconf 87' lang='lat' dir='ltr'>fueris</span> <span class='ocrx_word' id='word_1_312' title='bbox 459 2509 627 2554; x_wconf 89' lang='lat' dir='ltr'>pressus</span> <span class='ocrx_word' id='word_1_313' title='bbox 649 2493 965 2538; x_wconf 87' lang='lat' dir='ltr'>consuetudine</span> <span class='ocrx_word' id='word_1_314' title='bbox 987 2504 1063 2539; x_wconf 88' lang='lat' dir='ltr'>tua</span> <span class='ocrx_word' id='word_1_315' title='bbox 1083 2511 1238 2554; x_wconf 90' lang='lat' dir='ltr'>prava,</span> <span class='ocrx_word' id='word_1_316' title='bbox 1270 2497 1480 2544; x_wconf 89' lang='lat' dir='ltr'>humilia-</span> 
     </span>
    </p>
   </div>
   <div class='ocr_carea' id='block_1_3' title="bbox 145 2577 1481 2678">
    <p class='ocr_par' dir='ltr' id='par_1_3' title="bbox 145 2577 1481 2678">
     <span class='ocr_line' id='line_1_34' title="bbox 145 2577 1481 2624; baseline 0.004 -11"><span class='ocrx_word' id='word_1_317' title='bbox 145 2579 445 2622; x_wconf 79' lang='lat' dir='ltr'>¹Psa1.cv1,4,5.—</span> <span class='ocrx_word' id='word_1_318' title='bbox 457 2577 1082 2622; x_wconf 67' lang='lat' dir='ltr'>²1bid.6-9.—31bid.10.—-41{0m.x,</span> <span class='ocrx_word' id='word_1_319' title='bbox 1093 2580 1280 2615; x_wconf 70' lang='lat' dir='ltr'>3.—·5Psal.</span> <span class='ocrx_word' id='word_1_320' title='bbox 1292 2594 1358 2624; x_wconf 81' lang='lat' dir='ltr'>cvr,</span> <span class='ocrx_word' id='word_1_321' title='bbox 1372 2596 1384 2618; x_wconf 88' lang='lat'>1</span> <span class='ocrx_word' id='word_1_322' title='bbox 1394 2595 1481 2623; x_wconf 89' lang='lat'>1,12.</span> 
     </span>
     <span class='ocr_line' id='line_1_35' title="bbox 1264 2638 1324 2678; baseline 0.033 -2"><span class='ocrx_word' id='word_1_323' title='bbox 1264 2638 1324 2678; x_wconf 80' lang='lat'>16.</span> 
     </span>
    </p>
   </div>
  </div>
 </body>
</html>
