1848 3261
477 228 716 260 ENARRATm
748 231 793 260 m
825 228 1028 260 PsALMUM
1058 234 1124 261 cv.
1392 224 1472 262 221

97 296 285 354 Abyssos
306 295 414 340 dixit
441 295 766 342 multitudinem
794 312 1021 357 aquarum.
1049 299 1159 343 Nam
1187 299 1366 358 quidam
1400 314 1480 344 vo-

96 366 234 411 lentes
248 366 380 411 istum
399 366 663 412 versiculum
679 376 821 412 totum
838 367 1128 427 interpretari,
1145 367 1370 414 dixerunt:
1395 372 1484 414 «Et

99 452 121 478 »
155 435 306 480 eduxit
327 452 398 481 eos
418 437 465 481 in
488 438 611 498 aquis
633 436 795 482 multis.
814 437 966 490 »Quid
987 447 1051 482 est
1067 453 1169 497 ergo
1188 457 1198 483 :
1219 457 1239 480 «
1257 441 1308 482 In
1322 439 1484 496 abyssis

98 525 119 549 »
154 507 265 552 sicut
286 507 332 552 in
354 507 545 564 deserto,
567 526 587 550 ³>
614 509 695 553 nisi
714 509 814 569 quia
842 507 1008 553 factum
1030 518 1122 555 erat
1152 510 1342 555 siccitate
1365 509 1487 555 velut

96 577 315 623 desertum
329 614 340 635 ,
356 580 434 623 ubi
451 578 625 624 fuerant
649 580 791 638 abyssi
811 581 1053 640 aquarum?

152 651 208 693 X.
228 668 248 692 «
263 652 321 694 Et
332 649 510 695 salvavit
527 666 599 695 eos
615 649 670 694 de
689 665 825 695 manu
845 650 1104 696 odientium.
1122 670 1142 694 »
1159 654 1288 698 Hunc
1304 668 1475 699 versum

94 734 171 780 per
182 719 412 765 circuitum
429 720 607 780 quidam
619 721 890 781 interpretati
905 731 1023 778 sunt,
1040 724 1172 768 verba
1186 724 1330 769 minus
1343 724 1476 770 latina

93 792 301 837 vitantes:
321 810 342 834 (ι
360 794 418 836 Et
434 791 572 837 salvos
586 791 690 837 fecit
711 809 783 838 eos
798 794 852 837 de
869 809 1003 838 manu
1026 810 1176 839 eorum
1198 796 1274 856 qui
1295 795 1477 841 oderant

96 880 117 903 n
151 878 238 907 eos.
259 865 316 906 Et
336 862 520 906 redemit
541 878 612 907 eos
633 863 687 907 de
708 879 842 908 manu
861 864 1066 909 inimici1.
1089 883 1109 906 υ
1127 866 1242 919 Quid
1261 868 1386 926 pretii
1404 867 1477 911 da-

92 942 188 978 tum
216 941 279 977 est
305 934 351 977 in
372 934 453 978 hac
479 933 810 994 redemptione?
836 938 906 980 An
927 936 1155 996 prophetia
1177 946 1262 993 est,
1288 937 1408 998 quod
1430 938 1476 983 in

91 1005 229 1064 figura
252 1004 456 1064 baptismi
478 1005 561 1049 hoc
582 1004 749 1050 factum
774 1015 863 1062 est,
886 1007 963 1050 ubi
992 1007 1247 1051 redimimur
1268 1007 1322 1052 de
1342 1025 1476 1053 manu

91 1074 253 1120 diaboli
270 1090 426 1133 magno
444 1076 604 1135 pretio,
625 1075 744 1135 quod
758 1077 930 1134 sanguis
950 1085 1013 1120 est
1030 1077 1219 1121 Christi?
1241 1078 1363 1123 Unde
1385 1095 1475 1123 non

90 1161 369 1206 quocumque
386 1146 509 1200 mari,
530 1145 605 1189 sed
623 1146 732 1189 mari
745 1146 894 1191 Rubro
912 1146 958 1190 id
975 1148 1303 1193 convenientius
1320 1149 1475 1208 figura-

90 1225 183 1260 tum
200 1225 289 1261 est:
315 1216 489 1274 sanguis
507 1217 621 1259 enim
643 1215 827 1260 rubrum
849 1216 1039 1261 colorem
1057 1217 1204 1262 habet.

147 1289 226 1331 XI.
253 1306 272 1329 «
293 1289 349 1331 Et
371 1287 544 1346 operuit
565 1302 677 1347 aqua
697 1287 954 1332 tribulantes
977 1303 1070 1341 eos,
1092 1305 1205 1333 unus
1228 1305 1278 1333 ex
1308 1290 1365 1334 eis
1384 1306 1474 1336 non

93 1376 113 1398 »
149 1357 377 1401 remansit·Z
397 1376 405 1402 :
432 1376 451 1398 n
473 1373 563 1401 non
585 1373 635 1401 ex
657 1358 859 1402 omnibus
883 1359 1100 1418 AEgyptiis
1116 1395 1127 1415 ,
1149 1360 1223 1404 sed
1246 1377 1297 1404 ex
1314 1362 1372 1406 eis
1396 1362 1473 1422 qui

88 1428 463 1489 persequebantur
487 1427 731 1488 profectos,
766 1429 1092 1489 apprehendere
1123 1431 1194 1475 vel
1225 1431 1472 1477 interimere

88 1500 327 1558 cupientes.

146 1573 250 1615 XII.
276 1589 293 1610 «
320 1573 376 1614 Et
398 1568 679 1615 crediderunt
699 1570 744 1614 in
762 1571 905 1615 verbis
927 1571 1033 1631 ejus.
1058 1589 1078 1613 »
1104 1573 1248 1617 Minus
1265 1572 1396 1619 latina
1414 1575 1473 1620 vi-

89 1641 217 1685 detur
239 1641 419 1696 locutio,
444 1641 545 1701 quia
567 1656 657 1685 non
679 1640 738 1685 ait
758 1641 900 1686 verbis
919 1643 1025 1702 ejus,
1049 1642 1119 1688 vel
1141 1645 1186 1688 in
1209 1645 1341 1689 verba
1363 1647 1468 1706 ejus,

87 1712 184 1768 sed,
207 1732 227 1754 «
244 1716 296 1756 In
316 1712 459 1758 verbis
477 1713 588 1772 ejus,
614 1730 635 1753 ³)
655 1721 801 1757 tamen
819 1714 1047 1773 Scripturis
1070 1715 1358 1761 usitatissima.
1376 1736 1396 1759 n
1416 1721 1473 1762 Et

90 1802 111 1825 »
145 1783 435 1828 laudaverunt
451 1783 628 1827 laudem
645 1784 776 1843 ejus³.
794 1802 813 1825 »
832 1784 953 1828 Tales
967 1794 1069 1830 sunt
1088 1785 1344 1844 locutiones,
1371 1804 1472 1833 cum

88 1854 291 1899 dicimus:
308 1856 432 1898 Hanc
453 1853 704 1897 servitutem
717 1854 904 1909 servivit,
919 1854 1051 1899 talem
1063 1856 1197 1900 vitam
1217 1858 1334 1902 vixit.
1355 1862 1473 1903 Lau-

88 1924 189 1969 dem
206 1939 336 1984 porro
356 1924 430 1968 Dei
447 1924 715 1968 notissimam
726 1922 845 1968 illam
861 1936 1185 1982 commemorat,
1202 1927 1468 1974 ubidicitur:

91 2014 111 2037 «
125 1997 361 2041 Cantemus
369 1994 570 2049 Domino,
584 1994 764 2052 gloriose
775 1995 891 2039 euim
903 1997 1202 2055 magnificatus
1214 2007 1277 2043 est
1290 2014 1473 2060 :equum

90 2085 110 2108 »
127 2076 169 2111 et
191 2066 382 2126 equitem
405 2066 586 2126 projecit
607 2065 653 2109 in
675 2081 792 2110 mare
807 2068 838 2110 ⁴.
861 2085 881 2108 )›

145 2141 271 2182 XIII.
307 2157 327 2180 «
354 2138 450 2183 Cito
472 2137 671 2182 fecerunt
687 2173 697 2193 ‚
728 2137 856 2183 obliti
882 2149 983 2185 sunt
1005 2155 1186 2201 operum
1211 2143 1316 2202 ejus.
1342 2161 1361 2184 »
1387 2142 1473 2187 Alii

87 2208 256 2254 codices
278 2208 594 2267 intelligibilius
608 2209 793 2254 babent:
820 2228 836 2249 «
856 2210 1205 2267 Festinaverunt‚
1232 2213 1355 2257 obliti
1373 2222 1475 2258 sunt

90 2298 111 2322 n
147 2295 328 2339 operum
351 2281 442 2340 ejus
465 2299 474 2324 :
505 2295 594 2324 nou
616 2280 914 2325 sustinuerunt
931 2282 1160 2327 consilium
1185 2286 1273 2345 ejus
1289 2286 1320 2327 5.
1343 2302 1362 2324 »
1389 2287 1473 2328 De-

86 2352 278 2395 buerunt
299 2351 415 2394 enim
437 2351 626 2410 cogitare
650 2359 769 2395 tanta
793 2367 891 2410 erga
913 2368 957 2397 se
988 2369 1119 2413 opera
1153 2355 1231 2398 Dei
1263 2370 1352 2399 non
1384 2370 1472 2399 esse

86 2422 253 2476 inania,
280 2420 353 2465 sed
375 2437 530 2466 vocare
554 2422 608 2465 ad
631 2422 821 2482 aliquam
844 2422 934 2466 sine
962 2424 1048 2468 fine
1070 2424 1342 2480 felicitatem,
1374 2440 1472 2484 quae

135 2525 143 2541 ¹
162 2517 240 2551 Psal.
257 2528 304 2560 cv,
328 2528 376 2550 xo.
397 2534 438 2541 —
456 2524 469 2541 ²
488 2518 570 2550 Ibid.
597 2529 647 2551 11.
671 2535 711 2541 --
739 2517 856 2551 ³1bid.
886 2527 936 2552 12.
957 2536 998 2542 —
1017 2518 1031 2551 4
1049 2520 1149 2553 Exod.
1172 2531 1225 2562 xv,
1249 2532 1276 2553 1.
1295 2537 1337 2544 —
1355 2519 1370 2544 5
1387 2522 1466 2553 Psal.

87 2586 136 2617 cv,
161 2575 212 2607 13.
