1848 3261
420 206 474 244 92
855 219 887 246 S.
924 214 1155 246 AUGUSTINI
1188 219 1368 247 EPISCOPI

415 290 547 325 tatem
561 282 692 341 ipsius
711 317 721 338 ‚
748 298 822 327 vos
836 318 846 338 ‚
866 298 942 327 vos
963 282 1206 327 benedicite
1231 284 1481 329 Dominum.
1508 286 1668 329 Omnes
1686 285 1801 329 enim

415 352 526 397 male
546 354 760 409 viventes,
787 355 865 398 etsi
885 353 1033 411 lingua
1076 364 1274 410 taceant,
1298 357 1386 399 vita
1409 357 1593 401 Domino
1618 356 1802 401 maledi-

415 423 535 467 cunt.
563 424 678 477 Quid
701 424 876 484 prodest
898 425 1002 484 quia
1033 425 1250 482 hymnum
1281 435 1427 470 cantat
1457 425 1607 485 lingua
1644 436 1744 480 tua,
1769 427 1805 471 si

413 494 682 552 sacrilegium
706 495 876 538 exhalat
893 495 980 538 vita
1004 497 1106 539 tua?
1131 495 1244 539 Male
1262 495 1448 540 vivendo
1462 497 1619 540 multas
1635 497 1804 556 linguas

412 564 562 608 misisti
584 565 630 608 in
652 565 983 624 blasphemiam.
1006 565 1175 624 Lingua
1200 574 1274 610 tua
1291 575 1416 610 vacat
1438 567 1605 624 hymno
1622 602 1633 621 ‚
1659 576 1702 610 et
1716 582 1801 610 eae-

410 644 513 679 terae
539 645 578 679 te
600 636 865 680 intuentium
882 646 1039 680 vacant
1061 637 1358 696 blasphemiis.
1389 637 1431 682 Si
1459 652 1561 695 ergo
1579 638 1643 681 vis
1666 637 1803 681 bene-

413 705 556 750 dicere
579 707 843 761 Dominum,
870 707 939 751 fac
960 707 1144 751 verbum
1167 709 1258 767 ejus
1273 742 1283 762 ,
1307 707 1376 752 sac
1397 706 1671 752 voluntatem
1694 709 1800 768 ejus.

414 779 465 820 In
490 787 611 836 petra
635 778 827 834 aedifica,
852 777 943 823 noli
972 779 1018 822 in
1039 794 1182 823 arena.
1211 778 1375 823 Audire
1397 789 1440 824 et
1459 795 1549 824 non
1568 778 1731 834 facere,
1757 779 1804 823 in

411 862 539 891 arena
558 847 771 892 aedificare
788 858 851 892 est
872 868 880 893 ε
914 848 1063 892 andire
1085 858 1127 892 et
1157 848 1298 893 faeere
1319 884 1329 904 ‚
1359 849 1404 893 in
1439 859 1560 910 petra
1589 848 1804 894 aedificare

412 926 475 961 est
503 937 510 961 :
528 933 608 962 nec
630 918 778 963 audire
793 954 804 974 ,
829 935 908 964 nec
924 918 1086 974 facere,
1103 918 1211 963 nihil
1226 920 1441 964 aedificare
1454 930 1532 965 est.
1554 920 1595 964 Si
1612 920 1656 963 in
1675 934 1803 964 arena

413 987 621 1041 aedifieas,
660 989 828 1033 ruinam
864 989 1050 1034 aedificas
1086 1009 1094 1033 z
1131 990 1164 1034 si
1197 990 1305 1034 nihil
1339 990 1556 1045 aedificas,
1583 990 1804 1049 expositus

411 1058 572 1118 pluviae
588 1095 598 1115 ‚
620 1060 873 1104 fluminibus
890 1095 900 1115 ‚
921 1061 1059 1104 ventis
1079 1095 1090 1116 ,
1118 1071 1217 1106 ante
1238 1061 1419 1121 rapieris'
1439 1078 1571 1122 quam
1593 1062 1800 1106 steteris¹.

412 1132 528 1189 Ergo
553 1146 643 1175 non
664 1140 727 1175 est
748 1130 1027 1186 cessandum,
1059 1129 1134 1174 sed
1158 1131 1467 1175 aedificandum
1495 1151 1503 1176 :
1530 1147 1610 1176 nec
1627 1131 1685 1176 sic
1699 1131 1805 1175 aedi-

412 1200 656 1257 ficandum,
683 1211 734 1246 ut
755 1202 878 1246 ruina
900 1201 1162 1259 aedilicetur3
1178 1201 1253 1245 sed
1268 1202 1314 1245 in
1334 1211 1455 1261 petra
1474 1202 1800 1258 aedificandum,

412 1280 462 1314 ut
483 1272 664 1316 tentatio
682 1288 770 1316 non
788 1281 966 1316 evertat.
995 1272 1037 1316 Si
1065 1272 1123 1316 sic
1141 1281 1205 1316 est
1224 1307 1234 1327 ,
1266 1271 1452 1316 benedic
1472 1273 1706 1316 Dominum
1733 1292 1741 1317 :
1760 1273 1804 1316 ‘si

414 1357 500 1386 non
523 1343 658 1387 estsic
677 1378 687 1398 ,
708 1342 797 1386 noli
815 1342 1003 1387 blandiri
1025 1342 1189 1401 linguae
1215 1352 1331 1397 tuae,
1357 1344 1492 1387 vitam
1521 1353 1641 1387 tuam
1666 1343 1803 1387 inter-

411 1427 538 1471 roga,
563 1413 653 1472 ipsa
685 1413 763 1457 tibi
787 1412 1061 1472 respondeat.
1087 1413 1261 1457 Invenis
1283 1414 1391 1474 quid
1420 1414 1474 1458 sis
1497 1413 1627 1468 mali,
1650 1429 1773 1472 geme
1788 1449 1800 1469 ‚

411 1484 618 1528 confitere
640 1503 648 1528 z
671 1484 883 1529 confessio
906 1493 977 1527 tua
1002 1493 1145 1543 potest
1162 1485 1397 1528 Dominum
1426 1484 1706 1540 benedicere,
1728 1484 1805 1529 sed

412 1555 596 1598 mutatio
618 1563 694 1598 tua
708 1555 754 1598 in
775 1554 1079 1598 benedictione
1100 1564 1357 1614 perseveret.

471 1627 634 1670 XXIX.
652 1644 670 1667 «
683 1624 932 1669 Benedicite
946 1625 1181 1669 Dominum
1195 1626 1340 1669 omnia
1357 1640 1486 1685 opera
1503 1627 1609 1686 ejus,
1626 1625 1670 1669 in
1685 1626 1804 1670 omui

418 1713 437 1735 1)
473 1694 568 1739 1000
590 1695 898 1740 dominationis
929 1697 1061 1756 ejus²2
1092 1714 1112 1736 »
1139 1699 1253 1755 Ergo
1281 1696 1326 1739 in
1349 1696 1468 1740 omni
1489 1696 1601 1740 1000.
1624 1696 1692 1740 Ibi
1715 1711 1804 1741 non

414 1765 718 1820 benedicatur,
750 1766 829 1809 ubi
861 1781 951 1810 non
985 1766 1235 1810 dominatur
1267 1786 1275 1811 :
1317 1786 1335 1807 «
1363 1770 1414 1810 ln
1437 1768 1556 1811 omni
1590 1766 1688 1811 1000
1721 1766 1803 1811 do-

416 1855 435 1877 »
472 1836 718 1880 minationis
750 1837 856 1896 ejus.
886 1854 905 1877 »
932 1839 995 1881 Ne
1015 1835 1127 1880 forte
1148 1836 1302 1896 aliquis
1339 1837 1483 1891 dicat,
1508 1840 1605 1882 Non
1627 1852 1804 1897 possum

410 1905 666 1950 benedicere
704 1906 938 1950 Dominum
973 1906 1020 1949 in
1054 1906 1259 1964 Oriente3
1292 1907 1394 1966 quia
1424 1906 1479 1951 ad
1520 1907 1804 1952 Occidentem

413 1976 635 2035 profectus
658 1986 719 2021 est
752 1996 760 2020 :
793 1985 893 2031 aut,
931 1979 1028 2021 Non
1060 1991 1236 2036 possum
1263 1977 1308 2020 in
1338 1977 1575 2021 Occidente
1595 2012 1605 2032 ‚
1634 1977 1735 2038 quia
1758 1977 1802 2022 in

414 2048 590 2091 Oriente
624 2056 700 2091 est.
742 2066 761 2088 ι(
795 2050 891 2092 Non
928 2047 981 2091 ab
1012 2047 1188 2091 Oriente
1216 2057 1259 2092 et
1288 2048 1341 2092 ab
1369 2047 1631 2103 Occidente,
1669 2063 1758 2093 non
1780 2064 1803 2092 a

416 2135 436 2159 »
473 2117 649 2161 desertis
666 2117 890 2161 montibus
906 2152 916 2171 ‚
938 2118 1146 2177 quoniam
1173 2121 1285 2162 Deus
1298 2117 1437 2178 judex
1459 2121 1556 2162 estss.
1577 2137 1595 2159 »
1615 2118 1682 2163 Sic
1702 2118 1803 2161 ubi-

414 2204 500 2250 que
513 2199 576 2233 est
590 2198 640 2232 ut
658 2189 822 2248 ubique
835 2188 1120 2232 benedicatur
1147 2208 1155 2233 z
1178 2189 1236 2233 sic
1258 2188 1455 2249 undique
1481 2198 1561 2244 est,
1578 2198 1629 2233 ut
1650 2188 1712 2234 illi
1727 2205 1804 2233 un-

414 2259 546 2320 dique
558 2258 771 2319 jubiletur
789 2278 797 2303 ι
815 2259 874 2302 Sic
892 2258 1089 2318 undique
1108 2258 1397 2313 benedicitur,
1419 2268 1468 2302 ut
1482 2259 1678 2319 undique
1690 2259 1803 2303 bene

412 2331 599 2375 vivatur.
622 2349 641 2372 ι(
666 2330 914 2374 Benedicite
941 2331 1178 2374 Dominum
1201 2330 1348 2373 omnia
1377 2345 1507 2388 opera
1530 2332 1667 2390 ejus.»
1695 2330 1802 2383 Quia

413 2416 513 2445 cum
536 2400 716 2460 coeperis
744 2400 789 2443 in
820 2401 931 2444 bona
958 2401 1046 2444 vita
1077 2399 1336 2444 benedicere
1369 2400 1605 2444 Dominum
1623 2436 1634 2455 ‚
1671 2415 1803 2459 opera

413 2473 504 2531 ejus
537 2487 637 2515 eum
668 2470 935 2515 benedicunt
956 2507 966 2527 ,
1002 2487 1091 2515 non
1120 2471 1270 2515 merita
1291 2479 1382 2514 tua.
1410 2474 1505 2530 Ipse
1528 2471 1643 2514 enim
1667 2481 1801 2531 perte

464 2555 605 2589 ¹Mat1h.
621 2567 678 2598 vu,
699 2554 741 2597 24
765 2560 796 2589 et
812 2565 865 2597 27.
886 2573 926 2578 —
948 2563 959 2578 ²
976 2556 1054 2587 Psal.
1076 2566 1133 2598 cn,
1152 2563 1205 2588 22.
1227 2568 1267 2577 -ν-
1291 2553 1542 2597 ³1d.txxw,7‚
1565 2555 1598 2588 8.
