1848 3261
281 245 524 277 ENARRATIO
555 249 602 277 m
634 245 839 276 PsALMUM
868 246 1032 285 cxv111,
1066 245 1204 276 SERMo
1235 250 1298 277 x1.
1391 236 1476 277 427

92 315 242 375 gisque
267 314 491 373 proficiat?
515 312 891 368 Quemadmodum
913 311 948 355 si
973 311 1184 370 poculum
1211 314 1391 372 plenum
1409 323 1477 358 te-

91 400 208 439 neas,
224 394 267 429 et
284 384 442 428 sitienti
468 384 570 428 dare
586 384 784 443 incipias,
810 391 853 426 et
873 381 1018 425 haurit
1039 381 1231 425 bibendo
1246 418 1256 436 ,
1282 393 1324 427 et
1341 386 1478 443 poscit

91 455 392 500 desiderando.
420 452 583 508 Quibus
619 464 763 499 autem
785 453 982 512 injustis¹
1009 461 1052 496 et
1078 468 1168 496 non
1202 453 1385 497 subditis
1409 455 1480 499 lex

90 526 137 569 in
155 525 336 585 lapideis
353 525 510 570 tabulis
534 526 709 584 ponitur
725 559 735 578 ,
751 522 1114 582 praevaricationis
1136 537 1246 577 reos,
1268 538 1356 567 non
1374 539 1477 582 pro-

89 596 301 640 missionis
321 596 455 641 efficit
477 595 603 640 filios.
639 593 723 639 Sed
747 603 793 638 et
812 593 886 637 ille
915 594 991 653 qui
1024 593 1117 653 ejus
1144 593 1365 648 meminit,
1396 610 1478 639 nec

92 681 186 710 eam
205 667 346 724 diligit
360 701 372 721 ,
397 681 448 710 eo
469 664 601 710 modo
623 680 720 709 reus
735 673 823 722 est,
841 664 943 724 quia
960 663 1166 707 memoria
1189 664 1279 723 ejus
1296 663 1402 723 lapis
1415 663 1480 708 illi

90 745 154 780 est
174 736 366 797 quodam
390 735 522 780 modo
545 736 727 796 scriptus
745 771 755 791 ,
781 751 872 779 non
894 750 983 794 quo
1003 733 1239 777 adornetur
1255 769 1266 789 ,
1292 734 1367 778 sed
1390 750 1479 794 quo

91 816 342 866 prematur,
366 806 539 865 pondus
561 807 725 859 oneris,
757 821 847 849 non
868 804 1019 849 titulus
1042 803 1233 848 honoris.
1261 807 1384 849 Hanc
1402 820 1480 849 au-

89 886 177 921 tem
198 875 336 935 legem
353 876 432 920 iste
468 877 582 920 viam
601 876 959 936 justificationum
980 874 1056 918 Dei
1078 874 1271 931 vocavit,
1297 890 1377 918 nec
1399 874 1481 920 alia

89 947 160 992 via
191 957 255 991 est
278 947 585 992 mandatorum
602 948 707 1007 ejus,
724 962 856 1006 quam
875 962 918 990 se
931 946 1168 991 cucurrisse
1190 946 1278 1005 jam
1299 945 1479 1002 dixerat,

89 1032 191 1062 cum
215 1016 444 1060 dilatatum
468 1026 531 1061 est
563 1033 637 1061 cor
660 1019 766 1076 ejus.
799 1020 916 1075 Ergo
938 1026 982 1060 et
1012 1017 1224 1070 cucurrit,
1251 1025 1294 1059 et
1319 1016 1479 1072 currit,

91 1087 231 1132 donec
249 1089 474 1147 perveniat
496 1086 551 1131 ad
572 1086 762 1146 palmam
788 1103 987 1146 supernae
1015 1086 1253 1130 vocationis
1276 1085 1370 1129 Dei.
1395 1089 1482 1130 De-

89 1158 222 1218 nique
244 1173 345 1201 cum
374 1158 548 1201 dixisset
574 1177 583 1202 ;
618 1177 638 1199 «
665 1161 826 1216 Legem
847 1171 962 1215 pone
984 1156 1109 1209 mihi,
1134 1156 1344 1211 Domine,
1369 1156 1484 1201 viam

92 1246 112 1269 »
142 1227 502 1288 justificationum
525 1237 700 1271 tuarum
723 1246 732 1271 ;
760 1245 780 1267 »
805 1226 1001 1271 addidit:
1025 1246 1045 1268 «
1071 1229 1127 1270 Et
1145 1226 1363 1286 exquiram
1388 1242 1481 1271 eam

91 1316 113 1340 »
148 1313 332 1357 semper.
360 1316 380 1338 υ
407 1296 525 1350 Quid
548 1298 663 1341 enim
687 1297 874 1356 exquirit
896 1297 1016 1357 quod
1037 1298 1191 1353 habet,
1217 1297 1297 1341 nisi
1319 1297 1420 1358 quia
1437 1306 1481 1341 et

88 1369 223 1413 habet
244 1367 438 1426 agendo,
463 1376 506 1411 et
531 1368 716 1427 exquirit
735 1368 1038 1427 proficiendo?

148 1442 231 1483 ΙΙΙ.
261 1438 344 1484 Sed
367 1438 474 1498 quid
493 1447 579 1492 est,
609 1457 630 1480 «
657 1440 863 1498 Semper?
889 1457 908 1480 »
934 1441 1089 1483 Utrum
1113 1438 1371 1499 exquirendi
1393 1455 1482 1484 non

90 1509 171 1553 erit
206 1509 335 1552 finis?
360 1509 480 1553 Sicut
515 1508 681 1552 dictum
716 1518 805 1563 est,
835 1528 855 1550 «
886 1511 1064 1568 Semper
1087 1509 1182 1553 laus
1219 1512 1309 1569 ejus
1340 1510 1386 1552 in
1408 1525 1482 1554 ore

89 1596 109 1619 »
145 1582 291 1635 me023
312 1597 332 1619 n
351 1578 452 1638 quia
466 1577 674 1621 laudandi
689 1594 778 1622 non
793 1579 874 1622 erit
895 1579 992 1622 finis
1015 1598 1023 1623 z
1046 1595 1190 1638 neque
1207 1580 1321 1622 enim
1340 1583 1478 1623 Deum

87 1664 176 1693 non
194 1648 472 1692 laudabimus
484 1683 495 1699 ,
514 1663 615 1692 cum
630 1647 683 1691 ad
698 1649 790 1707 ejus
810 1664 993 1706 regnum
1009 1649 1332 1707 pervenerimus
1347 1659 1476 1693 aeter-

86 1733 216 1773 num,
243 1734 343 1762 cum
356 1717 553 1776 legamus
577 1737 586 1762 z
615 1718 770 1762 «Beati
792 1718 869 1777 qui
890 1719 1090 1762 habitant
1106 1719 1151 1762 in
1173 1718 1304 1763 domo
1324 1729 1414 1773 tua,
1432 1720 1503 1767 in.

89 1806 110 1830 »
145 1788 303 1833 saecula
320 1788 579 1832 soeculorum
591 1788 837 1833 laudabunt
847 1790 924 1832 te3.
943 1807 964 1830 »
983 1792 1073 1843 An,
1094 1808 1114 1830 «
1133 1791 1325 1849 Semper,
1347 1809 1367 1831 »
1382 1790 1478 1835 dic-

86 1868 182 1904 tum
204 1873 267 1904 est
282 1895 293 1914 ,
308 1858 505 1919 quandiu
521 1859 591 1902 hic
613 1858 774 1902 vivitur
789 1894 799 1913 ,
821 1860 922 1919 quia
945 1859 1097 1904 tandiu
1112 1860 1339 1919 proficitur
1356 1883 1366 1918 3
1383 1871 1481 1920 post

86 1931 198 1974 hanc
221 1939 365 1974 autem
387 1930 521 1974 vitam
543 1929 620 1989 qui
642 1930 753 1973 bene
775 1930 845 1974 hic
861 1930 1132 1989 proficiebat,
1149 1932 1209 1974 ibi
1231 1932 1479 1990 perficitur?

88 2001 208 2046 Sicut
228 2000 282 2044 de
309 2000 573 2060 quibusdam
606 1999 796 2045 foeminis
823 2000 988 2045 dictum
1019 2011 1083 2046 est
1115 2021 1165 2046 2«
1203 2005 1383 2063 Semper
1404 2004 1481 2048 di-

88 2090 108 2113 »
144 2081 291 2116 centes
318 2091 326 2116 :
356 2090 376 2112 »
404 2072 480 2115 sed
512 2071 597 2114 illae
620 2072 759 2127 male,
785 2073 889 2132 quia
925 2082 1097 2117 secutus
1121 2073 1317 2134 adjunxit
1340 2095 1348 2120 :
1379 2095 1400 2118 «
1424 2079 1482 2121 Et

89 2160 109 2183 »
145 2141 202 2185 ad
228 2141 419 2186 veritatis
462 2140 683 2185 scientiam
714 2158 942 2202 nunquam
969 2144 1268 2203 pervenientes
1284 2146 1314 2188 4.
1343 2163 1364 2186 »
1396 2147 1481 2199 Qui

86 2226 189 2256 vero
211 2211 256 2255 in
274 2210 430 2255 melius
443 2226 611 2271 semper
627 2212 696 2255 hic
709 2213 895 2271 proficit,
917 2229 1007 2273 quo
1023 2213 1285 2273 proficiendo
1308 2215 1476 2272 nititur,

87 2281 286 2341 pervenit
301 2317 312 2336 ,
336 2281 412 2324 ubi
429 2282 517 2341 jam
542 2297 631 2325 non
653 2281 879 2340 proficiat,
902 2284 1004 2343 quia
1036 2283 1254 2342 perfectus
1285 2285 1375 2329 sine
1392 2286 1479 2330 fine

88 2352 297 2396 consistit.
324 2354 411 2396 Nec
423 2351 477 2395 de
502 2350 582 2396 illis
608 2361 750 2396 tamen
768 2353 827 2396 ita
850 2353 1015 2397 dictum
1039 2363 1101 2398 est
1122 2374 1130 2399 :
1158 2374 1178 2396 «
1203 2357 1378 2415 Semper
1389 2357 1479 2400 dis-

90 2441 110 2464 »
134 2431 297 2477 centes,
318 2432 404 2466 »ut
428 2432 470 2466 et
498 2432 596 2482 post
613 2433 796 2468 mortem
820 2423 983 2469 discere
1005 2436 1280 2485 perseverent
1302 2443 1411 2471 vana
1435 2437 1478 2472 et

88 2493 357 2538 infructuosa
369 2515 380 2552 3
391 2509 489 2537 cum
504 2493 662 2538 tallbus
677 2494 883 2540 doctrinis
897 2498 1193 2553 successerint,
1212 2513 1301 2541 non
1316 2498 1474 2553 studia,

135 2586 144 2602 ¹
165 2579 244 2612 Tim.
267 2591 290 2621 1,
311 2591 345 2623 9.
366 2596 408 2604 —
423 2580 530 2614 ²Psal.
550 2591 664 2624 xxxm,
685 2590 716 2615 2.
732 2598 774 2606 —
794 2580 807 2606 3
828 2582 875 2615 Id.
895 2593 1022 2626 Lxxxui,
1042 2583 1073 2616 5.
1097 2600 1139 2607 -
1157 2582 1175 2614 4
1189 2592 1208 2616 2
1228 2583 1309 2618 Tim.
1330 2595 1380 2627 111,
1400 2594 1432 2625 7.
