1848 3261
253 241 493 273 ENARRATm
526 246 572 273 m
603 242 805 286 PsALMUM
837 244 972 271 cxvm
988 260 1001 281 ,
1035 241 1173 271 sEaMo
1203 244 1295 273 xv1.
1366 231 1451 272 457

78 311 162 355 hoc
183 326 342 355 nomen
365 310 485 370 quod
506 311 672 356 dictum
690 318 753 354 est
777 327 793 348 «
821 311 1125 362 Peccatorum,
1142 328 1159 349 »
1182 309 1237 352 ab
1259 325 1310 354 eo
1332 308 1454 370 quod

78 391 179 426 sunt
199 391 374 441 peccata
407 381 671 427 declinatum
699 390 789 434 est,
815 379 889 424 sed
911 380 966 422 ab
993 395 1044 423 eo
1071 379 1191 438 quod
1221 390 1322 424 sunt
1349 397 1455 440 pec-

78 461 241 496 catores
270 472 278 496 :
314 454 434 512 quod
455 454 497 497 in
522 468 660 511 graeco
689 449 910 495 evidenter
933 450 1155 508 apparet1.
1177 450 1288 493 Cum
1309 451 1455 510 itaque

78 522 298 567 minantur
310 523 421 567 mala
443 524 602 584 quibus
620 530 808 567 terreant
819 522 972 580 justos,
997 535 1052 563 ne
1069 535 1148 579 pro
1170 519 1246 564 Dei
1268 519 1362 578 lege
1384 536 1457 579 pa-

78 593 265 647 tiantur,
302 592 492 652 quodam
514 593 645 637 modo
667 590 846 635 funibus
879 589 1134 649 implicant,
1157 589 1293 634 veluti
1315 589 1458 634 valida

79 671 121 707 et
143 663 320 708 robusta
350 674 459 708 reste
485 680 576 708 sua.
616 664 812 708 Trahunt
835 662 950 706 enim
973 671 1148 721 peccata
1170 661 1280 705 sicut
1301 670 1458 705 restem

79 733 293 791 longam2,
307 744 350 778 et
369 735 471 779 hinc
487 744 655 779 sanctos
671 733 892 793 implicare
915 741 1143 787 conantur,
1162 741 1204 775 et
1224 731 1459 791 aliquando

79 804 407 863 permittuntur.
423 805 506 850 Sed
524 806 557 849 si
578 805 804 864 implicant
825 818 997 863 corpus,
1018 818 1105 847 non
1124 801 1347 862 implicant
1369 801 1458 845 ani-

80 889 202 918 mum
221 909 232 929 ‚
248 875 325 918 ubi
353 890 442 918 non
459 884 522 920 est
547 876 626 920 iste
651 875 728 919 Dei
747 873 850 932 legis
868 873 1050 929 oblitus3
1067 873 1167 933 quia
1186 907 1197 928 ,
1217 874 1365 917 Sermo
1381 872 1459 916 Dei

83 958 169 988 non
190 953 252 988 est
279 943 478 1003 alligatus
492 946 523 988 3.

141 1016 195 1058 V.
228 1034 248 1056 «
272 1015 414 1059 Media
439 1025 594 1070 nocte,
622 1014 791 1075 inquit,
823 1013 1049 1071 surgebam
1081 1012 1135 1056 ad
1163 1011 1463 1057 confitendum

85 1102 105 1125 »
139 1084 220 1128 tibi
240 1121 250 1139 ,
279 1101 408 1144 super
425 1086 589 1146 judicia
615 1085 793 1144 justitiae
817 1094 905 1128 tuae
922 1085 954 1127 4.
979 1102 998 1124 »
1022 1084 1129 1136 Quia
1153 1093 1196 1126 et
1216 1084 1300 1127 hoc
1320 1084 1463 1142 ipsum

82 1154 202 1213 quod
226 1153 350 1198 funes
381 1149 656 1214 peccatorum
679 1153 1098 1213 circumplectuntur
1115 1154 1282 1212 justum
1302 1189 1312 1208 ‚
1345 1152 1464 1214 judi·-

83 1224 146 1268 cia
168 1235 269 1268 sunt
284 1226 462 1284 justitiae
485 1226 576 1269 Dei.
590 1229 771 1283 Propter
789 1223 908 1284 quod
928 1223 1032 1268 dicit
1055 1223 1271 1283 apostolus
1294 1227 1460 1278 Petrus,

83 1303 254 1352 tempus
276 1310 365 1339 esse
384 1330 394 1349 ,
420 1314 440 1337 «
465 1297 522 1339 IJt
538 1294 751 1354 judicium
770 1295 860 1354 jam
883 1294 1061 1352 incipiat
1078 1310 1101 1337 a
1119 1293 1250 1337 domo
1272 1295 1460 1338 Domini.

88 1384 106 1406 »
141 1366 198 1407 Et
223 1365 257 1407 si
283 1364 455 1408 initium
475 1399 485 1420 ‚
510 1364 677 1424 inquit,
703 1380 726 1407 a
748 1364 873 1408 nobis
890 1399 900 1418 ,
927 1364 1065 1423 qualis
1087 1364 1183 1407 finis
1206 1364 1287 1408 erit
1308 1364 1366 1407 eis
1388 1365 1465 1424 qui

86 1452 106 1475 υ
142 1450 232 1478 non
261 1435 446 1479 credunt
476 1434 649 1478 Domini
676 1432 946 1492 Evangelio?
980 1436 1036 1477 Et
1067 1433 1101 1477 si
1117 1435 1259 1493 justus
1287 1434 1466 1493 quidem

86 1521 107 1545 »
141 1505 212 1548 vix
247 1505 388 1550 salvus
421 1505 529 1559 erit,
563 1513 764 1564 peccator
794 1513 835 1547 et
857 1504 1013 1563 impius
1045 1504 1123 1547 ubi
1146 1505 1416 1563 parebunt5‘?
1441 1522 1462 1545 »

85 1577 179 1620 Hoc
200 1576 315 1619 enim
340 1577 397 1620 ait
420 1577 474 1619 de
503 1575 895 1635 persecutionibus,
921 1590 1026 1634 quas
1048 1575 1293 1633 patiebatur
1315 1575 1468 1619 Eccle-

84 1646 144 1689 sia
163 1681 174 1700 ‚
222 1662 321 1690 cum
361 1646 488 1691 funes
538 1654 815 1705 peccatorum
857 1644 1316 1704 circumplecterentur
1353 1661 1465 1689 eam.

84 1716 272 1760 Proinde
309 1716 497 1760 mediam
530 1725 703 1760 noctem
745 1714 940 1773 graviora
974 1713 1266 1758 tribulationis
1304 1714 1467 1758 intelli-

85 1785 225 1843 genda
247 1786 456 1830 existimo.
484 1788 536 1828 In
568 1801 654 1844 qua
684 1784 793 1828 dixit
816 1804 824 1829 ε
859 1803 878 1826 «
907 1783 1145 1842 Surgebam
1169 1802 1178 1828 ε
1207 1801 1226 1824 »
1254 1784 1355 1844 quia
1378 1800 1468 1828 non

85 1872 185 1900 eum
209 1857 268 1900 sic
289 1857 508 1913 affligebat
523 1890 534 1910 ‚
557 1864 607 1899 ut
624 1855 858 1915 dejiceret3
882 1853 957 1898 sed
980 1854 1208 1898 exercebat
1225 1890 1235 1910 ‚
1258 1864 1308 1899 ut
1325 1870 1469 1913 surge-

86 1935 151 1970 ret
172 1947 182 1982 3
202 1926 245 1969 id
269 1935 348 1981 est,
372 1934 422 1969 ut
439 1940 487 1968 ea
506 1925 594 1984 ipsa
616 1924 897 1969 tribulatione
920 1923 976 1968 ad
996 1923 1151 1968 fortius
1169 1924 1469 1969 confitendum

85 1998 329 2056 proficeret.

145 2068 222 2109 VI.
249 2068 465 2119 Jamvero‚
484 2065 584 2125 quia
601 2066 680 2110 ista
700 2067 812 2110 fiunt
830 2065 965 2125 gratia
984 2065 1059 2109 Dei
1076 2081 1153 2125 per
1165 2068 1189 2109 J
1193 2080 1313 2110 esum
1331 2066 1471 2110 Chris-

87 2146 182 2180 tum
199 2137 433 2180 Dominum
448 2145 821 2190 nostrum‚vocem
841 2152 1034 2196 personae
1051 2152 1139 2179 suae
1156 2137 1356 2196 perhanc
1375 2152 1473 2196 pro-

88 2208 277 2266 phetiam
311 2223 389 2251 suo
423 2208 592 2266 corpori
630 2206 826 2267 adjungit
855 2208 944 2267 ipse
982 2207 1190 2252 Salvator.
1227 2207 1296 2251 Ad
1328 2207 1473 2268 ipsum

88 2286 221 2337 caput
261 2277 375 2320 enim
410 2278 582 2337 proprie
623 2278 744 2338 quod
776 2280 972 2339 sequitur
998 2280 1215 2338 pertinere
1248 2279 1468 2324 arbitror:

93 2367 114 2390 «
149 2347 365 2406 Particeps
387 2363 467 2406 ego
489 2364 584 2392 sum
608 2349 803 2392 omnium
823 2349 1070 2393 timentium
1092 2359 1146 2403 te,
1168 2359 1211 2394 et
1228 2350 1473 2393 custodien-

96 2437 113 2459 »
149 2417 259 2461 tium
279 2417 484 2462 mandata
507 2419 623 2463 tuafl.
652 2437 672 2460 n
702 2419 821 2463 Sicut
842 2428 905 2463 est
919 2419 964 2462 in
985 2420 1175 2479 Epistola
1195 2435 1293 2479 quae
1316 2419 1370 2463 ad
1391 2422 1475 2463 He-

139 2519 150 2535 ¹
166 2515 266 2545 Graec.
287 2512 542 2557 dgi.2?7c0).‹7›v.—-
559 2520 571 2536 ²
589 2515 660 2546 Isai'.
681 2525 713 2555 v,
736 2513 834 2545 18.—
851 2513 863 2537 3
889 2526 901 2546 1
918 2515 998 2548 Tim.
1016 2527 1049 2557 ιι,
1069 2514 1175 2558 9.--4
1192 2515 1268 2547 Psal.
1291 2525 1398 2557 cxviii,
1414 2514 1470 2549 62.

95 2569 163 2592 -5
187 2581 198 2602 ι
219 2573 305 2604 Petr.
324 2582 370 2613 iv,
391 2583 443 2615 17,
473 2572 522 2605 18.
542 2588 584 2595 —
608 2569 623 2594 6
645 2571 726 2604 Psal.
741 2582 846 2613 cxviii,
861 2572 915 2609 63,
