1848 3261
352 205 433 245 168
782 214 815 243 s.
852 213 1081 246 Aucusnm
1114 217 1294 246 muscom

349 296 496 336 mano,
526 280 689 341 repleta
708 290 773 326 est
793 290 904 326 terra
926 291 1121 326 creatura
1140 283 1232 326 Dei.
1255 281 1486 339 Videmus,
1510 283 1726 338 novimus,

348 353 550 411 legimus,
582 352 865 410 agnoscimus,
901 353 1146 408 laudamus,
1178 362 1222 397 et
1248 353 1293 398 in
1324 354 1390 398 his
1417 353 1728 414 praedicamus,

351 432 396 467 et
415 423 461 466 in
483 423 549 466 his
567 439 656 467 non
680 424 916 467 sufficimus
936 424 1115 468 laudare
1137 433 1330 480 tantum,
1356 435 1571 485 quantum
1590 425 1732 469 abun-

351 493 427 538 dat
450 510 501 538 ex
517 495 633 539 bona
654 495 920 554 inspectione
937 511 1010 540 eor
1041 505 1254 540 nostrum.
1285 496 1369 540 Sed
1386 496 1441 540 ad
1458 495 1576 540 illam
1597 496 1734 554 magis

351 575 593 610 creaturam
615 565 824 609 debemus
851 565 1090 622 attendere,
1117 566 1235 611 unde
1252 565 1358 611 dicit
1379 567 1628 626 Apostolus,
1648 585 1668 609 «
1692 567 1734 611 Si

356 656 374 677 »
410 652 496 697 qua
518 636 650 694 igitur
666 636 712 679 in
730 636 901 680 Christo
915 653 1026 681 nova
1049 646 1260 692 creatura,
1285 646 1431 681 vetera
1452 637 1731 693 transierunt,

353 724 375 748 »
411 722 510 751 ecce
526 706 638 749 facta
649 715 753 749 Sunt
763 708 907 750 omnia
921 710 1066 751 nova¹.
1077 710 1211 761 »Quae
1224 710 1405 752 «Vetera
1415 708 1679 752 transierunt
1689 709 1732 749 2²»

353 780 407 821 In
437 776 649 821 Gentibus
672 778 811 821 omnis
829 776 1096 832 idolylatria,
1126 778 1172 821 in
1194 778 1294 837 ipsis
1311 781 1335 822 J
1341 779 1474 822 udaeis
1498 778 1639 822 omnis
1662 776 1737 822 illa

353 848 533 891 servitus
551 847 690 905 Legis,
708 847 851 891 onmia
871 847 945 891 illa
967 847 1172 892 sacrificia
1194 849 1533 907 praenuntiantia
1550 863 1738 908 praesens

354 918 626 962 sacrificium.
664 919 935 963 Abundabat
959 928 1065 963 tunc
1086 927 1276 963 vetustas
1298 919 1501 973 hominis,
1526 919 1647 963 venit
1663 918 1740 978 qui

354 999 584 1034 renovaret
606 1005 714 1049 opus
729 1006 873 1045 suum,
889 990 1008 1034 venit
1021 991 1096 1050 qui
1116 991 1326 1034 conflaret
1343 999 1572 1049 argentum
1593 1005 1736 1044 suum,

355 1060 431 1120 qui
453 1059 661 1104 formaret
685 1070 905 1105 monetam
936 1076 1071 1115 suam,
1108 1069 1150 1104 et
1179 1060 1441 1104 attendimus
1458 1059 1632 1119 plenam
1653 1068 1741 1103 ter-

354 1145 445 1174 ram
472 1130 725 1174 Christianis
753 1129 1031 1174 credentibus
1053 1131 1099 1174 in
1137 1133 1291 1185 Deum,
1324 1130 1618 1174 avertentibus
1645 1145 1689 1173 se
1717 1144 1740 1173 a

356 1200 574 1261 prioribus
592 1199 878 1244 immunditiis
891 1200 977 1244 suis
990 1209 1033 1244 et
1052 1199 1312 1255 idololatria,
1329 1216 1353 1243 a
1365 1215 1439 1259 spe
1456 1199 1673 1259 praeterita
1687 1197 1742 1242 ad

356 1285 478 1329 spem
499 1269 603 1313 novi
620 1269 767 1313 saeculi
787 1289 794 1313 ;
820 1279 863 1313 et
884 1285 984 1313 ecee
1002 1269 1201 1313 nondum
1218 1279 1281 1313 est
1301 1270 1347 1312 in
1369 1285 1430 1323 re,
1455 1278 1499 1313 et
1515 1271 1607 1330 jam
1623 1278 1744 1313 tene-

356 1350 428 1385 tur
447 1341 492 1383 in
514 1355 605 1399 spe,
631 1349 674 1383 et
697 1355 773 1399 per
796 1340 934 1399 ipsam
955 1355 1073 1399 spem
1094 1342 1185 1400 jam
1208 1348 1433 1384 cantamus
1457 1349 1498 1383 et
1529 1340 1740 1395 dicimus,

361 1430 382 1453 «
416 1409 599 1470 Repleta
622 1419 686 1454 est
704 1418 818 1453 terra
840 1419 1037 1454 creatura
1059 1419 1150 1454 tua.
1181 1428 1201 1450 »
1233 1410 1441 1454 Nondum
1464 1409 1579 1453 enim
1601 1410 1647 1454 in
1663 1425 1743 1469 pa-

358 1481 440 1525 tria
463 1489 688 1524 cantamus
709 1480 810 1534 hoc,
848 1480 1047 1524 nondum
1070 1480 1116 1523 in
1138 1477 1210 1524 illa
1232 1479 1382 1540 requie
1404 1495 1503 1539 quae
1526 1480 1745 1539 promitti-

360 1561 448 1605 tur,
475 1550 674 1595 nondum
694 1551 958 1600 confirmatis
981 1551 1175 1595 vectibus
1198 1560 1423 1610 portarum
1450 1550 1742 1609 Jerusalem23

362 1624 437 1668 sed
461 1621 605 1666 adhuc
627 1622 672 1664 in
695 1622 1038 1681 peregrinatione
1058 1622 1276 1665 intuentes
1299 1621 1518 1665 mundum
1534 1622 1666 1666 istum
1679 1631 1747 1667 to-

360 1704 472 1748 tum,
503 1702 546 1737 et
573 1693 769 1753 undique
796 1693 993 1737 homines
1030 1701 1250 1737 currentes
1276 1692 1332 1736 ad
1355 1693 1509 1747 fidem,
1545 1693 1746 1738 timentes

362 1767 594 1824 gehennas,
613 1772 939 1808 contemnentes
951 1773 1152 1819 mortem,
1170 1773 1363 1807 amantes
1372 1764 1505 1807 vitam
1517 1773 1722 1808 aeternam
1731 1800 1742 1820 ,

362 1845 611 1897 spernentes
634 1844 889 1894 praesentem
903 1870 914 1890 ,
935 1844 977 1879 et
1002 1835 1074 1879 tali
1101 1835 1348 1895 spectaculo
1368 1834 1573 1894 completi
1589 1835 1747 1894 gaudio

363 1908 568 1961 dicimus,
594 1925 614 1948 ‹<
638 1906 818 1965 Repleta
843 1915 906 1950 est
928 1915 1039 1950 terra
1063 1915 1260 1950 ereatura
1283 1915 1373 1950 tua.
1397 1922 1419 1946 »

423 1980 500 2021 IV.
530 1979 623 2021 Hoc
645 1986 789 2020 autem
813 1976 1020 2021 saeeulum
1051 1976 1194 2021 adhuc
1218 1977 1510 2020 tentationum
1538 1976 1747 2022 fluctibus

365 2049 578 2109 quatitur,
598 2047 742 2092 adhuc
773 2048 1101 2107 tempestatibus
1121 2057 1164 2092 et
1184 2046 1381 2106 procellis
1414 2047 1748 2092 tribulationum

365 2130 409 2164 et
432 2129 654 2163 tumorum
677 2119 878 2162 turbatur
898 2138 906 2162 :
923 2119 1003 2162 bac
1019 2119 1273 2162 tamenitur.
1292 2117 1744 2174 Mineturlicetmare,

365 2201 409 2236 ct
430 2200 596 2235 tumeat
620 2191 842 2244 fluctibus,
863 2189 1162 2250 procellasque
1184 2189 1419 2249 parturiat,
1443 2189 1524 2232 hac
1545 2189 1649 2241 itur,
1671 2189 1749 2234 da-

365 2272 460 2306 tum
489 2271 551 2305 est
579 2261 702 2304 nobis
725 2261 891 2317 lignum
915 2261 960 2304 in
988 2277 1076 2321 quo
1099 2260 1350 2319 navigemus
1380 2278 1388 2302 :
1418 2278 1437 2300 «
1472 2258 1654 2318 Repleta
1686 2269 1750 2304 est

368 2351 389 2373 ³>
427 2341 539 2375 terra
557 2340 751 2374 ereatura
772 2339 860 2374 tua.
890 2349 908 2371 »
935 2331 1017 2375 Sed
1036 2329 1232 2375 nondum
1251 2344 1399 2373 sumus
1415 2329 1460 2371 in
1475 2337 1585 2372 terra
1605 2329 1749 2372 viven-

365 2403 493 2456 tium,
515 2401 657 2445 adhuc
678 2401 757 2444 ista
776 2410 888 2444 terra
910 2402 1188 2445 morientium
1211 2409 1273 2444 est
1294 2419 1302 2444 :
1326 2399 1562 2443 clamamus
1580 2408 1743 2455 autem,

365 2482 408 2516 et
431 2472 634 2527 dicimus,
665 2491 684 2513 α
710 2473 812 2530 Spes
838 2488 933 2516 mea
956 2488 998 2515 es
1021 2482 1085 2526 tu,
1111 2472 1252 2531 portio
1277 2486 1370 2514 mea
1391 2471 1437 2517 in
1459 2479 1572 2514 terra
1591 2470 1744 2513 viven-

418 2563 426 2578 ἔ
447 2559 519 2587 Cor.
540 2567 642 2597 v,17.
664 2562 733 2579 —·²
750 2555 828 2586 Psal.
849 2566 962 2596 cztvn,
991 2556 1027 2587 13
