1848 3261
403 259 644 290 ENARRATIO
675 263 721 290 IN
751 259 954 290 PsALMtJM
985 260 1102 288 CVIII.
1363 250 1446 290 265
1494 267 1499 273 ⁶

69 337 224 388 potest.
257 327 425 381 Credo,
465 335 698 387 antequam
733 326 966 370 Dominum
988 324 1200 381 traderet,
1225 335 1268 369 et
1296 326 1352 370 de
1372 327 1448 371 illo

68 397 280 442 tradendo
298 400 385 457 jam
405 397 613 455 cogitaret
635 417 644 441 ι
671 412 760 440 non
790 396 905 439 enim
922 397 1011 455 jam
1034 405 1202 454 poterat
1224 411 1344 440 orare
1370 413 1449 455 per

67 469 302 513 Christum.
325 471 430 512 Nam
453 477 735 528 posteaquam
756 466 881 510 illum
915 467 1117 522 tradidit,
1143 481 1331 526 eumque
1356 483 1448 526 poe-

67 539 227 594 nituit,
253 539 287 582 si
310 553 386 597 per
414 538 633 582 Christum
657 546 826 591 oraret,
847 537 1161 595 indulgentiam
1187 528 1359 596 rogaret
1380 558 1390 594 3
1416 537 1449 581 si

66 608 383 667 indulgentiam
407 617 602 667 rogaret,
635 623 754 667 spem
791 608 999 665 haberet,
1028 608 1062 651 si
1092 623 1212 667 spem
1237 607 1418 651 haberet
1436 643 1447 660 ,

66 678 404 723 misericordiam
433 688 649 738 speraret3
679 679 712 722 si
740 678 1073 722 misericordiam
1106 688 1320 737 speraret,
1361 694 1451 722 non

66 749 146 792 sibi
176 748 476 808 desperatione
506 748 668 792 collum
700 748 865 806 ligaret.
906 748 1094 792 Proinde
1116 764 1215 793 cum
1243 749 1417 792 dixisset
1441 768 1450 793 ε

71 838 90 861 «
125 822 235 864 Cum
253 820 491 879 judicatur,
517 829 638 863 exeat
660 819 999 876 condemnatus,
1020 836 1104 863 »ne
1119 821 1173 863 ab
1196 821 1452 864 imminente

65 891 427 934 condemnatione
454 900 684 950 putaretur
717 907 761 934 se
793 891 982 950 potuisse
1015 891 1210 935 oratione
1241 891 1447 945 liberare,

65 976 196 1021 quam
215 961 424 1005 didicerat
446 977 546 1004 cum
569 960 874 1020 condiscipulis
896 961 997 1015 suis,
1023 961 1100 1004 uhi
1123 961 1281 1004 dicitur
1302 980 1310 1004 2
1340 980 1359 1003 «
1377 961 1453 1004 Di-

67 1049 88 1072 »
123 1032 247 1075 mitte
268 1032 392 1076 nobis
423 1033 568 1076 debita
595 1041 739 1076 nostra
756 1067 766 1085 ,
799 1032 909 1075 sieut
931 1041 973 1075 et
995 1048 1072 1075 nos
1096 1032 1351 1075 dimittimus
1373 1031 1452 1075 de-

68 1119 88 1142 »
124 1101 335 1146 bitorihus
351 1102 532 1146 nostris1
561 1122 569 1146 :
596 1122 614 1143 «
635 1106 690 1145 Et
709 1102 844 1145 oratio
867 1104 958 1161 ejus
974 1137 984 1153 ,
1005 1102 1170 1160 inquit,
1191 1102 1266 1146 fiat
1287 1102 1333 1144 in
1356 1117 1454 1160 pec-

67 1189 88 1212 »
123 1181 269 1216 catum
285 1193 296 1229 3
315 1172 450 1232 »quia
472 1187 562 1216 non
580 1172 629 1215 fit
644 1187 720 1230 per
742 1171 978 1225 Christum,
996 1187 1127 1231 quern
1151 1170 1292 1215 noluit
1312 1172 1449 1231 sequi,

64 1242 139 1286 sed
161 1244 376 1302 persequi.

121 1315 179 1356 X.
210 1313 371 1356 «Fiant
395 1313 483 1356 dies
506 1313 595 1372 ejus
616 1312 744 1371 pauci
760 1315 791 1354 2.
809 1313 905 1356 Dies
924 1313 1048 1371 ejus»
1075 1312 1197 1366 dixit,
1217 1311 1306 1355 dies
1329 1327 1453 1371 apos-

64 1382 224 1426 tolatus
242 1383 332 1441 ejus
351 1417 360 1434 ,
387 1382 462 1441 qui
481 1383 608 1441 pauci
631 1381 834 1436 fuerunt,
861 1382 1066 1441 quoniam
1091 1392 1189 1425 ante
1213 1382 1455 1441 passionem

63 1452 237 1496 Domini
259 1452 417 1495 scelere
451 1451 583 1510 ipsius
606 1461 648 1494 ct
677 1460 817 1495 morte
851 1452 1097 1511 consumpti
1117 1461 1232 1495 sunt.
1270 1455 1327 1496 Et
1354 1461 1450 1495 tan-

63 1537 195 1581 quam
225 1522 465 1575 diceretur,
501 1521 616 1574 Quid
646 1536 748 1579 ergo
780 1523 854 1564 fiet
877 1520 930 1564 de
953 1522 1233 1565 sacratissimo
1268 1537 1451 1565 numero

63 1591 354 1645 duodenario,
387 1592 432 1634 in
466 1607 553 1651 quo
583 1607 671 1635 non
691 1591 850 1635 frustra
883 1593 1090 1635 Dominus
1114 1591 1346 1636 duodecim
1369 1593 1451 1635 ha-

62 1661 164 1705 here
193 1662 352 1721 primos
385 1661 621 1721 Apostolos
646 1660 816 1705 voluit?
847 1663 1068 1706 Continuo
1103 1662 1307 1722 subjecit,
1345 1681 1364 1704 «
1394 1665 1453 1706 Et

65 1750 85 1772 »
121 1732 415 1792 episcopatum
438 1733 528 1792 ejus
552 1732 731 1791 accipiat
752 1732 873 1775 alter.
899 1751 918 1772 »
945 1736 1167 1791 Tanquam
1190 1732 1337 1777 dicens
1362 1752 1371 1777 :
1395 1735 1453 1777 Et

61 1802 153 1860 ipse
175 1817 254 1861 pro
270 1817 347 1846 suo
370 1802 524 1846 merito
545 1802 751 1860 puniatur
767 1837 777 1856 ,
795 1811 837 1845 et
858 1801 929 1844 ille
951 1817 1158 1846 numerus
1175 1803 1445 1862 suppleatur.

63 1872 187 1924 Quod
210 1872 243 1915 si
266 1873 360 1931 quis
382 1869 753 1930 quemadmodum
776 1870 938 1915 factum
962 1873 1041 1925 sit,
1068 1873 1174 1917 scire
1209 1872 1446 1927 desiderat,

62 1947 196 1987 Actus
218 1943 527 2002 Apostolorum
545 1943 676 2002 legat.

119 2016 198 2058 XI.
230 2034 248 2056 «
275 2015 403 2057 Fiant
432 2014 508 2056 filii
538 2015 628 2073 ejus
657 2013 861 2072 orphani,
891 2024 934 2057 ct
959 2030 1067 2059 uxor
1091 2015 1184 2074 ejus
1212 2014 1344 2058 vidua
1363 2015 1394 2058 ³.
1423 2032 1444 2055 »

63 2085 222 2144 Utique
257 2094 430 2128 mortuo
457 2085 573 2144 ipso,
612 2094 655 2128 et
690 2083 766 2127 filii
790 2086 879 2143 ejus
913 2087 1123 2145 orphani,
1149 2095 1191 2130 et
1223 2101 1332 2129 uxor
1355 2086 1447 2145 ejus

60 2154 236 2199 viduata
259 2164 336 2198 est.

119 2228 219 2269 XII.
250 2245 269 2266 «
290 2228 501 2269 Nutantes
524 2224 840 2269 transferantur
858 2224 933 2269 filii
956 2227 1061 2286 ejus,
1085 2236 1128 2270 et
1144 2225 1397 2270 mendicent
1411 2227 1442 2269 ⁴.

64 2313 84 2335 n
121 2298 366 2339 Nutantes»
389 2296 554 2339 dictum
577 2305 666 2350 est,
687 2297 839 2339 incerti
860 2312 948 2355 quo
972 2306 1087 2350 eant,
1110 2297 1226 2339 omni
1244 2295 1446 2355 praesidio

61 2363 272 2408 destituti.
303 2384 322 2405 α
347 2365 587 2425 Ejiciantur
614 2365 668 2408 de
696 2365 1035 2409 habitationibus
1057 2367 1156 2409 suis.
1188 2384 1206 2406 »
1232 2367 1447 2425 Exposuit

62 2435 181 2495 quod
198 2451 326 2494 supra
347 2435 514 2479 dixerat
541 2455 549 2480 :
577 2455 595 2477 «
612 2434 957 2480 Transferantur.
978 2454 997 2477 »
1020 2439 1113 2480 Hoc
1137 2445 1280 2480 autem
1304 2446 1442 2481 totum

111 2550 119 2565 ¹
147 2542 259 2575 Matth.
280 2553 323 2585 vi,
349 2552 396 2574 12.
414 2561 454 2566 —-
475 2550 488 2565 ²
508 2543 586 2575 Psal.
604 2554 685 2584 cvm,
709 2543 740 2574 8.
761 2560 802 2567 —-
825 2542 837 2565 3
858 2544 939 2575 Jbid.
959 2556 991 2587 9.
1014 2562 1054 2567 ——
1076 2544 1088 2573 4
1110 2545 1190 2577 Ibid.
1215 2556 1264 2577 10.
