1848 3261
386 226 473 268 490
828 240 862 268 s.
897 237 1129 269 Aucus‘rnn
1160 240 1343 269 Erxscom

387 304 509 359 estis,
549 312 594 348 et
620 318 750 363 super
779 303 875 349 illos
909 306 1096 350 seniores
1130 321 1220 350 non
1242 304 1510 366 intelligitis?
1535 306 1618 352 Sed
1640 306 1769 366 plane

377 376 470 436 jam
491 389 610 418 nunc
627 374 778 419 audito
797 374 870 419 tali
898 377 1117 434 magistro,
1135 377 1277 436 capite
1294 387 1458 432 nostro,
1473 386 1616 436 potest
1633 392 1771 421 unus-

383 445 570 507 quisque
590 441 787 490 nostrum
808 444 976 493 dicere:
998 466 1017 488 «
1036 449 1173 507 Super
1195 447 1382 491 seniores
1398 446 1635 491 intellexi.»
1662 450 1770 493 Nam

382 517 512 561 etiam
531 515 703 575 corpori
718 516 919 574 congruit
933 516 1050 576 quod
1070 527 1243 562 secutus
1257 517 1324 578 adj
1334 517 1478 562 unxit:
1499 518 1638 571 «Quia
1650 533 1772 562 man-

384 606 404 630 »
440 587 540 631 data
561 596 636 631 tua
656 586 877 646 exquisivi.
903 587 1111 632 Mandata
1133 598 1225 643 tua,
1249 607 1269 630 »
1288 604 1377 633 non
1398 588 1605 633 mandata
1626 589 1773 633 homi-

381 673 488 702 num
525 676 534 702 2
569 676 590 699 «
621 656 829 701 Mandata
856 666 958 713 tua,
994 675 1014 699 »
1047 674 1137 703 non
1168 658 1373 703 mandata
1408 660 1658 715 seniorum,
1693 660 1771 720 qui

381 727 575 773 volentes
597 742 686 772 esse
709 728 832 786 Legis
854 727 1075 784 doctores,
1101 744 1191 773 non
1214 727 1482 788 intelligunt,
1507 744 1650 790 neque
1670 746 1770 790 quae

380 799 625 860 loquuntur
639 834 650 855 ,
675 814 819 860 neque
841 800 896 844 de
917 800 1078 861 quibus
1101 800 1321 846 affirmant
1341 803 1371 844 ¹.
1397 801 1554 846 Merito
1574 800 1629 845 de
1651 816 1772 846 man-

382 869 492 914 datis
521 870 620 925 Dei,
653 886 753 930 quae
784 880 888 915 sunt
917 870 1209 931 exquirenda,
1234 880 1286 916 ut
1312 886 1441 931 super
1463 872 1652 916 seniores
1673 871 1770 917 illos

380 939 702 1000 intelligantur,
739 957 994 1001 responsum
1025 950 1089 986 est
1119 941 1169 986 iis
1190 942 1266 1002 qui
1293 956 1446 986 eorum
1467 942 1771 987 auctoritatem

380 1012 553 1057 veritati
580 1012 871 1073 praeferebant
888 1048 900 1068 ,
934 1022 976 1058 et
999 1013 1167 1058 dictum
1190 1022 1254 1058 est
1277 1032 1287 1059 :
1316 1032 1337 1056 «
1354 1015 1445 1059 Cur
1467 1022 1510 1058 et
1531 1028 1606 1059 vos
1627 1023 1773 1059 trans-

383 1100 405 1125 »
441 1082 669 1141 gredimini
699 1083 956 1129 mandatum
990 1084 1096 1140 Dei,
1135 1093 1186 1129 ut
1208 1082 1463 1130 traditiones
1491 1094 1652 1130 vestras
1681 1093 1770 1131 sta-

384 1171 406 1195 »
441 1154 608 1197 tuatis?
632 1172 652 1194 »

438 1226 492 1268 V.
518 1227 721 1276 Jamvero
743 1223 865 1284 quod
888 1224 1141 1286 adjungitur
1158 1260 1169 1281 ‚
1194 1240 1286 1270 non
1315 1224 1446 1285 capiti
1466 1224 1641 1270 videtur
1661 1241 1769 1271 con-

378 1294 552 1349 venire,
579 1295 654 1338 sed
675 1296 862 1354 corpori.
893 1314 913 1337 «
937 1295 1005 1340 Ab
1026 1296 1146 1340 omni
1171 1295 1239 1340 via
1257 1295 1445 1354 maligna
1467 1296 1672 1355 prohibui
1692 1312 1769 1357 pe-

380 1382 403 1406 »
439 1363 513 1409 des
532 1380 666 1420 meos,
684 1374 734 1410 ut
752 1365 995 1411 custodiam
1012 1365 1145 1410 verba
1161 1369 1277 1410 tua².
1292 1383 1313 1407 »
1333 1368 1486 1425 Neque
1503 1366 1621 1410 enim
1638 1376 1770 1426 caput

378 1434 491 1480 illud
509 1446 706 1482 nostrum
724 1472 734 1492 ,
761 1438 852 1497 ipse
877 1436 1072 1482 Salvator
1095 1439 1282 1497 corporis
1299 1473 1310 1493 ,
1338 1437 1384 1481 in
1400 1437 1592 1497 aliquam
1614 1437 1771 1497 malig-

377 1522 480 1551 nam
502 1507 616 1552 viam
646 1507 808 1553 carnali
830 1507 1069 1567 cupiditate
1090 1507 1301 1563 ferretur,
1335 1517 1385 1552 ut
1407 1507 1446 1552 ei
1469 1523 1641 1552 necesse
1660 1518 1771 1554 esset

377 1576 509 1637 pedes
545 1594 644 1623 suos
673 1578 776 1623 inde
808 1579 1070 1638 prohibere,
1101 1579 1224 1640 quasi
1251 1578 1356 1623 illuc
1392 1588 1544 1623 euntes
1577 1580 1769 1624 motibus

378 1649 463 1693 suis
484 1668 493 1693 ε
518 1649 639 1710 quod
660 1665 737 1694 nos
760 1649 941 1694 facimus
956 1685 968 1705 ,
992 1650 1171 1710 quando
1193 1666 1243 1694 ea
1261 1666 1360 1710 quae
1383 1649 1458 1694 ille
1474 1665 1564 1695 non
1585 1650 1739 1694 habuit
1753 1686 1765 1706 ,

376 1734 432 1763 ne
451 1720 538 1764 vias
560 1719 770 1779 malignas
794 1729 993 1775 teneant,
1019 1720 1230 1765 desideria
1259 1730 1404 1765 nostra
1425 1736 1556 1779 prava
1586 1720 1768 1765 cohibe-

374 1805 488 1834 mus.
517 1790 584 1835 Sic
608 1790 723 1833 enim
745 1789 879 1834 verba
901 1790 980 1834 Dei
997 1805 1223 1849 possumus
1245 1789 1480 1845 custodire,
1498 1790 1531 1834 si
1553 1799 1651 1849 post
1672 1806 1769 1834 nos-

375 1869 462 1904 tras
486 1860 619 1904 malas
640 1859 1011 1920 concupiscentias
1039 1875 1129 1904 non
1151 1875 1299 1904 eamus
1316 1860 1348 1915 ³,
1374 1869 1424 1904 ut
1448 1859 1503 1903 ad
1524 1860 1637 1904 mala
1658 1876 1767 1905 con-

376 1930 524 1990 cupita
547 1931 825 1990 perveniant,
842 1929 917 1974 sed
934 1946 1003 1975 eas
1024 1930 1169 1990 potius
1188 1930 1392 1975 adversus
1414 1946 1590 1975 carnem
1612 1931 1768 1990 spiritu

375 2003 709 2061 concupiscente
731 2001 951 2046 frenemus
970 2003 986 2028 ⁴
1004 2037 1014 2057 ,
1041 2017 1097 2046 ne
1116 2017 1195 2047 nos
1217 2012 1362 2062 raptos
1384 2012 1517 2064 atque
1539 2002 1766 2048 subversos

375 2089 453 2134 per
474 2073 684 2132 malignas
706 2073 795 2117 vias
816 2074 1093 2118 subtrahant.

434 2147 511 2189 VI.
537 2165 557 2187 «
582 2148 620 2190 A
637 2143 814 2206 judiciis
829 2180 840 2199 ,
870 2145 1039 2205 inquit,
1064 2144 1149 2189 tuis
1170 2159 1261 2188 non
1289 2142 1531 2202 declinavi3
1555 2144 1764 2204 quoniam

377 2233 399 2257 »
430 2224 480 2260 tu
506 2215 644 2274 legem
680 2216 858 2275 posuisti
880 2215 1028 2260 mihi5.
1057 2234 1078 2256 »
1106 2215 1219 2259 Dixit
1246 2214 1355 2275 quid
1382 2215 1599 2270 timuerit,
1625 2224 1676 2259 ut
1707 2215 1762 2259 ab

377 2286 497 2331 omni
518 2287 586 2331 via
605 2286 792 2344 maligna
824 2286 1077 2346 prohiberet
1105 2285 1236 2345 pedes
1259 2301 1372 2330 suos.
1395 2285 1515 2339 Quid
1536 2295 1600 2330 est
1619 2287 1759 2330 enim:

379 2375 399 2398 «
434 2359 472 2400 A
485 2355 659 2416 judiciis
682 2357 766 2400 tuis
788 2372 878 2401 non
899 2356 1141 2413 declinavi3
1175 2374 1195 2397 »
1222 2356 1302 2400 nisi
1325 2356 1446 2416 quod
1470 2355 1553 2401 alio
1571 2355 1669 2401 loco
1690 2355 1761 2400 di-

375 2426 434 2471 cit
460 2446 470 2472 ;
499 2445 519 2468 «
543 2429 582 2471 A
610 2426 781 2486 judiciis
813 2436 960 2471 autem
996 2426 1079 2471 tuis
1109 2426 1268 2470 timui?
1299 2445 1319 2468 >i
1347 2430 1675 2471 Perseveranter
1702 2427 1760 2471 eis

422 2527 433 2545 ¹
453 2533 466 2553 1
483 2522 564 2554 Tim.
583 2533 607 2563 1,
627 2532 657 2565 7.
680 2538 723 2545 —
743 2529 755 2545 ²
774 2522 852 2555 Psal.
876 2533 979 2565 cxviii,
1002 2534 1076 2556 101.
1095 2538 1135 2545 —-
1151 2520 1164 2546 3
1181 2522 1279 2555 Eccli.
1300 2522 1517 2563 xvn1‚30.-
1531 2521 1547 2552 4
1565 2521 1634 2556 Gal.
1653 2533 1687 2564 v,
1706 2533 1755 2554 ν’.

377 2593 419 2600 —-
438 2575 453 2600 ⁵
472 2577 550 2611 Psal.
571 2588 677 2618 cxvm,
699 2586 769 2611 102.
