1848 3261
409 231 490 270 174
836 244 870 269 s.
905 240 1135 269 AUGUSTINI
1169 240 1351 268 EPISCOPI

402 316 506 351 runt
534 325 544 351 :
568 306 615 349 in
636 314 724 349 tam
745 305 892 349 multis
912 304 995 349 illis
1013 304 1155 349 verbis
1177 304 1438 348 observabat
1457 319 1631 364 serpens
1651 303 1788 348 calca-

401 392 534 422 neum
556 375 756 420 labentis.
784 375 863 419 Ille
887 384 1031 419 autem
1043 374 1119 435 qui
1136 382 1268 433 caput
1284 374 1545 418 observabat
1558 373 1783 433 serpentis,

397 447 559 508 repulit
579 462 754 493 omnem
775 448 1111 505 suggestionem.
1134 445 1376 505 Respondit
1401 454 1444 488 et
1466 444 1652 499 mulieri,
1677 445 1788 490 sicut

397 514 581 578 dignum
602 528 693 563 erat
710 517 972 577 respon-dere
986 516 1158 561 mulieri
1180 535 1189 561 :
1210 535 1230 557 «
1251 519 1416 560 Locuta
1434 530 1493 570 es,
1510 516 1669 575 inquit,
1694 524 1788 560 tan-

402 607 422 630 »
457 604 591 649 quam
617 604 703 631 una
725 588 780 631 de
801 587 1105 646 insipientibus
1128 585 1387 630 mulieribus
1415 604 1424 630 ι
1448 586 1483 629 si
1501 585 1617 629 bona
1642 600 1788 644 perce-

400 678 421 700 »
458 660 600 718 pimus
626 658 681 702 de
719 673 853 701 manu
875 657 1064 712 Domini,
1100 656 1212 700 mala
1246 672 1336 701 non
1369 655 1705 700 sustinebimus?
1731 658 1789 700 Et

402 749 423 772 »
457 731 570 774 inter
603 728 677 773 illa
706 729 852 773 omnia
893 744 993 788 quae
1026 727 1150 783 dixit,
1190 744 1408 788 nusquam
1440 727 1588 787 lapsus
1627 729 1734 771 est1.
1762 745 1784 768 »

396 799 523 854 Quod
556 798 684 844 multi
709 799 756 843 in
785 798 868 842 illis
900 798 1043 842 verbis
1070 814 1161 842 non
1192 797 1469 857 intelligunt,
1506 807 1549 842 et
1583 797 1787 858 quaedam

394 871 456 914 ibi
470 871 528 914 sic
543 869 778 929 accipiunt,
794 868 916 930 quasi
927 867 1094 928 aliquid
1109 867 1271 912 durum
1285 867 1445 912 dixerit
1463 870 1486 912 J
1490 868 1547 912 ob
1564 867 1611 911 in
1629 871 1784 911 Deum.

453 945 575 986 VIII.
601 944 711 986 Nam
734 941 848 985 inter
875 939 1015 984 multa
1043 939 1176 984 etiam
1206 940 1290 983 1100
1315 938 1436 994 dixit,
1472 938 1594 983 velut
1625 948 1788 982 stoma-

395 1013 529 1057 chans
549 1011 753 1056 adversus
767 1014 922 1065 Deum,
941 1010 1052 1054 sicut
1062 1009 1294 1054 videbatur
1308 1025 1400 1054 non
1410 1007 1758 1067 intelligentibus
1776 1027 1785 1052 :

396 1083 470 1128 ille
507 1093 654 1128 autem
683 1083 877 1141 gestabat
903 1097 1133 1141 personam
1162 1097 1367 1140 magnam
1397 1095 1568 1139 magnae
1595 1079 1787 1139 prophe-

397 1154 469 1198 tiae
499 1173 509 1199 :
538 1173 560 1196 «
587 1153 788 1208 Utinam,
813 1152 956 1212 inquit
979 1151 1164 1211 loquens
1193 1151 1249 1195 ad
1282 1154 1444 1204 Deum,
1482 1150 1652 1194 utinam
1681 1158 1791 1193 esset

401 1242 422 1265 »
458 1223 583 1268 nobis
602 1223 761 1267 arbiter
774 1226 806 1266 2.
830 1241 850 1263 n
877 1221 994 1275 Quid
1019 1231 1108 1276 est,
1143 1241 1164 1263 «
1190 1222 1365 1265 Utinam
1393 1230 1503 1265 esset
1529 1220 1654 1264 nobis
1687 1221 1788 1264 331·-

400 1312 421 1335 »
459 1294 601 1337 biter?
618 1312 636 1334 »
663 1293 792 1346 Quasi
810 1293 885 1351 qui
902 1293 1015 1335 inter
1036 1307 1115 1335 nos
1133 1291 1365 1351 judicaret,
1391 1301 1433 1335 et
1458 1307 1547 1351 quo
1564 1291 1789 1351 judicante

397 1379 524 1408 causa
545 1378 639 1407 mea
663 1362 869 1406 vinceret.
894 1362 962 1405 Sic
985 1362 1193 1419 accipitur
1214 1360 1271 1404 ad
1288 1361 1479 1420 primum
1495 1376 1651 1405 sonum
1679 1380 1688 1405 ε
1713 1359 1789 1404 sed

397 1433 564 1478 discute
585 1442 652 1487 te,
682 1448 738 1476 ne
759 1431 917 1476 labaris
944 1451 953 1475 ε
977 1431 1164 1475 attendit
1186 1431 1302 1474 enim
1330 1446 1504 1491 serpens
1525 1430 1599 1475 ille
1620 1446 1789 1490 semper

394 1506 647 1551 calcaneum
676 1505 848 1548 tuum4.
885 1502 1002 1556 Quid
1029 1503 1142 1547 visus
1165 1512 1229 1547 est
1251 1503 1407 1547 dixisse
1432 1504 1547 1548 Job?
1567 1523 1588 1546 «
1613 1504 1788 1548 Utinam

398 1595 418 1617 »
454 1586 564 1620 esset
587 1575 712 1620 nobis
735 1574 894 1618 arbiter
909 1609 920 1629 ‚
946 1592 966 1615 »
994 1573 1164 1617 utinam
1187 1583 1296 1617 esset
1317 1573 1487 1618 medius
1515 1573 1686 1634 aliquis,
1710 1573 1790 1634 qui

393 1647 610 1708 judicaret
630 1647 744 1690 inter
767 1662 837 1689 me
859 1655 902 1689 et
924 1654 982 1689 te.
1010 1647 1103 1689 Hoc
1128 1648 1218 1689 Deo
1241 1646 1395 1701 homo,
1421 1646 1504 1690 hoc
1528 1646 1574 1689 in
1601 1656 1799 1701 stercorev

398 1720 547 1773 homo,
574 1719 656 1762 hoc
679 1717 748 1761 vel
772 1717 814 1760 in
838 1716 951 1761 coelo
964 1716 1155 1774 Angelus
1166 1720 1271 1771 Deo,
1289 1736 1308 1758 «
1336 1717 1510 1761 Utinam
1532 1726 1641 1760 esset
1662 1717 1788 1761 nobis

401 1808 422 1831 »
455 1790 646 1834 arbiter?
663 1807 682 1829 »
702 1787 786 1833 Sed
801 1787 909 1847 quid
930 1787 1231 1847 praevidebat?
1248 1786 1356 1847 quid
1369 1788 1575 1848 optabat?
1594 1807 1611 1828 «
1638 1787 1783 1842 Multi,

401 1880 422 1903 »
457 1862 600 1921 inquit
634 1860 890 1914 Dominus,·
902 1859 1008 1919 justi
1037 1869 1080 1903 et
1116 1859 1342 1918 prophetae
1369 1859 1605 1903 voluerunt
1640 1858 1788 1904 videre

403 1951 422 1974 »
458 1948 557 1992 quae
573 1930 741 1985 videtis,
767 1939 810 1974 et
832 1946 922 1974 non
944 1930 1149 1974 viderunt
1165 1933 1224 1973 ⁵.»
1250 1930 1476 1974 Arbitrum
1494 1930 1783 1975 desiderabat.

400 2001 518 2056 Quid
535 2011 598 2046 est
614 2001 801 2045 arbiter?
816 2000 986 2045 Medius
998 1999 1052 2044 ad
1066 2000 1415 2060 componendam
1429 2017 1617 2045 cansam.
1632 2004 1787 2047 Nonne

399 2073 563 2118 inimici
585 2088 754 2117 eramus
778 2072 870 2127 Dei,
897 2081 939 2117 et
966 2072 1125 2115 malam
1146 2088 1318 2116 causam
1339 2072 1608 2117 habebamus
1630 2072 1785 2117 adver-

399 2161 469 2190 sus
487 2146 653 2189 Deum?
675 2144 778 2197 Quis
800 2144 944 2188 finiret
965 2159 1139 2188 causam
1159 2144 1285 2188 istam
1302 2143 1477 2199 malam,
1498 2145 1577 2188 nisi
1598 2143 1671 2188 ille
1690 2159 1785 2188 me—

399 2216 497 2260 dius
518 2215 694 2268 arbiter,
719 2216 794 2275 qui
826 2215 905 2258 nisi
927 2215 1108 2270 veniret,
1134 2214 1437 2259 misericordiae
1459 2216 1646 2275 perierat
1667 2216 1786 2259 iter?

398 2291 460 2332 De
482 2302 570 2347 quo
596 2285 828 2345 Apostolus
851 2285 981 2340 dicit,
1015 2305 1036 2327 «
1062 2288 1182 2330 Unus
1213 2286 1329 2329 enim
1360 2289 1474 2330 Deus
1505 2295 1549 2330 et
1569 2285 1783 2330 mediator

404 2377 422 2399 »
458 2358 536 2402 Dei
553 2366 596 2401 et
616 2357 843 2400 hominum
858 2356 990 2400 homo
1011 2357 1207 2401 Christus
1229 2358 1395 2400 Jesusfi.
1414 2375 1433 2397 n
1462 2357 1503 2401 Si
1525 2373 1615 2401 non
1630 2357 1780 2412 homo,

400 2444 490 2473 non
516 2426 752 2485 mediator,
776 2428 876 2487 quia
900 2427 1077 2487 aequalis
1106 2427 1219 2471 Patri
1248 2430 1377 2472 Deus.
1418 2427 1532 2472 Dicit
1560 2426 1644 2472 alio
1665 2427 1780 2482 loco,

449 2530 459 2546 ¹
477 2523 550 2555 Job,
571 2534 609 2564 11,
631 2534 682 2555 10.
705 2539 745 2545 --
761 2528 775 2545 ²
799 2522 845 2554 Id.
864 2533 908 2563 ix,
928 2523 981 2564 33,
998 2523 1089 2564 juxta
1107 2533 1180 2555 Lxx.
1198 2539 1239 2545 —
1260 2521 1273 2546 3
1299 2523 1314 2555 ὸ
1334 2522 1458 2567 μεσίτης
1473 2523 1571 2567 ἡμῶν.
1599 2540 1639 2546 -
1661 2521 1678 2553 4
1701 2525 1781 2558 Gen.

398 2594 444 2623 111,
468 2583 519 2616 15.
545 2600 586 2606 —
604 2581 618 2607 ⁵
638 2583 750 2616 Matth.
773 2594 843 2626 xm,
862 2594 911 2624 17.
929 2599 970 2606 --
987 2581 1003 2606 6
1021 2595 1034 2616 1
1050 2584 1129 2616 Tim.
1147 2594 1184 2624 11,
1200 2582 1232 2615 5.
