1848 3261
279 204 519 236 ENARRA'HO
551 208 598 236 ΙΝ
627 205 830 236 PsALMUM
860 206 1022 245 exvm,
1056 204 1194 235 sEmvso
1226 208 1268 236 v.
1374 197 1457 237 397

82 287 102 312 »
138 270 236 329 rigit
258 271 406 332 junior
429 272 543 318 viam
564 274 711 318 suam?
735 291 755 316 »
787 273 874 317 huc
895 287 1034 332 usque
1062 272 1342 332 interrogatio
1378 283 1455 318 est.

79 341 241 386 Deinde
262 343 481 403 responsio
498 379 509 399 ,
538 363 559 387 «
586 348 638 389 In
656 344 939 389 custodiendo
956 342 1089 388 verba
1113 352 1202 387 tua.
1233 362 1253 385 »
1277 344 1360 389 Sed
1378 346 1462 390 hoc

79 411 177 457 loco
199 415 431 460 custoditio
461 416 696 461 verborum
727 416 833 471 Dei,
868 413 1151 474 intelligenda
1179 423 1242 458 est
1272 419 1464 474 operatio

82 494 414 544 praeceptorum.
455 489 633 531 Frustra
666 485 781 530 enim
817 485 1125 530 custodiuntur
1158 485 1365 529 memoria
1381 520 1392 540 ,
1433 486 1467 529 si

81 570 172 599 non
193 556 493 601 custodiantur
515 567 558 602 et
577 558 680 602 vita.
698 560 806 603 Nam
830 556 1009 617 quidam
1030 556 1160 601 verba
1183 556 1261 600 Dei
1277 555 1468 600 tenendo

82 635 218 684 agunt
239 642 294 671 ne
315 626 642 683 obliviscantur,
658 643 738 672 nec
755 637 892 687 agunt
904 627 1090 673 vivendo
1112 636 1162 671 ut
1177 626 1465 685 corrigantur.

81 698 180 742 Non
193 706 339 741 autem
352 697 411 742 ait
426 696 505 742 iste
518 717 527 742 2
544 701 597 742 In
613 713 702 758 quo
715 707 885 743 exercet
893 697 1042 758 junior
1057 697 1310 741 memoriam
1322 698 1471 741 suam?

81 766 179 822 sed,
199 785 220 808 «
239 770 292 811 In
313 783 401 827 quo
421 768 597 826 corrigit
616 768 732 813 viam
748 769 936 813 suam?»
962 776 1092 828 atque
1115 767 1171 812 ad
1187 768 1271 812 hoc
1289 782 1471 827 respon-

82 835 158 880 det
181 856 191 882 :
216 856 237 880 «
263 840 315 881 In
336 836 623 883 custodiendo
649 839 783 884 verba
805 847 895 882 tua.
920 856 941 880 »
967 841 1118 899 Neque
1136 838 1229 883 ullo
1252 837 1384 884 modo
1406 837 1474 882 di-

82 905 221 951 cenda
244 916 308 952 est
328 908 394 952 via
413 917 604 953 correcta
617 943 628 964 ,
653 908 851 968 quandiu
867 917 932 953 est
953 907 1042 953 vita
1059 923 1273 968 perversa.

143 979 200 1021 ΙΙ.
229 977 314 1023 Sed
334 978 444 1038 quid
463 978 544 1022 sibi
567 977 663 1022 vult
680 978 761 1023 iste
775 978 959 1038 junior?
982 979 1131 1023 Potuit
1152 979 1270 1022 enim
1292 979 1435 1023 dicere
1462 998 1471 1024 :

86 1050 138 1092 In
159 1063 248 1108 quo
267 1049 442 1106 corrigit
464 1049 595 1094 homo
612 1051 726 1093 viam
747 1052 897 1093 suam?
915 1058 1014 1104 aut,
1037 1052 1088 1093 In
1107 1064 1194 1108 quo
1211 1049 1390 1107 corrigit
1411 1049 1476 1093 vir

84 1118 198 1164 viam
217 1121 370 1164 suam?
391 1118 511 1179 quod
532 1119 792 1179 plerumque
813 1119 859 1162 in
883 1119 1112 1178 Scripturis
1133 1119 1192 1162 ita
1213 1119 1409 1178 ponitur,
1425 1127 1476 1163 ut

85 1205 110 1234 a
141 1205 244 1234 sexu
276 1190 554 1234 honoratiore
587 1190 719 1234 homo
750 1189 1019 1248 intelligatur
1038 1225 1048 1245 ,
1080 1188 1212 1233 modo
1244 1189 1478 1234 locutionis

86 1275 176 1319 quo
195 1260 462 1318 significatur
478 1276 501 1304 a
517 1269 640 1319 parte
654 1269 811 1305 totum.
823 1262 975 1320 Neque
990 1261 1106 1304 enim
1127 1269 1171 1303 et
1191 1260 1375 1304 foemina
1389 1275 1479 1305 non

85 1331 213 1376 beata
229 1347 328 1391 quae
350 1347 440 1376 non
457 1331 564 1375 abiit
583 1332 631 1375 in
648 1331 827 1376 consilio
844 1331 1077 1390 impiorum
1097 1331 1198 1375 :ubi
1220 1340 1367 1376 tamen
1387 1331 1480 1377 dic-

88 1411 185 1447 tum
207 1411 269 1445 est
292 1421 300 1446 ε
326 1404 521 1445 «Beatus
543 1401 609 1446 vir
626 1403 686 1444 1.»
703 1401 784 1445 Hic
806 1417 908 1446 vero
927 1417 1008 1445 nec
1031 1404 1172 1446 Homo
1195 1402 1269 1458 ait,
1290 1417 1371 1447 nec
1383 1403 1476 1458 Vir,

88 1471 164 1517 sed
171 1507 187 1527 ,
216 1490 237 1513 α
261 1471 430 1515 Junior.
460 1489 480 1513 ³>
509 1471 736 1531 Numquid
754 1470 1050 1530 desperandus
1074 1481 1137 1515 est
1153 1472 1323 1516 senior?
1340 1481 1415 1517 aut
1436 1473 1481 1516 in

90 1542 175 1587 alio
189 1542 367 1600 corrigit
383 1543 513 1586 etiam
529 1541 671 1586 senior
687 1541 800 1587 viam
823 1557 959 1597 suam,
972 1557 1104 1601 quam
1125 1542 1170 1585 in
1194 1542 1482 1587 custodiendo

89 1613 223 1659 verba
242 1612 351 1657 Dei?
372 1615 441 1657 An
462 1611 575 1656 forte
597 1611 837 1656 admonitio
861 1621 939 1667 est,
959 1628 1044 1672 qua
1063 1621 1190 1656 aetate
1208 1612 1482 1671 potissimum

91 1683 185 1727 fieri
213 1682 370 1726 debeat
401 1701 410 1726 ;
444 1680 686 1725 secundum
715 1680 826 1725 illud
853 1681 974 1741 quod
1005 1681 1109 1725 alibi
1139 1682 1349 1741 scriptum
1372 1691 1435 1726 est
1470 1701 1479 1727 :

97 1772 115 1795 «
151 1752 251 1809 Fili,
271 1769 294 1797 a
308 1754 540 1813 juventute
558 1762 634 1797 tua
656 1753 803 1812 excipe
826 1752 1088 1806 doctrinam,
1110 1760 1152 1795 et
1176 1768 1315 1812 usque
1335 1751 1391 1798 ad
1412 1768 1484 1797 ca-

98 1843 118 1866 »
153 1839 232 1868 nos
257 1823 450 1868 invenies
472 1823 755 1882 sapientiam2
772 1825 790 1867 P
810 1841 829 1864 »
855 1825 933 1866 Est
956 1832 999 1866 et
1018 1822 1126 1866 alius
1147 1821 1409 1878 intellectus,
1435 1833 1486 1868 ut

95 1894 169 1939 ille
186 1895 257 1939 hic
277 1903 534 1952 agnoscatur
557 1893 671 1937 filius
693 1893 964 1952 evangelicus
981 1893 1146 1953 junior,
1171 1893 1248 1954 qui
1266 1893 1486 1953 profectus

96 1982 121 2010 a.
150 1974 272 2025 patre
306 1964 352 2009 in
390 1963 611 2023 regionem
653 1963 941 2024 longinquam
956 1998 967 2019 ‚
1005 1963 1164 2008 effudit
1200 1964 1486 2009 substantiam

97 2052 220 2082 suam
244 2036 392 2081 vivens
415 2051 517 2080 cum
548 2035 848 2080 meretricibus
881 2035 1088 2095 prodige,
1129 2044 1172 2080 et
1202 2045 1485 2096 posteaquam

99 2122 251 2168 porcos
273 2105 391 2166 pavit
413 2114 647 2165 egestatem
669 2104 919 2166 famemque
935 2121 1181 2166 perpessus,
1206 2122 1400 2151 reversus
1422 2115 1487 2152 est

99 2177 155 2222 ad
186 2177 487 2236 semetipsum,
522 2185 566 2220 et
599 2175 706 2220 dixit
739 2195 747 2221 :
777 2195 797 2218 «
825 2179 1006 2236 Surgam
1025 2212 1036 2232 ,
1076 2186 1120 2221 et
1144 2177 1220 2222 ibo
1242 2176 1299 2221 ad
1320 2186 1486 2237 patrem

101 2265 122 2289 »
157 2262 319 2291 meum.
348 2264 369 2288 >›
396 2249 448 2289 In
467 2261 555 2306 quo
577 2246 695 2290 enim
716 2246 902 2291 correxit
918 2247 1034 2291 viam
1055 2262 1176 2291 suam
1192 2282 1206 2302 ,
1227 2247 1308 2291 nisi
1329 2247 1374 2291 in
1395 2261 1488 2291 cus-

100 2316 309 2362 todiendo
338 2315 472 2361 verba
489 2316 585 2371 Dei,
611 2332 712 2377 quae
733 2326 943 2377 tanquam
963 2332 1120 2377 panem
1138 2327 1368 2377 paternum
1387 2332 1487 2360 esu-

102 2389 215 2434 riens
236 2387 509 2447 concupivit?
523 2390 674 2448 Neque
694 2389 809 2432 enim
830 2389 1063 2449 corrigeret
1083 2390 1198 2435 viam
1217 2405 1339 2434 suam
1352 2389 1486 2433 frater

104 2460 195 2519 ejus
231 2458 372 2503 senior
386 2492 397 2514 ,
431 2458 508 2518 qui
539 2458 651 2518 patri
672 2474 750 2504 suo
771 2458 881 2504 dixit
903 2477 911 2504 :
944 2478 963 2502 ‹<
984 2462 1096 2506 Ecce
1118 2469 1181 2505 tot
1202 2460 1324 2506 annis
1347 2459 1486 2505 servio

153 2550 162 2567 ¹
180 2542 261 2577 Psal.
285 2555 311 2586 1,
334 2555 362 2578 1.
379 2559 421 2567 —
435 2549 448 2567 ²
462 2543 560 2577 Eccli.
582 2554 626 2585 vi,
646 2545 696 2576 18.
