1848 3261
253 237 495 266 mannum
526 241 571 267 m
602 239 804 268 PsALMUM
834 239 996 276 cxvm,
1030 236 1169 266 SERMO
1199 239 1296 267 xxv.
1383 230 1465 268 503

99 322 120 346 «
154 304 488 349 Praevaricantes
509 304 716 365 deputavi
732 319 880 350 omnes
895 313 1139 364 peccatores
1152 307 1302 349 terrae?
1322 325 1341 348 »
1360 309 1470 351 Res'-

94 373 314 434 pondetur
342 376 459 419 enim
489 376 636 432 nobis,
663 375 744 428 Qui
775 383 878 419 sunt
897 389 1001 433 ergo
1020 372 1106 429 illi,
1132 375 1209 434 qui
1229 376 1469 422 secundum

93 445 352 504 Apostolum
386 446 477 490 sine
513 446 607 504 lege
641 447 957 505 peccaverunt?
992 447 1090 491 Non
1111 444 1226 488 enim
1253 454 1296 489 et
1319 462 1472 492 eorum

90 516 321 576 quisquam
358 518 644 576 praevaricans
679 515 955 576 deputandus
991 525 1076 571 est,
1105 530 1207 560 cum
1230 516 1470 563 secundum

90 586 293 630 eumdem
317 587 572 644 Apostolum
586 623 596 642 ,
614 587 910 646 praevaricatio
932 602 1020 631 non
1041 586 1095 630 sit
1110 585 1186 629 ubi
1199 585 1270 629 lex
1286 602 1376 630 non
1388 597 1466 632 est.

148 660 205 701 ΙΙ.
236 657 319 702 Sed
338 658 542 701 nimirum
562 672 661 702 cum
684 656 847 702 diceret
867 656 1100 718 Apostolus
1124 676 1133 702 :
1154 675 1174 699 «
1196 658 1472 719 Quicumque

91 745 112 769 »
148 728 238 771 sine
260 728 352 785 lege
376 738 686 788 peccaverunt,
704 729 795 772 sine
810 729 904 786 lege
923 729 1130 788 peribunt
1144 763 1155 783 ‚
1178 747 1196 770 »
1217 727 1272 772 de
1286 728 1357 773 illa
1375 729 1470 788 lege

89 797 266 856 agebat,
287 814 416 858 quam
441 802 553 842 Deus
570 797 692 842 dedit
708 814 784 857 per
804 801 986 855 Moysen
1009 797 1222 842 famulum
1238 814 1365 842 suum
1387 813 1470 858 po-

87 867 194 926 pulo
228 883 305 911 suo
336 867 482 911 Israel.
516 871 619 912 Haec
646 868 735 927 ipsa
752 903 763 923 ‚
791 882 890 928 quae
907 868 1212 924 circumstant,
1231 869 1363 913 verba
1379 870 1469 929 ejus

86 937 338 982 ostendunt.
354 938 609 997 Disputabat
630 939 744 982 enim
760 938 816 982 de
835 941 861 982 J
865 938 1020 993 udaeis,
1045 947 1089 982 ct
1109 938 1269 983 Graecis
1283 972 1295 993 ‚
1318 939 1365 983 id
1385 948 1466 996 est,

86 1008 298 1052 Gentibus
313 1043 324 1063 ‚
349 1008 510 1053 non-ad
524 1009 893 1053 circumcisionem
906 1044 917 1064 ‚
934 1008 1009 1053 sed
1022 1007 1076 1052 ad
1091 1009 1355 1068 praeputium
1373 1024 1469 1069 per-

85 1079 324 1123 tinentibus
340 1101 351 1137 3
367 1080 466 1124 ideo
488 1079 579 1123 sine
591 1080 686 1138 lege
703 1096 774 1124 eos
788 1079 934 1124 dicens
951 1115 962 1135 ‚
988 1080 1089 1139 quia
1106 1095 1196 1124 non
1213 1090 1468 1140 acceperant

84 1148 246 1208 legem,
272 1165 403 1209 quam
432 1165 475 1193 se
496 1150 709 1209 accepisse
727 1149 1023 1208 gloriabantur
1049 1148 1208 1194 Judaei.
1234 1150 1360 1194 Unde
1383 1149 1466 1195 illis

83 1220 144 1264 ait
172 1241 180 1265 :
212 1240 232 1263 «
254 1222 295 1266 Si
313 1231 457 1266 autem
476 1230 525 1265 tu
547 1224 571 1265 J
576 1220 727 1265 udaeus
748 1221 1086 1280 cognominaris,
1107 1230 1150 1264 et
1171 1221 1400 1281 requiescis
1422 1223 1468 1266 in

85 1308 106 1332 »
141 1290 237 1349 lege
252 1326 263 1345 ,
289 1301 331 1335 ct
355 1291 548 1350 gloriaris
562 1291 607 1334 in
627 1294 732 1335 Deo.
759 1309 779 1331 »
806 1292 1003 1350 Denique
1021 1290 1139 1335 unde
1159 1289 1214 1334 ad
1230 1291 1344 1335 hanc
1365 1306 1467 1335 sen-

84 1379 105 1402 »
141 1361 324 1405 tentiam
346 1362 533 1416 venerit,
560 1361 823 1405 intuendum
842 1370 997 1416 est,‘ut
1013 1361 1200 1406 diceret:
1220 1380 1241 1403 «
1256 1362 1467 1414 Quicum-

85 1450 105 1473 »
141 1448 226 1492 que
249 1432 339 1476 sine
361 1431 456 1491 lege
478 1442 767 1492 peccaverunt
784 1468 794 1486 ‚
812 1432 903 1476 sine
919 1432 1014 1491 lege
1032 1432 1252 1491 peribunt.
1275 1435 1343 1477 Ira
1360 1467 1372 1488 ,
1396 1433 1466 1477 in·-

84 1521 105 1544 »
140 1503 264 1563 quit,
296 1513 339 1547 et
365 1503 632 1561 indignatio,
667 1503 891 1548 tribulatio
924 1512 967 1547 et
1003 1504 1196 1561 angustia
1216 1504 1263 1547 in
1290 1519 1464 1548 omnem

83 1591 104 1614 »
140 1574 328 1617 animam
356 1574 544 1618 hominis
582 1574 799 1634 operantis
831 1573 994 1617 malum
1011 1608 1022 1629 ‚
1047 1573 1190 1617 Judaei
1212 1574 1399 1630 primum
1421 1584 1464 1619 et

82 1662 102 1686 n
139 1645 279 1689 Graeci
301 1664 310 1688 ;
331 1644 463 1702 gloria
485 1653 631 1688 autem
654 1653 696 1688 et
713 1644 853 1688 honor
866 1653 909 1688 et
931 1659 1013 1703 pax
1035 1644 1154 1688 omni
1171 1644 1368 1703 operanti
1383 1643 1464 1690 bo·-

82 1733 103 1756 »
138 1731 268 1769 num,
295 1718 318 1758 J
323 1715 450 1759 udaeo
468 1715 658 1774 primum
677 1724 720 1758 et
739 1716 904 1759 Graeco.
930 1714 1028 1759 Non
1047 1723 1111 1758 est
1122 1714 1239 1757 enim
1255 1730 1464 1773 persona—

82 1804 102 1826 »
138 1801 233 1828 rum
249 1785 442 1844 acceptio
461 1784 577 1843 apud
600 1780 754 1827 Deum.
777 1802 797 1824 »
819 1783 888 1827 Ad
907 1785 1002 1828 haec
1027 1783 1193 1828 addidit
1216 1785 1333 1828 unde
1344 1799 1464 1830 nunc

78 1856 260 1916 quaestio
283 1864 370 1909 est,
398 1864 440 1897 et
463 1855 545 1898 ait:
577 1873 596 1895 «
619 1854 894 1913 Quicumque
908 1853 1024 1897 enim
1041 1854 1133 1898 sine
1144 1854 1240 1914 lege
1251 1869 1462 1915 peccave-

81 1945 100 1967 η
137 1932 267 1980 Γιιι]1;,’
285 1926 376 1969 sine
396 1925 490 1983 lege
513 1924 746 1984 peribunt3
772 1931 815 1969 et
836 1925 1104 1985 quicumque
1126 1925 1171 1969 in
1191 1926 1284 1985 lege
1307 1943 1461 1986 pecca—

84 2017 100 2037 »
135 2006 316 2049 verunt,
333 2008 408 2055 per
419 1995 556 2053 legem
570 1994 927 2055 judicabuntur¹.
953 2012 972 2036 υ
994 1998 1082 2039 Hos
1095 1994 1249 2056 utique
1265 1998 1458 2055 Judae0s‚

76 2066 172 2110 illos
185 2075 329 2110 autem
347 2068 519 2109 Graecos
536 2063 684 2109 volens
697 2064 895 2123 intelligi,
914 2066 1121 2126 quoniam
1133 2066 1186 2110 de
1201 2067 1266 2111 his
1285 2068 1456 2127 agebat3

81 2147 286 2197 utrosque
303 2136 384 2180 sub
406 2145 585 2196 peccato
608 2151 696 2180 esse
710 2136 1032 2191 demonstrans,
1052 2146 1100 2181 ut
1122 2152 1248 2196 egere
1266 2153 1310 2182 se
1324 2140 1458 2196 gratia

76 2210 250 2269 utrique
279 2208 498 2253 fateantur
525 2225 533 2253 ε
559 2216 736 2267 propter
758 2207 877 2267 quod
899 2207 1005 2252 dicit
1031 2227 1039 2254 z
1081 2228 1100 2250 «
1124 2206 1222 2260 Non
1243 2210 1359 2254 enim
1396 2220 1460 2256 est

81 2299 100 2321 »
135 2280 378 2332 distinctio,
409 2293 557 2323 omnes
595 2279 709 2322 enim
737 2288 1050 2338 peccaverunt,
1081 2288 1123 2323 et
1161 2289 1290 2339 egent
1323 2280 1458 2339 gloria

79 2369 100 2391 n
136 2352 234 2405 Dei,
252 2351 476 2411 justificati
499 2350 626 2408 gratis
647 2364 725 2409 per
757 2349 931 2407 gratiam
955 2350 1086 2410 ipsius
1102 2386 1112 2405 ,
1143 2365 1220 2410 per
1253 2350 1457 2412 redemp-

79 2439 100 2462 »
135 2421 298 2464 tionem
335 2437 433 2481 quae
467 2430 528 2465 est
556 2421 601 2464 in
627 2421 798 2465 Christo
819 2423 937 2465 Jesu.
969 2442 986 2462 »
1028 2424 1146 2475 Quos
1174 2422 1320 2483 itaque
1351 2423 1457 2469 dicit

77 2507 226 2535 omnes
251 2506 467 2550 peccasse,
493 2492 571 2535 nisi
590 2490 764 2535 Judaeos
786 2501 828 2535 et
852 2493 1023 2537 Graecos
1038 2528 1048 2546 ‚
1073 2491 1128 2536 de
1149 2493 1310 2552 quibus
1331 2493 1455 2539 dixe—

127 2584 134 2598 ¹
155 2581 243 2609 Rom.
262 2589 296 2618 11,
317 2578 407 2619 8·¹2'·
