1848 3261
340 237 425 278 230
751 248 786 278 s.
821 248 1053 280 Aucvs'rnu
1083 252 1266 281 zmscom

340 333 363 357 >›
397 329 499 359 eum
530 313 771 360 secundum
793 315 1122 360 multitudinem
1140 317 1444 363 misericordiae
1463 321 1594 365 suae1.
1615 323 1719 365 Poe-

343 406 362 428 »
397 385 530 430 nituit
554 406 571 427 »
597 385 764 430 dictum
786 395 849 430 est
865 422 876 442 ,
900 387 1001 446 quia
1023 387 1208 431 mutavit
1235 388 1357 448 quod
1379 405 1452 434 eos
1470 389 1720 450 perditurus

337 455 584 502 videbatur.
611 458 668 500 Et
690 456 807 515 apud
840 459 978 499 Deum
1007 455 1185 516 quidem
1207 457 1412 517 disposita
1442 469 1486 504 et
1512 461 1598 504 fixa
1618 471 1722 506 sunt

336 528 497 581 omnia,
524 542 604 571 nec
628 525 748 571 aliud
768 526 874 571 facit
887 527 1009 586 quasi
1029 527 1207 573 consilio
1227 530 1471 588 repentino,
1495 532 1617 591 quod
1631 548 1721 578 non

333 615 387 644 ex
408 599 649 642 aeternitate
665 613 709 642 se
728 596 948 642 facturum
970 614 1056 643 esse
1072 600 1285 659 praescivit
1305 620 1314 645 :
1340 600 1414 645 sed
1438 602 1484 645 in
1512 613 1721 648 creaturae

335 668 648 729 temporalibus
673 667 887 722 motibuS,
922 684 1055 727 quam
1081 670 1296 728 gubernat
1326 671 1596 728 mirabiliter,
1628 674 1720 733 ipse

336 755 427 784 non
449 736 744 797 temporaliter
766 747 925 791 motus,
950 739 1073 798 quasi
1089 740 1314 798 repentina
1334 740 1557 786 voluntate
1584 743 1721 788 {acere

332 809 508 863 dicitur,
535 807 657 867 quod
678 807 886 852 ordinatis
909 823 1054 852 rerum
1084 811 1220 854 causis
1245 811 1411 855 consilii
1434 813 1502 856 sui
1523 815 1721 858 secretis-

332 879 430 924 simi
445 877 796 922 immutabilitate
813 878 1038 937 disposuit,
1050 894 1138 939 qua
1152 881 1237 924 suis
1247 897 1435 941 quaeque
1450 883 1720 943 temporibus

332 951 493 1009 agnita,
524 958 568 992 et
593 949 824 1008 praesentia
852 948 972 1004 facit,
1007 959 1050 994 et
1082 948 1231 996 futura
1258 953 1350 1012 jam
1379 951 1497 997 fecit.
1527 972 1545 994 «
1579 957 1637 999 Et
1666 954 1722 999 ad

335 1039 357 1063 »
391 1021 487 1065 haec
515 1019 611 1080 quis
641 1018 883 1063 idoneus2‘?
913 1038 934 1060 »
966 1019 1206 1065 Audiamus
1239 1022 1388 1082 itaque
1423 1024 1718 1083 Scripturam,

333 1090 558 1136 humiliter
589 1089 753 1134 excelsa
785 1088 1026 1145 dicentem,
1058 1105 1160 1134 cum
1185 1101 1229 1136 et
1260 1092 1452 1152 parvulis
1477 1094 1722 1139 nutriendis

333 1160 545 1208 sumenda
572 1160 777 1220 porrigit,
810 1169 854 1203 et
872 1160 1107 1220 majoribus
1135 1162 1383 1207 exercendis
1410 1166 1722 1223 perscrutanda

330 1232 554 1293 proponit.
583 1249 604 1273 «
623 1232 681 1274 Et
703 1229 811 1274 vidit
832 1245 932 1274 eum
955 1230 1287 1289 tribularentur,
1310 1249 1410 1277 cum
1433 1234 1604 1279 audiret
1625 1251 1723 1280 ora-

336 1322 359 1346 »
393 1303 559 1347 tionem
574 1315 752 1356 eorum,
776 1309 820 1344 et
840 1315 1007 1345 memor
1029 1299 1113 1345 fuit
1134 1304 1382 1347 testamenti
1399 1305 1465 1348 sui
1490 1323 1500 1349 ε
1525 1322 1546 1346 »
1571 1306 1723 1366 utique

332 1372 580 1419 testamenti
602 1371 771 1426 aeterni,
800 1389 821 1413 «
844 1370 976 1424 Quod
1000 1370 1213 1431 disposuit
1238 1374 1293 1418 ad
1322 1374 1544 1419 Abraham
1559 1410 1571 1430 ,
1589 1393 1610 1416 »
1631 1391 1723 1421 non

333 1446 486 1489 veteris
508 1441 629 1504 quod
651 1440 867 1497 aboletur,
893 1441 969 1486 sed
995 1442 1096 1487 novi
1117 1436 1238 1504 quod
1259 1444 1390 1488 etiam
1411 1444 1457 1488 in
1474 1453 1618 1489 vetere
1640 1447 1722 1491 ab-

332 1512 571 1560 sconditur.
613 1532 634 1556 «
667 1515 725 1557 Et
750 1512 956 1572 poenituit
985 1528 1086 1557 eum
1121 1514 1362 1559 secundum
1392 1514 1721 1561 multitudinem

336 1605 360 1629 >›
393 1584 699 1631 misericordiae
726 1600 831 1629 suae.
860 1602 881 1624 »
914 1587 1007 1629 Hoc
1044 1584 1148 1629 fecit
1177 1585 1298 1646 quod
1323 1585 1608 1647 disposuerat,
1645 1587 1722 1633 sed

333 1656 640 1702 contribulatis
663 1664 707 1699 et
728 1655 955 1700 orantibus
973 1670 1016 1698 se
1038 1654 1083 1699 id
1111 1671 1419 1701 concessurum
1437 1673 1528 1703 esse
1547 1658 1724 1717 praesci-

332 1737 482 1786 verat,
507 1728 609 1789 quia
637 1736 681 1771 et
710 1727 799 1784 ipsa
825 1727 962 1771 oratio
985 1742 1154 1782 eorum,
1185 1743 1286 1772 cum
1312 1729 1456 1773 adhuc
1478 1746 1568 1774 non
1595 1739 1721 1786 esset,

333 1798 410 1844 sed
430 1798 580 1843 futura
597 1807 720 1853 esset,
745 1803 881 1841 Deum
896 1797 1048 1857 procul
1072 1798 1210 1843 dubio
1227 1814 1316 1843 non
1337 1799 1518 1844 latebat.

392 1871 599 1914 XXXVI.
626 1888 647 1911 «
670 1871 728 1913 Et
754 1867 875 1912 dedit
898 1883 969 1912 eos
998 1868 1044 1911 in
1075 1868 1388 1913 misericordias
1401 1871 1433 1914 3.
1462 1890 1480 1911 »
1507 1872 1564 1914 Ut
1583 1879 1725 1915 essent

332 1956 424 1985 non
444 1955 544 1985 vasa
563 1940 654 1994 irae,
680 1939 755 1983 sed
777 1938 1082 1983 misericordiae
1101 1940 1132 1982 4.
1156 1937 1261 1984 Ideo
1283 1948 1430 1983 autem
1452 1949 1561 2000 puto
1581 1940 1725 2000 plura-

330 2011 430 2056 liter
456 2009 768 2054 misericordias
797 2009 956 2063 dictas,
980 2010 1027 2053 in
1059 2025 1166 2070 quas
1188 2025 1260 2054 eos
1282 2009 1404 2054 dedit
1419 2046 1431 2066 ,
1456 2011 1558 2071 quia
1587 2027 1724 2055 unus-

332 2081 520 2142 quisque
541 2079 770 2140 proprium
790 2079 957 2123 donum
969 2079 1102 2124 habet
1121 2095 1145 2123 a
1167 2083 1272 2134 Deo,
1293 2080 1400 2125 alius
1417 2081 1494 2135 sic,
1517 2080 1625 2126 alius
1642 2097 1723 2125 au-

331 2161 422 2197 tem
452 2152 557 2196 sic⁵.
587 2171 608 2194 «
633 2151 762 2195 Dedit
784 2165 884 2209 ergo
911 2166 982 2196 eos
1004 2151 1050 2195 in
1070 2151 1395 2207 misericordiam,
1420 2151 1466 2196 in
1486 2161 1723 2211 conspectu

337 2241 359 2265 »
394 2223 592 2267 omnium
621 2222 698 2282 qui
720 2229 924 2281 ceperant
954 2236 1039 2266 eos.
1067 2240 1088 2263 »
1114 2224 1207 2281 Age
1237 2237 1383 2277 nunc,
1413 2222 1606 2283 quisquis
1627 2223 1723 2268 haec

332 2293 453 2351 legis,
479 2302 522 2337 et
540 2293 720 2352 gratiam
740 2292 830 2347 Dei,
852 2308 938 2352 qua
956 2292 1002 2336 in
1019 2301 1226 2337 aeternam
1243 2293 1375 2337 vitam
1394 2308 1470 2353 per
1488 2294 1721 2338 Dominum

333 2372 533 2408 nostrum
554 2365 705 2407 ,Iesum
730 2363 952 2408 Christum
975 2362 1244 2419 redimimur,
1269 2363 1456 2423 legendo
1476 2364 1519 2408 in
1545 2372 1721 2424 aposto-

332 2431 424 2478 licis
438 2433 608 2490 litteris,
627 2434 673 2478 in
699 2433 962 2493 propheticis
985 2443 1132 2478 autem
1155 2434 1395 2480 scrutando
1417 2436 1653 2494 cognosciS,
1678 2443 1723 2478 et

381 2537 392 2553 ¹
417 2530 500 2564 Psal.
518 2541 580 2573 cv,
597 2529 661 2573 44,
681 2531 736 2573 45.
758 2547 800 2554 -
819 2537 833 2554 ²
853 2542 874 2565 2
889 2533 961 2565 Cor.
978 2542 1026 2574 ιι,
1042 2532 1156 2566 16.—
1179 2531 1192 2557 3
1209 2531 1292 2566 Psai.
1311 2544 1364 2576 cv,
1383 2532 1439 2575 46.
1463 2549 1505 2556 -—
1522 2531 1540 2560 ⁴
1557 2535 1649 2566 Rom.
1673 2542 1720 2573 ix,

336 2595 394 2629 22,
412 2588 467 2622 23.
486 2604 529 2613 -
545 2586 562 2613 ⁵
582 2600 597 2622 1
616 2589 690 2623 Cor.
710 2599 774 2631 vn,
792 2599 824 2631 7.
