1848 3261
368 175 451 214 526
793 185 828 214 S.
864 184 1094 216 AUGUSTINI
1126 187 1309 216 EPISCOPI

364 260 569 296 venturos
586 266 664 311 per
686 252 848 311 ipsam?
881 253 1009 298 Multi
1031 252 1148 296 enim
1171 262 1276 297 sunt
1297 253 1372 313 qui
1391 252 1506 298 dicta
1529 255 1751 313 sapientiae

363 322 672 367 studiosissime
693 324 948 384 inquirunt,
977 339 1159 384 eamque
1174 325 1218 368 in
1240 324 1437 369 doctrina
1452 360 1463 379 ,
1488 341 1579 370 non
1599 326 1646 369 in
1662 327 1752 371 vita

362 392 518 437 volunt
540 394 723 452 habere,
761 404 812 439 ut
833 410 921 438 non
944 410 1021 454 per
1049 411 1188 439 mores
1216 411 1325 455 quos
1348 396 1480 456 jubet
1509 395 1718 456 sapientia
1736 431 1748 452 ,

362 465 617 522 perveniant
637 465 692 509 ad
710 466 786 509 Dei
800 464 943 509 lucem
959 500 970 520 ,
995 466 1116 525 quod
1139 475 1204 509 est
1218 466 1309 525 ipsa
1328 467 1536 525 sapientia
1554 501 1564 520 ,
1585 466 1660 510 sed
1676 481 1753 526 per

362 549 578 579 sermones
601 551 710 595 quos
731 536 864 579 habet
897 536 1103 594 sapientia
1120 572 1130 591 ,
1158 536 1413 595 perveniant
1447 537 1501 580 ad
1523 537 1752 580 hominum

359 602 534 649 laudem
551 640 561 660 ,
586 604 706 665 quod
720 614 782 649 est
803 621 915 650 vana
937 606 1087 664 gloria.
1112 609 1211 651 Non
1232 621 1333 664 ergo
1355 607 1611 666 sapientiam
1634 623 1753 667 quae—

359 685 488 730 runt,
514 684 557 719 et
578 676 755 736 quando
772 691 867 721 eam
887 686 1091 737 quaerunt
1106 698 1117 734 3
1133 677 1236 736 quia
1254 693 1348 721 non
1363 687 1569 737 quaerunt
1589 678 1742 737 ipsam,
1764 673 1767 676 ⁴

358 744 552 805 alioquin
572 748 769 791 viverent
789 747 1032 792 secundum
1051 747 1186 806 ipsam
1205 766 1213 791 z
1230 747 1306 791 sed
1326 747 1482 800 volunt
1502 748 1643 792 verbis
1657 749 1763 807 ejus

356 816 521 875 inflari,
539 827 582 862 et
601 827 767 878 quanto
781 820 916 879 magis
932 819 1165 874 inflantur,
1190 827 1313 863 tanto
1334 819 1472 877 magis
1496 819 1751 863 efficiuntur

356 896 472 931 extra
485 888 637 947 ipsam.
656 893 742 933 Iste
756 899 900 934 autem
915 891 998 934 hoc
1014 891 1155 949 ipsum
1175 905 1356 949 poscens
1368 906 1392 933 a
1407 889 1610 944 Domino,
1626 891 1750 949 quod
1764 909 1767 911 ’

357 972 457 1001 eum
475 960 603 1018 jubet
619 958 760 1004 facere
784 960 1017 1014 Dominus,
1036 970 1086 1004 ut
1106 961 1195 1019 ipse
1217 960 1261 1004 iu
1281 960 1358 1004 illo
1375 961 1503 1004 etiam
1525 961 1647 1020 quod
1663 961 1762 1004 ima-

354 1039 477 1088 perat
501 1042 726 1090 operetur,
758 1035 871 1076 Deus
900 1024 964 1076 est
984 1033 1101 1076 enim
1123 1033 1200 1092 qui
1228 1041 1432 1092 operatur
1448 1032 1494 1075 in
1517 1032 1645 1076 nohis
1661 1067 1673 1086 ,
1702 1041 1760 1076 et-

353 1101 465 1145 velle
487 1112 530 1146 et
550 1104 720 1163 operari
741 1119 820 1163 pro
847 1105 963 1149 bona
986 1103 1255 1148 voluntate1:
1283 1123 1303 1146 »
1331 1103 1551 1157 Clamavi,
1576 1103 1742 1163 inquit,

358 1189 377 1211 »
410 1171 710 1222 i11totocorde
729 1189 827 1219 meo
842 1208 854 1231 z·
879 1174 1033 1218 exaudi
1056 1189 1126 1218 me
1140 1209 1151 1230 ,
1177 1174 1360 1218 Domine
1380 1193 1389 1218 ε
1410 1173 1746 1233 justificationes

357 1259 377 1282 »
413 1250 508 1286 tuas
527 1244 749 1303 exquiram
776 1264 786 1289 ε
820 1264 837 1286 »
866 1246 1020 1305 utique
1041 1244 1259 1290 faciendas
1277 1280 1288 1301 ,
1314 1260 1404 1289 non
1436 1244 1744 1288 tantummodo

353 1312 565 1371 sciendas;
579 1329 636 1357 ne
647 1313 794 1358 similis
807 1315 883 1358 fiat
894 1314 959 1359 illi
971 1329 1094 1360 servo
1105 1316 1232 1370 duro,
1248 1316 1325 1375 qui
1335 1315 1498 1360 etiamsi
1515 1312 1748 1358 intellexe-

354 1383 432 1439 rit,
457 1400 547 1429 non
564 1384 818 1429 obaudiet2.

413 1458 472 1500 ΙΙ.
512 1475 532 1498 «
567 1455 783 1507 Clamavi,
808 1454 973 1500 salvum
996 1470 1067 1499 me
1090 1454 1182 1500 fae3
1210 1475 1219 1500 2
1245 1476 1262 1497 »
1287 1454 1382 1511 vel,
1407 1455 1519 1500 sicut
1539 1454 1743 1499 nonnulli

351 1526 521 1572 codices
563 1528 729 1572 habent
750 1537 794 1572 et
816 1528 944 1586 graeci
966 1535 1010 1571 et
1029 1526 1176 1582 latini,
1203 1546 1224 1569 «
1249 1526 1442 1572 Clamavi
1466 1536 1508 1571 te
1537 1545 1547 1571 ε
1571 1525 1739 1571 salvum

353 1615 374 1638 >›
410 1612 480 1640 me
496 1597 579 1642 fac.
601 1599 753 1652 »Quid
770 1608 834 1642 est
849 1634 860 1653 ,
885 1617 905 1640 «
930 1598 1122 1643 Clamavi
1135 1607 1199 1653 te,
1229 1617 1248 1639 »
1272 1598 1352 1642 nisi
1368 1596 1595 1642 clamando
1614 1596 1746 1641 invo-

351 1668 445 1711 cavi
468 1670 536 1711 te?
561 1668 644 1712 Sed
665 1684 766 1712 curn
788 1669 986 1722 dixisset,
1023 1687 1043 1710 «
1072 1668 1248 1713 Salvum
1271 1684 1342 1712 me
1365 1668 1432 1712 fac
1448 1703 1458 1723 ,
1487 1686 1507 1709 n
1524 1667 1633 1728 quid
1655 1667 1742 1712 ad·-

346 1738 526 1796 junxit?
547 1757 565 1779 «
584 1741 642 1782 Et
657 1739 899 1782 custodiam
916 1739 1162 1783 testimonia
1181 1749 1254 1783 tua
1275 1759 1283 1783 :
1302 1757 1322 1780 i)
1351 1754 1406 1782 ne
1424 1748 1467 1782 te
1482 1738 1645 1782 scilieet
1664 1752 1744 1795 per

348 1808 642 1852 infirmitatem
658 1821 826 1864 negem.
847 1807 968 1849 Salus
980 1805 1143 1865 quippe
1158 1807 1313 1849 animae
1326 1805 1445 1860 facit,
1465 1816 1514 1850 ut
1532 1807 1608 1850 fiat
1620 1806 1742 1867 quod

349 1876 597 1922 faciendum
622 1893 712 1920 esse
733 1877 1024 1934 cognoscitur,
1041 1885 1234 1936 etnsque
1253 1878 1307 1919 ad
1318 1885 1503 1920 mortem
1516 1877 1709 1936 corporis
1724 1911 1736 1932 ,

349 1949 382 1991 si
407 1949 490 1991 hoc
512 1947 680 2006 flagitat
702 1955 894 1990 extrema
917 1946 1100 1990 tentatio
1114 1982 1124 2001 ,
1155 1961 1237 2006 pro
1257 1947 1603 1991 testimoniorum
1625 1947 1740 1992 divi-

349 2034 506 2063 norum
527 2018 708 2061 veritate
748 2026 938 2060 certetur
962 2036 971 2061 :
994 2017 1073 2060 ubi
1096 2026 1242 2060 autem
1263 2032 1352 2061 non
1373 2027 1436 2062 est
1463 2017 1603 2075 salus,
1636 2033 1738 2063 suc-

349 2090 516 2134 cumbit
537 2089 764 2131 infirmitas
779 2122 789 2142 ,
811 2097 854 2131 et
875 2086 1087 2130 deseritur
1109 2087 1280 2131 veritas.

409 2163 491 2203 III.
521 2159 604 2204 Sed
627 2158 745 2219 quod
763 2158 956 2217 sequitur
971 2158 1105 2201 habet
1117 2157 1282 2218 aliquid
1297 2158 1592 2213 obscuritatis,
1614 2159 1736 2218 quod

348 2230 572 2289 aliquanto
595 2229 758 2273 diutius
781 2228 1087 2287 exponendum
1109 2237 1186 2272 est.
1214 2247 1233 2269 «
1255 2229 1448 2272 Praeveni
1475 2229 1734 2289 intempesta

351 2321 369 2343 >›
406 2310 555 2356 nocte,
581 2310 624 2344 et
645 2299 828 2344 clamavi
842 2299 873 2342 ⁴.
895 2317 914 2339 υ
943 2298 1092 2343 Plures
1107 2298 1276 2343 codices
1295 2314 1384 2342 non
1406 2299 1591 2353 habent,
1617 2317 1636 2341 «
1656 2303 1732 2344 In-

352 2392 369 2412 »
405 2380 616 2431 tempesta
645 2379 772 2414 nocte
803 2389 811 2414 :
840 2387 860 2410 u
886 2368 982 2424 sed,
1027 2388 1046 2410 «
1074 2369 1406 2413 Immaturitate.
1432 2388 1452 2410 υ
1479 2371 1560 2413 Vix
1582 2378 1746 2414 autem-

346 2459 460 2487 unus
471 2443 674 2487 inventus
688 2451 766 2496 est,
781 2441 859 2501 qui
870 2441 1050 2484 haberet
1063 2440 1345 2498 germinatam
1358 2440 1725 2500 praepositionem,

394 2536 403 2552 ¹
429 2528 540 2572 Philip.
558 2540 593 2570 u,
616 2529 713 2561 13.—
734 2534 746 2550 2
766 2529 856 2560 Prov.
879 2537 964 2567 xxix,
991 2537 1089 2569 19·—
1104 2523 1118 2548 3
1139 2525 1220 2558 Psal.
1239 2537 1346 2567 cxvui,
1364 2524 1436 2567 146.
1458 2524 1531 2556 -4
1548 2526 1632 2558 Ibid.
1652 2525 1727 2568 147.
