1848 3261
382 209 467 249 510
829 219 864 245 s.
900 215 1132 247 Auousnm
1163 217 1346 245 EPISGOPI

377 299 550 331 versum
579 293 657 329 est.
684 287 740 329 Et
762 284 912 329 multis
952 284 1199 330 divinarum
1235 284 1556 344 Scripturarum
1577 281 1680 327 locis
1709 282 1770 327 ita

377 356 556 416 ponitur
575 390 587 410 ‚
614 354 745 416 quale
778 354 892 399 illud
923 364 1012 399 est:
1051 374 1071 397 «
1113 354 1452 400 Misericordiam
1484 363 1526 398 et
1554 352 1772 414 judicium

381 445 403 470 n
437 426 625 471 cantabo
646 426 743 481 tibi,
768 426 997 470 Domine¹.
1026 444 1046 467 »
1071 428 1128 470 Et
1156 424 1269 469 illud
1291 424 1409 485 apud
1431 427 1616 468 Isa'i'am:
1647 444 1667 466 «
1687 426 1773 468 Ex-

382 516 403 539 »
438 497 607 557 pectavi
624 507 675 541 ut
698 496 858 540 faceret
876 495 1109 555 judicium,
1126 496 1231 540 fecit
1252 505 1396 540 autem
1418 495 1693 556 iniquitatem
1707 498 1769 537 2.»

379 571 477 615 Non
498 569 556 613 ait
574 587 583 613 t
608 567 847 627 Expectavi
867 576 917 611 ut
937 567 1100 611 faceret
1113 567 1327 627 judicium
1348 568 1516 627 justum
1533 602 1543 621 ‚
1569 565 1673 610 fecit
1694 581 1774 609 au-

382 648 469 683 tem
492 639 690 698 iniquum
710 654 722 689 3
762 638 837 681 sed
871 647 1081 697 tanquam
1099 637 1200 682 ideo
1217 640 1308 698 jam
1326 637 1542 698 judicium
1564 637 1617 681 sit
1632 672 1642 691 ‚
1674 636 1777 696 quia

375 711 543 770 justum
561 718 652 767 θεῖς
675 724 755 753 nec
787 709 841 753 sit
858 708 1099 769 judicium,
1122 709 1243 768 quod
1265 709 1477 769 injustum
1500 717 1578 753 est.
1604 710 1628 752 J
1634 707 1778 752 ustitia

381 796 485 827 vero
507 796 597 825 non
619 779 728 824 solet
749 779 834 824 dici
858 779 974 824 bona
990 780 1183 840 justitia,
1217 779 1288 824 vel
1320 778 1434 824 mala
1449 779 1639 840 justitia,
1666 779 1779 823 sicut

384 851 621 912 aliquando
644 850 804 895 dicitur
826 851 994 895 bonum
1012 850 1232 894 malumve
1250 850 1495 910 judiciun13
1515 849 1590 894 sed
1612 865 1664 894 eo
1684 849 1779 908 ipso

381 923 472 982 jam
496 922 612 965 bona
634 930 725 976 est,
744 921 845 980 quia
856 921 1021 981 justitia
1037 930 1114 965 est.
1139 921 1207 965 Sic
1229 936 1332 979 ergo
1354 921 1489 965 habet
1505 919 1780 964 consuetudo

384 991 618 1052 loquendi,
644 1001 694 1035 ut
718 990 890 1035 dicatur
912 1001 955 1036 et
977 993 1144 1036 bonum
1158 991 1374 1052 judicium
1391 1026 1402 1046 ‚
1423 1000 1466 1034 et
1488 990 1650 1035 malum
1667 989 1780 1050 judi-

385 1063 501 1108 cium
520 1085 530 1120 3
551 1062 926 1122 quemadmodum
950 1063 1083 1106 habet
1097 1098 1107 1117 ,
1127 1072 1176 1106 ut
1197 1062 1370 1106 dicatur
1389 1071 1432 1105 et
1455 1061 1598 1105 bonus
1612 1061 1751 1121 judex
1765 1095 1776 1116 ‚

387 1134 578 1178 etmalus
585 1132 734 1193 judex:
753 1133 811 1177 sic
830 1142 1076 1177 autemnon
1095 1131 1254 1176 dicitur
1272 1132 1385 1176 bona
1394 1132 1575 1192 justitia,
1588 1131 1657 1176 vel
1668 1131 1781 1175 mala

381 1204 548 1266 justitia
568 1225 578 1261 3
603 1204 712 1247 sicut
734 1219 824 1248 non
846 1203 1028 1258 dicitur,
1056 1204 1197 1248 bonus
1207 1205 1350 1263 justus
1367 1239 1377 1256 ‚
1397 1213 1440 1248 et
1462 1203 1599 1247 malus
1617 1204 1778 1263 justus,

387 1275 490 1335 quia
529 1275 739 1318 continuo
768 1274 911 1318 bonus
951 1274 1136 1333 quisque
1155 1308 1165 1328 ‚
1211 1274 1245 1317 si
1282 1274 1440 1333 justus.
1473 1276 1497 1317 J
1503 1274 1646 1317 ustitia
1681 1288 1782 1331 ergo

387 1345 525 1389 virtus
559 1353 624 1388 est
647 1343 778 1387 animi
807 1359 963 1402 magna
986 1343 1293 1403 praecipueque
1315 1343 1546 1387 laudabilis
1566 1379 1577 1398 ‚
1619 1342 1674 1387 de
1695 1359 1783 1404 qua

387 1431 507 1459 nunc
516 1430 604 1459 non
614 1423 677 1458 est
686 1413 903 1473 copiosius
913 1412 1166 1473 disputandi
1180 1413 1408 1457 necessitas
1416 1449 1423 1457 .
1431 1416 1455 1457 J
1461 1414 1652 1457 udicium
1660 1429 1780 1469 vero,

388 1485 567 1546 quando
590 1484 764 1529 nonnisi
787 1484 832 1527 in
854 1483 972 1528 bono
997 1484 1121 1543 ponit
1143 1483 1387 1529 distinctior
1403 1483 1617 1545 loquendi
1642 1485 1750 1529 ratio
1767 1519 1778 1540 ‚

389 1556 521 1616 hujus
553 1555 726 1600 virtutis
763 1550 825 1598 est
863 1555 1073 1613 operatio.
1114 1555 1199 1608 Qui
1239 1555 1355 1599 enim
1388 1555 1521 1600 habet
1535 1555 1751 1616 justitiam
1768 1590 1780 1611 ,

389 1636 507 1670 recte
547 1624 744 1685 judicat3
779 1625 867 1668 imo
918 1624 1161 1669 secundum
1204 1625 1329 1670 istam
1366 1626 1636 1671 locutionem
1655 1660 1667 1682 ‚
1707 1626 1783 1686 qui

390 1697 526 1741 habet
555 1695 770 1756 justitiam
786 1729 796 1749 ‚
818 1694 985 1754 judicat
1005 1716 1016 1752 3
1054 1695 1157 1755 quia
1178 1711 1259 1740 nec
1276 1695 1474 1755 judicat,
1499 1696 1534 1740 si
1556 1712 1647 1740 non
1669 1704 1784 1740 recte

387 1766 571 1827 judicat.
595 1769 652 1810 Et
664 1764 843 1826 justitiae
864 1765 1041 1809 nomine
1063 1765 1259 1809 hocloco
1276 1801 1286 1820 ‚
1312 1782 1403 1809 non
1424 1767 1516 1825 ipsa
1535 1767 1688 1822 virtus,
1708 1765 1784 1811 sed

390 1853 502 1897 opus
524 1837 615 1896 ejus
636 1834 926 1894 significatum
949 1842 1028 1877 est.
1050 1834 1154 1886 Quis
1178 1834 1296 1878 enim
1318 1834 1419 1879 facit
1436 1835 1481 1879 in
1502 1836 1680 1880 homine
1694 1838 1785 1897 jus-

394 1908 534 1952 titiam
555 1942 566 1961 ,
601 1905 684 1949 nisi
704 1905 779 1965 qui
809 1904 1017 1964 justificat
1038 1904 1252 1964 impium3
1276 1905 1360 1949 hoc
1382 1914 1468 1960 est,
1493 1922 1570 1966 per
1603 1906 1784 1966 gratiam

396 1993 520 2024 suam
541 1992 595 2020 ex
615 1975 751 2034 impio
770 1975 874 2020 facit
886 1976 1086 2035 justum?
1108 1974 1236 2019 Unde
1258 1976 1317 2020 ait
1343 1976 1577 2035 Apostolus
1603 1993 1613 2019 :
1644 1996 1664 2020 «
1685 1979 1785 2022 Jus-

400 2069 419 2091 »
454 2047 605 2092 tificati
628 2046 758 2105 gratis
786 2061 863 2105 per
886 2046 1067 2104 gratiam
1089 2044 1268 2105 ipsius³.
1298 2063 1318 2087 »
1360 2048 1482 2091 Facit
1524 2063 1625 2106 ergo
1656 2049 1785 2108 justi*—

395 2120 502 2164 tiam
516 2154 528 2174 ‚
552 2118 599 2163 id
621 2127 684 2162 est
701 2152 713 2173 ,
733 2132 843 2176 opus
860 2117 1039 2177 justitiae
1061 2151 1072 2173 ,
1098 2117 1175 2178 qui
1195 2117 1327 2161 habet
1348 2117 1394 2161 in
1415 2134 1459 2162 se
1474 2119 1714 2179 justitiam,
1738 2118 1786 2164 id

395 2200 490 2246 est,
517 2205 627 2250 opus
650 2189 814 2248 gratiae.

456 2265 514 2306 II.
548 2261 650 2305 Feci
669 2295 680 2315 ,
706 2259 851 2319 inquit
866 2294 877 2315 ,
898 2257 1114 2319 judicium
1136 2266 1180 2303 et
1203 2258 1415 2318 justitiam
1437 2295 1448 2314 ‚
1473 2275 1528 2304 ne
1551 2259 1693 2305 tradas
1714 2275 1784 2305 me

401 2355 418 2376 »
454 2331 714 2378 nocentibus
750 2346 855 2375 me:
887 2352 903 2371 »
931 2329 978 2374 id
1010 2339 1096 2385 est,
1129 2329 1231 2373 Feci
1263 2329 1477 2390 judicium
1500 2331 1692 2391 justum,
1729 2347 1785 2376 ne

395 2403 539 2448 tradas
561 2418 630 2447 me
644 2401 727 2446 illis
748 2401 825 2462 qui
849 2409 1076 2460 propterea
1094 2415 1162 2443 me
1178 2409 1514 2460 persequuntur.
1532 2404 1639 2456 Nam
1654 2402 1784 2446 etiam

396 2475 575 2534 quidam
607 2472 776 2518 codices
808 2472 1000 2527 habent,
1030 2490 1047 2511 «
1074 2473 1137 2517 Ne
1157 2470 1301 2515 tradas
1331 2486 1399 2515 me
1421 2471 1783 2532 persequentibus

448 2564 455 2580 ¹
479 2558 556 2590 Psal.
578 2570 606 2598 c,
626 2569 654 2589 l.
673 2574 715 2580 —
735 2563 747 2579 2
766 2557 838 2589 lsai.
858 2567 893 2597 v,
913 2567 943 2597 ς.
967 2573 1007 2578 -
1035 2553 1047 2578 3
1065 2558 1156 2588 Rom.
1181 2567 1232 2597 iu,
1253 2554 1308 2597 24.
