<?xml version="1.0" encoding="UTF-8"?>
<!DOCTYPE html PUBLIC "-//W3C//DTD XHTML 1.0 Transitional//EN"
    "http://www.w3.org/TR/xhtml1/DTD/xhtml1-transitional.dtd">
<html xmlns="http://www.w3.org/1999/xhtml" xml:lang="en" lang="en">
 <head>
  <title>
</title>
<meta http-equiv="Content-Type" content="text/html;charset=utf-8" />
  <meta name='ocr-system' content='tesseract 3.04.00' />
  <meta name='ocr-capabilities' content='ocr_page ocr_carea ocr_par ocr_line ocrx_word'/>
</head>
<body>
  <div class='ocr_page' id='page_1' title='image "./operaomniaaccura11auguuoft_0534.png"; bbox 0 0 1848 3261; ppageno 0'>
   <div class='ocr_carea' id='block_1_1' title="bbox 381 241 1311 282">
    <p class='ocr_par' dir='ltr' id='par_1_1' title="bbox 381 241 1311 282">
     <span class='ocr_line' id='line_1_1' title="bbox 381 241 1311 282; baseline -0.008 -1"><span class='ocrx_word' id='word_1_1' title='bbox 381 241 464 281; x_wconf 74' lang='lat'>522</span> <span class='ocrx_word' id='word_1_2' title='bbox 577 280 582 282; x_wconf 23' lang='lat'><em>⁷</em></span> <span class='ocrx_word' id='word_1_3' title='bbox 629 270 632 272; x_wconf 91' lang='lat'>-</span> <span class='ocrx_word' id='word_1_4' title='bbox 791 247 828 278; x_wconf 90' lang='lat' dir='ltr'>s.</span> <span class='ocrx_word' id='word_1_5' title='bbox 866 248 1098 279; x_wconf 68' lang='lat' dir='ltr'>Auens-nm</span> <span class='ocrx_word' id='word_1_6' title='bbox 1129 249 1311 277; x_wconf 74' lang='lat' dir='ltr'>Emscom</span> 
     </span>
    </p>
   </div>
   <div class='ocr_carea' id='block_1_2' title="bbox 367 312 1767 2566">
    <p class='ocr_par' dir='ltr' id='par_1_2' title="bbox 367 312 1767 2282">
     <span class='ocr_line' id='line_1_2' title="bbox 375 312 1764 377; baseline -0.001 -14"><span class='ocrx_word' id='word_1_7' title='bbox 375 318 414 363; x_wconf 89' lang='lat' dir='ltr'>ei</span> <span class='ocrx_word' id='word_1_8' title='bbox 438 315 559 377; x_wconf 90' lang='lat' dir='ltr'>quod</span> <span class='ocrx_word' id='word_1_9' title='bbox 595 316 658 360; x_wconf 89' lang='lat' dir='ltr'>ibi</span> <span class='ocrx_word' id='word_1_10' title='bbox 678 325 742 361; x_wconf 90' lang='lat' dir='ltr'>est</span> <span class='ocrx_word' id='word_1_11' title='bbox 767 312 790 360; x_wconf 75' lang='grc' dir='ltr'>(ἱ</span> <span class='ocrx_word' id='word_1_12' title='bbox 809 316 1026 362; x_wconf 88' lang='lat' dir='ltr'>Comedit.</span> <span class='ocrx_word' id='word_1_13' title='bbox 1065 314 1190 359; x_wconf 92' lang='lat' dir='ltr'>Zelus</span> <span class='ocrx_word' id='word_1_14' title='bbox 1228 323 1374 358; x_wconf 85' lang='lat' dir='ltr'>autem</span> <span class='ocrx_word' id='word_1_15' title='bbox 1409 330 1532 359; x_wconf 88' lang='lat' dir='ltr'>meus</span> <span class='ocrx_word' id='word_1_16' title='bbox 1548 351 1559 371; x_wconf 88' lang='lat'>,</span> <span class='ocrx_word' id='word_1_17' title='bbox 1596 333 1618 358; x_wconf 87' lang='lat'>»</span> <span class='ocrx_word' id='word_1_18' title='bbox 1642 318 1764 377; x_wconf 90' lang='lat' dir='ltr'>quod</span> 
     </span>
     <span class='ocr_line' id='line_1_3' title="bbox 372 384 1763 448; baseline 0.001 -17"><span class='ocrx_word' id='word_1_19' title='bbox 372 388 518 448; x_wconf 80' lang='lat' dir='ltr'>plures</span> <span class='ocrx_word' id='word_1_20' title='bbox 540 386 709 432; x_wconf 78' lang='lat' dir='ltr'>codices</span> <span class='ocrx_word' id='word_1_21' title='bbox 731 387 919 441; x_wconf 89' lang='lat' dir='ltr'>habent,</span> <span class='ocrx_word' id='word_1_22' title='bbox 950 385 1113 430; x_wconf 86' lang='lat' dir='ltr'>nullam</span> <span class='ocrx_word' id='word_1_23' title='bbox 1138 385 1294 443; x_wconf 81' lang='lat' dir='ltr'>ingerit</span> <span class='ocrx_word' id='word_1_24' title='bbox 1310 384 1595 444; x_wconf 83' lang='lat' dir='ltr'>quaestionem</span> <span class='ocrx_word' id='word_1_25' title='bbox 1621 405 1630 431; x_wconf 73' lang='grc' dir='ltr'>ε</span> <span class='ocrx_word' id='word_1_26' title='bbox 1655 385 1763 447; x_wconf 90' lang='lat' dir='ltr'>quid</span> 
     </span>
     <span class='ocr_line' id='line_1_4' title="bbox 375 455 1763 518; baseline -0.001 -15"><span class='ocrx_word' id='word_1_27' title='bbox 375 459 492 503; x_wconf 89' lang='lat' dir='ltr'>enim</span> <span class='ocrx_word' id='word_1_28' title='bbox 509 458 670 504; x_wconf 90' lang='lat' dir='ltr'>mirum</span> <span class='ocrx_word' id='word_1_29' title='bbox 692 467 781 511; x_wconf 90' lang='lat' dir='ltr'>est,</span> <span class='ocrx_word' id='word_1_30' title='bbox 809 457 840 500; x_wconf 87' lang='lat' dir='ltr'>si</span> <span class='ocrx_word' id='word_1_31' title='bbox 864 456 957 502; x_wconf 89' lang='lat' dir='ltr'>zelo</span> <span class='ocrx_word' id='word_1_32' title='bbox 974 473 1053 502; x_wconf 89' lang='lat' dir='ltr'>suo</span> <span class='ocrx_word' id='word_1_33' title='bbox 1075 458 1259 518; x_wconf 88' lang='lat' dir='ltr'>quisque</span> <span class='ocrx_word' id='word_1_34' title='bbox 1280 455 1489 500; x_wconf 79' lang='lat' dir='ltr'>tabescit?</span> <span class='ocrx_word' id='word_1_35' title='bbox 1510 457 1636 509; x_wconf 88' lang='lat' dir='ltr'>Quod</span> <span class='ocrx_word' id='word_1_36' title='bbox 1659 473 1763 502; x_wconf 87' lang='lat' dir='ltr'>vero</span> 
     </span>
     <span class='ocr_line' id='line_1_5' title="bbox 372 527 1762 587; baseline -0.001 -14"><span class='ocrx_word' id='word_1_37' title='bbox 372 529 540 573; x_wconf 83' lang='lat' dir='ltr'>habent</span> <span class='ocrx_word' id='word_1_38' title='bbox 579 528 737 587; x_wconf 78' lang='lat' dir='ltr'>aliqui,</span> <span class='ocrx_word' id='word_1_39' title='bbox 768 546 787 569; x_wconf 90' lang='lat'>«</span> <span class='ocrx_word' id='word_1_40' title='bbox 819 527 945 572; x_wconf 88' lang='lat' dir='ltr'>Zelus</span> <span class='ocrx_word' id='word_1_41' title='bbox 968 538 1096 583; x_wconf 90' lang='lat' dir='ltr'>tuus,</span> <span class='ocrx_word' id='word_1_42' title='bbox 1124 546 1144 569; x_wconf 86' lang='lat'>»</span> <span class='ocrx_word' id='word_1_43' title='bbox 1182 527 1396 586; x_wconf 80' lang='lat' dir='ltr'>significat</span> <span class='ocrx_word' id='word_1_44' title='bbox 1420 527 1644 571; x_wconf 86' lang='lat' dir='ltr'>hominem</span> <span class='ocrx_word' id='word_1_45' title='bbox 1672 531 1762 572; x_wconf 85' lang='lat' dir='ltr'>Deo</span> 
     </span>
     <span class='ocr_line' id='line_1_6' title="bbox 373 596 1765 656; baseline -0.001 -13"><span class='ocrx_word' id='word_1_46' title='bbox 373 600 611 653; x_wconf 74' lang='lat' dir='ltr'>zelantem,</span> <span class='ocrx_word' id='word_1_47' title='bbox 637 613 727 641; x_wconf 89' lang='lat' dir='ltr'>non</span> <span class='ocrx_word' id='word_1_48' title='bbox 749 596 830 640; x_wconf 85' lang='lat' dir='ltr'>sibi</span> <span class='ocrx_word' id='word_1_49' title='bbox 858 617 866 642; x_wconf 76' lang='grc' dir='ltr'>ε</span> <span class='ocrx_word' id='word_1_50' title='bbox 894 596 968 641; x_wconf 90' lang='lat' dir='ltr'>sed</span> <span class='ocrx_word' id='word_1_51' title='bbox 1000 614 1088 641; x_wconf 92' lang='lat' dir='ltr'>non</span> <span class='ocrx_word' id='word_1_52' title='bbox 1122 606 1336 656; x_wconf 78' lang='lat' dir='ltr'>repugnat</span> <span class='ocrx_word' id='word_1_53' title='bbox 1358 597 1391 640; x_wconf 90' lang='lat' dir='ltr'>si</span> <span class='ocrx_word' id='word_1_54' title='bbox 1412 597 1502 656; x_wconf 91' lang='lat' dir='ltr'>ipse</span> <span class='ocrx_word' id='word_1_55' title='bbox 1525 596 1695 641; x_wconf 88' lang='lat' dir='ltr'>dicatur</span> <span class='ocrx_word' id='word_1_56' title='bbox 1721 607 1765 642; x_wconf 88' lang='lat' dir='ltr'>et</span> 
     </span>
     <span class='ocr_line' id='line_1_7' title="bbox 377 666 1764 728; baseline -0.001 -15"><span class='ocrx_word' id='word_1_57' title='bbox 377 691 397 713; x_wconf 88' lang='lat'>«</span> <span class='ocrx_word' id='word_1_58' title='bbox 432 684 569 713; x_wconf 89' lang='lat' dir='ltr'>meus.</span> <span class='ocrx_word' id='word_1_59' title='bbox 598 687 618 709; x_wconf 86' lang='lat'>»</span> <span class='ocrx_word' id='word_1_60' title='bbox 659 671 769 713; x_wconf 82' lang='lat' dir='ltr'>Nam</span> <span class='ocrx_word' id='word_1_61' title='bbox 807 668 915 728; x_wconf 87' lang='lat' dir='ltr'>quid</span> <span class='ocrx_word' id='word_1_62' title='bbox 949 667 1067 712; x_wconf 84' lang='lat' dir='ltr'>aliud</span> <span class='ocrx_word' id='word_1_63' title='bbox 1089 668 1194 711; x_wconf 87' lang='lat' dir='ltr'>dicit</span> <span class='ocrx_word' id='word_1_64' title='bbox 1215 666 1479 727; x_wconf 82' lang='lat' dir='ltr'>Apostolus:</span> <span class='ocrx_word' id='word_1_65' title='bbox 1511 687 1530 709; x_wconf 90' lang='lat'>«</span> <span class='ocrx_word' id='word_1_66' title='bbox 1563 668 1764 712; x_wconf 84' lang='lat' dir='ltr'>AEmulor</span> 
     </span>
     <span class='ocr_line' id='line_1_8' title="bbox 376 736 1764 794; baseline 0 -13"><span class='ocrx_word' id='word_1_67' title='bbox 376 758 396 781; x_wconf 89' lang='lat'>»</span> <span class='ocrx_word' id='word_1_68' title='bbox 432 740 548 783; x_wconf 90' lang='lat' dir='ltr'>enim</span> <span class='ocrx_word' id='word_1_69' title='bbox 569 755 645 783; x_wconf 88' lang='lat' dir='ltr'>vos</span> <span class='ocrx_word' id='word_1_70' title='bbox 667 742 780 794; x_wconf 86' lang='lat' dir='ltr'>Deo,</span> <span class='ocrx_word' id='word_1_71' title='bbox 805 738 1084 782; x_wconf 80' lang='lat' dir='ltr'>aemulatione</span> <span class='ocrx_word' id='word_1_72' title='bbox 1097 738 1175 782; x_wconf 89' lang='lat' dir='ltr'>Dei</span> <span class='ocrx_word' id='word_1_73' title='bbox 1191 739 1225 780; x_wconf 69' lang='lat'>1?</span> <span class='ocrx_word' id='word_1_74' title='bbox 1247 758 1264 779; x_wconf 88' lang='lat'>»</span> <span class='ocrx_word' id='word_1_75' title='bbox 1287 740 1397 782; x_wconf 79' lang='lat' dir='ltr'>Nam</span> <span class='ocrx_word' id='word_1_76' title='bbox 1417 736 1625 793; x_wconf 91' lang='lat' dir='ltr'>dicendo,</span> <span class='ocrx_word' id='word_1_77' title='bbox 1656 756 1676 779; x_wconf 92' lang='lat'>«</span> <span class='ocrx_word' id='word_1_78' title='bbox 1693 741 1764 781; x_wconf 92' lang='lat' dir='ltr'>AE-</span> 
     </span>
     <span class='ocr_line' id='line_1_9' title="bbox 375 806 1765 869; baseline 0 -17"><span class='ocrx_word' id='word_1_79' title='bbox 375 829 395 852; x_wconf 65' lang='lat'>³&gt;</span> <span class='ocrx_word' id='word_1_80' title='bbox 432 811 576 854; x_wconf 90' lang='lat' dir='ltr'>mulor</span> <span class='ocrx_word' id='word_1_81' title='bbox 593 825 668 853; x_wconf 90' lang='lat' dir='ltr'>vos</span> <span class='ocrx_word' id='word_1_82' title='bbox 686 845 695 863; x_wconf 92' lang='lat'>,</span> <span class='ocrx_word' id='word_1_83' title='bbox 717 809 840 869; x_wconf 88' lang='lat' dir='ltr'>quid,</span> <span class='ocrx_word' id='word_1_84' title='bbox 861 809 942 852; x_wconf 85' lang='lat' dir='ltr'>nisi</span> <span class='ocrx_word' id='word_1_85' title='bbox 965 808 1290 852; x_wconf 67' lang='lat' dir='ltr'>{emulationem</span> <span class='ocrx_word' id='word_1_86' title='bbox 1313 806 1583 851; x_wconf 85' lang='lat' dir='ltr'>demonstrat</span> <span class='ocrx_word' id='word_1_87' title='bbox 1608 823 1727 852; x_wconf 90' lang='lat' dir='ltr'>suam</span> <span class='ocrx_word' id='word_1_88' title='bbox 1747 810 1765 852; x_wconf 72' lang='lat' dir='ltr'>P</span> 
     </span>
     <span class='ocr_line' id='line_1_10' title="bbox 375 877 1764 941; baseline -0.001 -16"><span class='ocrx_word' id='word_1_89' title='bbox 375 881 459 927; x_wconf 89' lang='lat' dir='ltr'>Sed</span> <span class='ocrx_word' id='word_1_90' title='bbox 482 881 584 941; x_wconf 84' lang='lat' dir='ltr'>quia</span> <span class='ocrx_word' id='word_1_91' title='bbox 606 881 713 924; x_wconf 82' lang='lat' dir='ltr'>dixit</span> <span class='ocrx_word' id='word_1_92' title='bbox 728 916 739 935; x_wconf 88' lang='lat'>,</span> <span class='ocrx_word' id='word_1_93' title='bbox 765 884 855 924; x_wconf 89' lang='lat' dir='ltr'>Deo</span> <span class='ocrx_word' id='word_1_94' title='bbox 871 915 882 934; x_wconf 93' lang='lat'>,</span> <span class='ocrx_word' id='word_1_95' title='bbox 906 879 951 924; x_wconf 90' lang='lat' dir='ltr'>id</span> <span class='ocrx_word' id='word_1_96' title='bbox 972 889 1036 924; x_wconf 89' lang='lat' dir='ltr'>est</span> <span class='ocrx_word' id='word_1_97' title='bbox 1055 914 1066 934; x_wconf 94' lang='lat'>,</span> <span class='ocrx_word' id='word_1_98' title='bbox 1092 895 1181 923; x_wconf 88' lang='lat' dir='ltr'>non</span> <span class='ocrx_word' id='word_1_99' title='bbox 1203 878 1283 922; x_wconf 88' lang='lat' dir='ltr'>sibi</span> <span class='ocrx_word' id='word_1_100' title='bbox 1303 913 1314 933; x_wconf 93' lang='lat'>,</span> <span class='ocrx_word' id='word_1_101' title='bbox 1339 878 1413 922; x_wconf 90' lang='lat' dir='ltr'>sed</span> <span class='ocrx_word' id='word_1_102' title='bbox 1430 881 1543 935; x_wconf 69' lang='lat' dir='ltr'>Deo,</span> <span class='ocrx_word' id='word_1_103' title='bbox 1570 877 1668 922; x_wconf 91' lang='lat' dir='ltr'>ideo</span> <span class='ocrx_word' id='word_1_104' title='bbox 1684 878 1764 923; x_wconf 86' lang='lat' dir='ltr'>ad-</span> 
     </span>
     <span class='ocr_line' id='line_1_11' title="bbox 376 949 1767 1010; baseline -0.001 -14"><span class='ocrx_word' id='word_1_105' title='bbox 376 952 514 1007; x_wconf 78' lang='lat' dir='ltr'>didit,</span> <span class='ocrx_word' id='word_1_106' title='bbox 533 951 813 996; x_wconf 76' lang='lat' dir='ltr'>aemulatione</span> <span class='ocrx_word' id='word_1_107' title='bbox 836 951 924 994; x_wconf 84' lang='lat' dir='ltr'>Dei.</span> <span class='ocrx_word' id='word_1_108' title='bbox 948 953 1072 995; x_wconf 84' lang='lat' dir='ltr'>Hanc</span> <span class='ocrx_word' id='word_1_109' title='bbox 1093 949 1256 1010; x_wconf 80' lang='lat' dir='ltr'>quippe</span> <span class='ocrx_word' id='word_1_110' title='bbox 1277 964 1356 993; x_wconf 90' lang='lat' dir='ltr'>suo</span> <span class='ocrx_word' id='word_1_111' title='bbox 1381 949 1543 1008; x_wconf 86' lang='lat' dir='ltr'>Spiritu</span> <span class='ocrx_word' id='word_1_112' title='bbox 1563 949 1767 994; x_wconf 87' lang='lat' dir='ltr'>fidelibus</span> 
     </span>
     <span class='ocr_line' id='line_1_12' title="bbox 371 1019 1765 1083; baseline -0.003 -15"><span class='ocrx_word' id='word_1_113' title='bbox 371 1025 457 1069; x_wconf 88' lang='lat' dir='ltr'>suis</span> <span class='ocrx_word' id='word_1_114' title='bbox 488 1024 669 1083; x_wconf 84' lang='lat' dir='ltr'>inspirat</span> <span class='ocrx_word' id='word_1_115' title='bbox 702 1026 815 1067; x_wconf 88' lang='lat' dir='ltr'>Deus</span> <span class='ocrx_word' id='word_1_116' title='bbox 849 1042 856 1066; x_wconf 92' lang='lat'>:</span> <span class='ocrx_word' id='word_1_117' title='bbox 883 1021 1039 1065; x_wconf 82' lang='lat' dir='ltr'>amoris</span> <span class='ocrx_word' id='word_1_118' title='bbox 1077 1021 1194 1066; x_wconf 90' lang='lat' dir='ltr'>enim</span> <span class='ocrx_word' id='word_1_119' title='bbox 1217 1029 1303 1075; x_wconf 87' lang='lat' dir='ltr'>est,</span> <span class='ocrx_word' id='word_1_120' title='bbox 1336 1036 1425 1064; x_wconf 90' lang='lat' dir='ltr'>non</span> <span class='ocrx_word' id='word_1_121' title='bbox 1455 1019 1616 1064; x_wconf 86' lang='lat' dir='ltr'>livoris.</span> <span class='ocrx_word' id='word_1_122' title='bbox 1654 1023 1765 1066; x_wconf 88' lang='lat' dir='ltr'>Nam</span> 
     </span>
     <span class='ocr_line' id='line_1_13' title="bbox 373 1091 1765 1155; baseline -0.003 -17"><span class='ocrx_word' id='word_1_123' title='bbox 373 1111 473 1155; x_wconf 81' lang='lat' dir='ltr'>quae</span> <span class='ocrx_word' id='word_1_124' title='bbox 511 1093 596 1138; x_wconf 80' lang='lat' dir='ltr'>fuit</span> <span class='ocrx_word' id='word_1_125' title='bbox 617 1109 720 1138; x_wconf 85' lang='lat' dir='ltr'>cura</span> <span class='ocrx_word' id='word_1_126' title='bbox 759 1102 808 1137; x_wconf 93' lang='lat' dir='ltr'>ut</span> <span class='ocrx_word' id='word_1_127' title='bbox 827 1094 913 1137; x_wconf 81' lang='lat' dir='ltr'>hoc</span> <span class='ocrx_word' id='word_1_128' title='bbox 946 1091 1180 1152; x_wconf 80' lang='lat' dir='ltr'>Apostolus</span> <span class='ocrx_word' id='word_1_129' title='bbox 1202 1091 1396 1135; x_wconf 78' lang='lat' dir='ltr'>diceret?</span> <span class='ocrx_word' id='word_1_130' title='bbox 1422 1110 1441 1132; x_wconf 93' lang='lat'>«</span> <span class='ocrx_word' id='word_1_131' title='bbox 1473 1091 1631 1150; x_wconf 83' lang='lat' dir='ltr'>Aptavi</span> <span class='ocrx_word' id='word_1_132' title='bbox 1649 1091 1765 1135; x_wconf 90' lang='lat' dir='ltr'>enim</span> 
     </span>
     <span class='ocr_line' id='line_1_14' title="bbox 378 1161 1760 1223; baseline -0.001 -17"><span class='ocrx_word' id='word_1_133' title='bbox 378 1185 395 1206; x_wconf 91' lang='lat'>»</span> <span class='ocrx_word' id='word_1_134' title='bbox 430 1180 523 1217; x_wconf 78' lang='lat' dir='ltr'>vos,</span> <span class='ocrx_word' id='word_1_135' title='bbox 540 1164 698 1223; x_wconf 66' lang='lat' dir='ltr'>inquit„</span> <span class='ocrx_word' id='word_1_136' title='bbox 714 1163 791 1207; x_wconf 88' lang='lat' dir='ltr'>uni</span> <span class='ocrx_word' id='word_1_137' title='bbox 806 1163 900 1207; x_wconf 80' lang='lat' dir='ltr'>viro</span> <span class='ocrx_word' id='word_1_138' title='bbox 915 1198 925 1217; x_wconf 92' lang='lat'>,</span> <span class='ocrx_word' id='word_1_139' title='bbox 945 1163 1155 1221; x_wconf 79' lang='lat' dir='ltr'>virginem</span> <span class='ocrx_word' id='word_1_140' title='bbox 1171 1171 1333 1210; x_wconf 84' lang='lat' dir='ltr'>castam</span> <span class='ocrx_word' id='word_1_141' title='bbox 1350 1161 1550 1205; x_wconf 77' lang='lat' dir='ltr'>exhibere</span> <span class='ocrx_word' id='word_1_142' title='bbox 1563 1161 1734 1205; x_wconf 88' lang='lat' dir='ltr'>Christo</span> <span class='ocrx_word' id='word_1_143' title='bbox 1751 1179 1760 1205; x_wconf 91' lang='lat'><strong>:</strong></span> 
     </span>
     <span class='ocr_line' id='line_1_15' title="bbox 375 1230 1760 1293; baseline -0.001 -17"><span class='ocrx_word' id='word_1_144' title='bbox 375 1253 396 1276; x_wconf 86' lang='lat'>»</span> <span class='ocrx_word' id='word_1_145' title='bbox 424 1235 564 1278; x_wconf 73' lang='lat' dir='ltr'>=timeo</span> <span class='ocrx_word' id='word_1_146' title='bbox 587 1243 731 1278; x_wconf 89' lang='lat' dir='ltr'>autem</span> <span class='ocrx_word' id='word_1_147' title='bbox 746 1249 800 1277; x_wconf 92' lang='lat' dir='ltr'>ne</span> <span class='ocrx_word' id='word_1_148' title='bbox 818 1234 929 1278; x_wconf 87' lang='lat' dir='ltr'>sicut</span> <span class='ocrx_word' id='word_1_149' title='bbox 942 1249 1116 1293; x_wconf 85' lang='lat' dir='ltr'>serpens</span> <span class='ocrx_word' id='word_1_150' title='bbox 1134 1236 1270 1277; x_wconf 84' lang='lat' dir='ltr'>Evam</span> <span class='ocrx_word' id='word_1_151' title='bbox 1283 1230 1451 1275; x_wconf 84' lang='lat' dir='ltr'>seduxit</span> <span class='ocrx_word' id='word_1_152' title='bbox 1467 1232 1656 1275; x_wconf 80' lang='lat' dir='ltr'>versutia</span> <span class='ocrx_word' id='word_1_153' title='bbox 1668 1247 1760 1287; x_wconf 84' lang='lat' dir='ltr'>sua,</span> 
     </span>
     <span class='ocr_line' id='line_1_16' title="bbox 376 1302 1767 1362; baseline -0.001 -15"><span class='ocrx_word' id='word_1_154' title='bbox 376 1324 396 1347; x_wconf 79' lang='lat'>&gt;›</span> <span class='ocrx_word' id='word_1_155' title='bbox 432 1305 491 1349; x_wconf 86' lang='lat' dir='ltr'>sic</span> <span class='ocrx_word' id='word_1_156' title='bbox 514 1314 557 1349; x_wconf 89' lang='lat' dir='ltr'>et</span> <span class='ocrx_word' id='word_1_157' title='bbox 577 1314 730 1348; x_wconf 80' lang='lat' dir='ltr'>vestrae</span> <span class='ocrx_word' id='word_1_158' title='bbox 748 1313 914 1347; x_wconf 88' lang='lat' dir='ltr'>mentes</span> <span class='ocrx_word' id='word_1_159' title='bbox 933 1312 1270 1362; x_wconf 83' lang='lat' dir='ltr'>corrumpantur</span> <span class='ocrx_word' id='word_1_160' title='bbox 1285 1319 1307 1346; x_wconf 87' lang='lat' dir='ltr'>a</span> <span class='ocrx_word' id='word_1_161' title='bbox 1325 1302 1599 1361; x_wconf 81' lang='lat' dir='ltr'>simplicitate</span> <span class='ocrx_word' id='word_1_162' title='bbox 1613 1311 1656 1346; x_wconf 90' lang='lat' dir='ltr'>et</span> <span class='ocrx_word' id='word_1_163' title='bbox 1673 1317 1767 1346; x_wconf 88' lang='lat' dir='ltr'>cas-</span> 
     </span>
     <span class='ocr_line' id='line_1_17' title="bbox 377 1372 1764 1436; baseline 0.001 -20"><span class='ocrx_word' id='word_1_164' title='bbox 377 1393 397 1417; x_wconf 85' lang='lat'>»</span> <span class='ocrx_word' id='word_1_165' title='bbox 433 1376 508 1419; x_wconf 81' lang='lat' dir='ltr'>tita</span> <span class='ocrx_word' id='word_1_166' title='bbox 518 1386 556 1419; x_wconf 88' lang='lat' dir='ltr'>te</span> <span class='ocrx_word' id='word_1_167' title='bbox 573 1391 673 1436; x_wconf 78' lang='lat' dir='ltr'>quae</span> <span class='ocrx_word' id='word_1_168' title='bbox 696 1384 759 1418; x_wconf 87' lang='lat' dir='ltr'>est</span> <span class='ocrx_word' id='word_1_169' title='bbox 775 1374 823 1417; x_wconf 85' lang='lat' dir='ltr'>in</span> <span class='ocrx_word' id='word_1_170' title='bbox 843 1374 1016 1418; x_wconf 86' lang='lat' dir='ltr'>Christo</span> <span class='ocrx_word' id='word_1_171' title='bbox 1030 1377 1063 1417; x_wconf 70' lang='lat'>2.</span> <span class='ocrx_word' id='word_1_172' title='bbox 1093 1391 1111 1414; x_wconf 89' lang='lat'>»</span> <span class='ocrx_word' id='word_1_173' title='bbox 1138 1372 1409 1417; x_wconf 83' lang='lat' dir='ltr'>Comedebat</span> <span class='ocrx_word' id='word_1_174' title='bbox 1431 1388 1529 1416; x_wconf 88' lang='lat' dir='ltr'>eum</span> <span class='ocrx_word' id='word_1_175' title='bbox 1549 1372 1664 1416; x_wconf 86' lang='lat' dir='ltr'>zelus</span> <span class='ocrx_word' id='word_1_176' title='bbox 1681 1372 1764 1418; x_wconf 88' lang='lat' dir='ltr'>do-</span> 
     </span>
     <span class='ocr_line' id='line_1_18' title="bbox 373 1443 1765 1506; baseline -0.002 -16"><span class='ocrx_word' id='word_1_177' title='bbox 373 1462 469 1490; x_wconf 89' lang='lat' dir='ltr'>mus</span> <span class='ocrx_word' id='word_1_178' title='bbox 493 1446 594 1501; x_wconf 88' lang='lat' dir='ltr'>Dei,</span> <span class='ocrx_word' id='word_1_179' title='bbox 631 1460 763 1506; x_wconf 85' lang='lat' dir='ltr'>quam</span> <span class='ocrx_word' id='word_1_180' title='bbox 785 1453 931 1488; x_wconf 82' lang='lat' dir='ltr'>tamen</span> <span class='ocrx_word' id='word_1_181' title='bbox 954 1443 1122 1488; x_wconf 79' lang='lat' dir='ltr'>zelabat</span> <span class='ocrx_word' id='word_1_182' title='bbox 1143 1443 1314 1488; x_wconf 83' lang='lat' dir='ltr'>Christo</span> <span class='ocrx_word' id='word_1_183' title='bbox 1329 1478 1338 1490; x_wconf 84' lang='grc'>,</span> <span class='ocrx_word' id='word_1_184' title='bbox 1368 1458 1458 1487; x_wconf 92' lang='lat' dir='ltr'>non</span> <span class='ocrx_word' id='word_1_185' title='bbox 1481 1443 1577 1487; x_wconf 86' lang='lat' dir='ltr'>sibi.</span> <span class='ocrx_word' id='word_1_186' title='bbox 1625 1445 1765 1502; x_wconf 91' lang='lat' dir='ltr'>Spon-</span> 
     </span>
     <span class='ocr_line' id='line_1_19' title="bbox 373 1514 1765 1574; baseline -0.001 -13"><span class='ocrx_word' id='word_1_187' title='bbox 373 1532 444 1562; x_wconf 84' lang='lat' dir='ltr'>sus</span> <span class='ocrx_word' id='word_1_188' title='bbox 469 1517 584 1560; x_wconf 86' lang='lat' dir='ltr'>enim</span> <span class='ocrx_word' id='word_1_189' title='bbox 609 1516 686 1560; x_wconf 84' lang='lat' dir='ltr'>sibi</span> <span class='ocrx_word' id='word_1_190' title='bbox 716 1514 827 1560; x_wconf 82' lang='lat' dir='ltr'>zelat</span> <span class='ocrx_word' id='word_1_191' title='bbox 848 1530 1050 1574; x_wconf 88' lang='lat' dir='ltr'>sponsam</span> <span class='ocrx_word' id='word_1_192' title='bbox 1071 1530 1193 1559; x_wconf 82' lang='lat' dir='ltr'>suam</span> <span class='ocrx_word' id='word_1_193' title='bbox 1219 1529 1227 1554; x_wconf 93' lang='lat'>:</span> <span class='ocrx_word' id='word_1_194' title='bbox 1256 1514 1418 1558; x_wconf 86' lang='lat' dir='ltr'>amicus</span> <span class='ocrx_word' id='word_1_195' title='bbox 1451 1523 1597 1558; x_wconf 89' lang='lat' dir='ltr'>autem</span> <span class='ocrx_word' id='word_1_196' title='bbox 1619 1514 1765 1574; x_wconf 90' lang='lat' dir='ltr'>sponsi</span> 
     </span>
     <span class='ocr_line' id='line_1_20' title="bbox 371 1585 1764 1645; baseline -0.001 -14"><span class='ocrx_word' id='word_1_197' title='bbox 371 1603 463 1631; x_wconf 92' lang='lat' dir='ltr'>non</span> <span class='ocrx_word' id='word_1_198' title='bbox 485 1602 580 1630; x_wconf 81' lang='lat' dir='ltr'>eam</span> <span class='ocrx_word' id='word_1_199' title='bbox 602 1586 684 1630; x_wconf 82' lang='lat' dir='ltr'>sibi</span> <span class='ocrx_word' id='word_1_200' title='bbox 707 1585 845 1630; x_wconf 85' lang='lat' dir='ltr'>zelare</span> <span class='ocrx_word' id='word_1_201' title='bbox 865 1586 1018 1641; x_wconf 90' lang='lat' dir='ltr'>debet,</span> <span class='ocrx_word' id='word_1_202' title='bbox 1044 1586 1119 1630; x_wconf 87' lang='lat' dir='ltr'>sed</span> <span class='ocrx_word' id='word_1_203' title='bbox 1136 1601 1310 1645; x_wconf 84' lang='lat' dir='ltr'>sponso.</span> <span class='ocrx_word' id='word_1_204' title='bbox 1336 1587 1482 1629; x_wconf 85' lang='lat' dir='ltr'>Bonus</span> <span class='ocrx_word' id='word_1_205' title='bbox 1499 1601 1602 1645; x_wconf 85' lang='lat' dir='ltr'>ergo</span> <span class='ocrx_word' id='word_1_206' title='bbox 1618 1595 1660 1630; x_wconf 91' lang='lat' dir='ltr'>et</span> <span class='ocrx_word' id='word_1_207' title='bbox 1678 1587 1764 1630; x_wconf 88' lang='lat' dir='ltr'>hu-</span> 
     </span>
     <span class='ocr_line' id='line_1_21' title="bbox 367 1656 1760 1718; baseline 0 -17"><span class='ocrx_word' id='word_1_208' title='bbox 367 1658 436 1718; x_wconf 85' lang='lat' dir='ltr'>jus</span> <span class='ocrx_word' id='word_1_209' title='bbox 465 1656 772 1714; x_wconf 80' lang='lat' dir='ltr'>intelligendus</span> <span class='ocrx_word' id='word_1_210' title='bbox 796 1665 859 1702; x_wconf 88' lang='lat' dir='ltr'>est</span> <span class='ocrx_word' id='word_1_211' title='bbox 881 1656 996 1700; x_wconf 87' lang='lat' dir='ltr'>zelus</span> <span class='ocrx_word' id='word_1_212' title='bbox 1036 1676 1045 1701; x_wconf 87' lang='lat'>:</span> <span class='ocrx_word' id='word_1_213' title='bbox 1071 1672 1244 1700; x_wconf 87' lang='lat' dir='ltr'>causam</span> <span class='ocrx_word' id='word_1_214' title='bbox 1278 1672 1470 1717; x_wconf 84' lang='lat' dir='ltr'>namque</span> <span class='ocrx_word' id='word_1_215' title='bbox 1504 1657 1731 1718; x_wconf 83' lang='lat' dir='ltr'>subjungit</span> <span class='ocrx_word' id='word_1_216' title='bbox 1749 1692 1760 1713; x_wconf 92' lang='lat'>,</span> 
     </span>
     <span class='ocr_line' id='line_1_22' title="bbox 373 1726 1760 1779; baseline -0.003 -8"><span class='ocrx_word' id='word_1_217' title='bbox 373 1737 416 1771; x_wconf 92' lang='lat' dir='ltr'>et</span> <span class='ocrx_word' id='word_1_218' title='bbox 437 1726 544 1771; x_wconf 88' lang='lat' dir='ltr'>dicit</span> <span class='ocrx_word' id='word_1_219' title='bbox 564 1746 572 1771; x_wconf 75' lang='grc' dir='ltr'>ε</span> <span class='ocrx_word' id='word_1_220' title='bbox 593 1746 612 1768; x_wconf 83' lang='grc'>«</span> <span class='ocrx_word' id='word_1_221' title='bbox 630 1727 739 1779; x_wconf 83' lang='lat' dir='ltr'>Quia</span> <span class='ocrx_word' id='word_1_222' title='bbox 754 1727 879 1770; x_wconf 89' lang='lat' dir='ltr'>obliti</span> <span class='ocrx_word' id='word_1_223' title='bbox 897 1736 999 1771; x_wconf 88' lang='lat' dir='ltr'>sunt</span> <span class='ocrx_word' id='word_1_224' title='bbox 1013 1727 1248 1771; x_wconf 86' lang='lat' dir='ltr'>verborum</span> <span class='ocrx_word' id='word_1_225' title='bbox 1261 1736 1438 1771; x_wconf 90' lang='lat' dir='ltr'>tuorum</span> <span class='ocrx_word' id='word_1_226' title='bbox 1454 1728 1616 1771; x_wconf 88' lang='lat' dir='ltr'>inimici</span> <span class='ocrx_word' id='word_1_227' title='bbox 1629 1727 1760 1771; x_wconf 87' lang='lat' dir='ltr'>mei.»</span> 
     </span>
     <span class='ocr_line' id='line_1_23' title="bbox 372 1797 1764 1856; baseline -0.001 -14"><span class='ocrx_word' id='word_1_228' title='bbox 372 1798 697 1843; x_wconf 83' lang='lat' dir='ltr'>Retribuebant</span> <span class='ocrx_word' id='word_1_229' title='bbox 714 1812 816 1855; x_wconf 80' lang='lat' dir='ltr'>ergo</span> <span class='ocrx_word' id='word_1_230' title='bbox 839 1797 954 1839; x_wconf 78' lang='lat' dir='ltr'>mala</span> <span class='ocrx_word' id='word_1_231' title='bbox 977 1811 1055 1854; x_wconf 89' lang='lat' dir='ltr'>pro</span> <span class='ocrx_word' id='word_1_232' title='bbox 1077 1798 1203 1839; x_wconf 84' lang='lat' dir='ltr'>nobis</span> <span class='ocrx_word' id='word_1_233' title='bbox 1219 1798 1456 1856; x_wconf 54' lang='lat' dir='ltr'>;,quoniam</span> <span class='ocrx_word' id='word_1_234' title='bbox 1480 1797 1648 1842; x_wconf 78' lang='lat' dir='ltr'>zelabat</span> <span class='ocrx_word' id='word_1_235' title='bbox 1667 1797 1764 1843; x_wconf 89' lang='lat' dir='ltr'>illos</span> 
     </span>
     <span class='ocr_line' id='line_1_24' title="bbox 372 1866 1764 1925; baseline 0.001 -12"><span class='ocrx_word' id='word_1_236' title='bbox 372 1873 462 1914; x_wconf 87' lang='lat' dir='ltr'>Deo</span> <span class='ocrx_word' id='word_1_237' title='bbox 473 1879 561 1912; x_wconf 85' lang='lat' dir='ltr'>tam</span> <span class='ocrx_word' id='word_1_238' title='bbox 569 1869 850 1911; x_wconf 83' lang='lat' dir='ltr'>vehementer</span> <span class='ocrx_word' id='word_1_239' title='bbox 858 1866 1131 1925; x_wconf 20' lang='lat' dir='ltr'>etna-rdenter,</span> <span class='ocrx_word' id='word_1_240' title='bbox 1144 1875 1252 1910; x_wconf 89' lang='lat' dir='ltr'>uteo</span> <span class='ocrx_word' id='word_1_241' title='bbox 1262 1867 1353 1911; x_wconf 89' lang='lat' dir='ltr'>zelo</span> <span class='ocrx_word' id='word_1_242' title='bbox 1366 1866 1631 1912; x_wconf 83' lang='lat' dir='ltr'>tabefactum</span> <span class='ocrx_word' id='word_1_243' title='bbox 1644 1885 1688 1913; x_wconf 91' lang='lat' dir='ltr'>se</span> <span class='ocrx_word' id='word_1_244' title='bbox 1696 1869 1764 1914; x_wconf 90' lang='lat' dir='ltr'>di-</span> 
     </span>
     <span class='ocr_line' id='line_1_25' title="bbox 372 1938 1762 2001; baseline 0.001 -16"><span class='ocrx_word' id='word_1_245' title='bbox 372 1939 574 1997; x_wconf 78' lang='lat' dir='ltr'>ceret3illi</span> <span class='ocrx_word' id='word_1_246' title='bbox 591 1948 735 1982; x_wconf 85' lang='lat' dir='ltr'>autem</span> <span class='ocrx_word' id='word_1_247' title='bbox 745 1939 802 1982; x_wconf 86' lang='lat' dir='ltr'>ob</span> <span class='ocrx_word' id='word_1_248' title='bbox 811 1939 1097 1998; x_wconf 86' lang='lat' dir='ltr'>hocinipsum</span> <span class='ocrx_word' id='word_1_249' title='bbox 1112 1938 1356 1984; x_wconf 82' lang='lat' dir='ltr'>inimicitias</span> <span class='ocrx_word' id='word_1_250' title='bbox 1365 1940 1626 1984; x_wconf 79' lang='lat' dir='ltr'>exercebant</span> <span class='ocrx_word' id='word_1_251' title='bbox 1640 1960 1648 1986; x_wconf 91' lang='lat'>:</span> <span class='ocrx_word' id='word_1_252' title='bbox 1660 1941 1762 2001; x_wconf 76' lang='lat' dir='ltr'>quia</span> 
     </span>
     <span class='ocr_line' id='line_1_26' title="bbox 371 2008 1761 2071; baseline 0.001 -16"><span class='ocrx_word' id='word_1_253' title='bbox 371 2011 525 2071; x_wconf 83' lang='lat' dir='ltr'>utique</span> <span class='ocrx_word' id='word_1_254' title='bbox 540 2013 735 2054; x_wconf 88' lang='lat' dir='ltr'>utDeum</span> <span class='ocrx_word' id='word_1_255' title='bbox 754 2019 948 2053; x_wconf 85' lang='lat' dir='ltr'>amarent</span> <span class='ocrx_word' id='word_1_256' title='bbox 959 2008 1266 2069; x_wconf 83' lang='lat' dir='ltr'>volebat,quos</span> <span class='ocrx_word' id='word_1_257' title='bbox 1280 2010 1761 2057; x_wconf 79' lang='lat' dir='ltr'>amandozelabat.Non</span> 
     </span>
     <span class='ocr_line' id='line_1_27' title="bbox 371 2078 1761 2141; baseline 0.001 -16"><span class='ocrx_word' id='word_1_258' title='bbox 371 2082 566 2141; x_wconf 80' lang='lat' dir='ltr'>ingratus</span> <span class='ocrx_word' id='word_1_259' title='bbox 582 2081 694 2124; x_wconf 90' lang='lat' dir='ltr'>enim</span> <span class='ocrx_word' id='word_1_260' title='bbox 713 2080 860 2139; x_wconf 78' lang='lat' dir='ltr'>gratiae</span> <span class='ocrx_word' id='word_1_261' title='bbox 871 2080 961 2134; x_wconf 87' lang='lat' dir='ltr'>Dei,</span> <span class='ocrx_word' id='word_1_262' title='bbox 974 2096 1050 2139; x_wconf 88' lang='lat' dir='ltr'>per</span> <span class='ocrx_word' id='word_1_263' title='bbox 1065 2095 1197 2140; x_wconf 87' lang='lat' dir='ltr'>quam</span> <span class='ocrx_word' id='word_1_264' title='bbox 1213 2078 1353 2124; x_wconf 84' lang='lat' dir='ltr'>fuerat</span> <span class='ocrx_word' id='word_1_265' title='bbox 1363 2096 1412 2123; x_wconf 78' lang='lat' dir='ltr'>ex</span> <span class='ocrx_word' id='word_1_266' title='bbox 1427 2081 1602 2125; x_wconf 90' lang='lat' dir='ltr'>inimico</span> <span class='ocrx_word' id='word_1_267' title='bbox 1616 2097 1761 2128; x_wconf 84' lang='lat' dir='ltr'>recon-</span> 
     </span>
     <span class='ocr_line' id='line_1_28' title="bbox 372 2150 1760 2209; baseline 0 -13"><span class='ocrx_word' id='word_1_268' title='bbox 372 2152 540 2197; x_wconf 86' lang='lat' dir='ltr'>ciliatus</span> <span class='ocrx_word' id='word_1_269' title='bbox 550 2154 654 2204; x_wconf 90' lang='lat' dir='ltr'>Deo,</span> <span class='ocrx_word' id='word_1_270' title='bbox 667 2151 796 2194; x_wconf 81' lang='lat' dir='ltr'>etiam</span> <span class='ocrx_word' id='word_1_271' title='bbox 810 2151 898 2209; x_wconf 87' lang='lat' dir='ltr'>ipse</span> <span class='ocrx_word' id='word_1_272' title='bbox 910 2166 1009 2194; x_wconf 86' lang='lat' dir='ltr'>suos</span> <span class='ocrx_word' id='word_1_273' title='bbox 1024 2150 1230 2208; x_wconf 80' lang='lat' dir='ltr'>diligebat</span> <span class='ocrx_word' id='word_1_274' title='bbox 1244 2150 1440 2195; x_wconf 83' lang='lat' dir='ltr'>inimicos</span> <span class='ocrx_word' id='word_1_275' title='bbox 1456 2160 1499 2195; x_wconf 89' lang='lat' dir='ltr'>et</span> <span class='ocrx_word' id='word_1_276' title='bbox 1512 2167 1583 2196; x_wconf 87' lang='lat' dir='ltr'>eos</span> <span class='ocrx_word' id='word_1_277' title='bbox 1594 2152 1760 2197; x_wconf 83' lang='lat' dir='ltr'>zelabat</span> 
     </span>
     <span class='ocr_line' id='line_1_29' title="bbox 372 2220 1756 2282; baseline 0.001 -16"><span class='ocrx_word' id='word_1_278' title='bbox 372 2226 479 2276; x_wconf 84' lang='lat' dir='ltr'>Deo,</span> <span class='ocrx_word' id='word_1_279' title='bbox 498 2221 649 2265; x_wconf 84' lang='lat' dir='ltr'>dolens</span> <span class='ocrx_word' id='word_1_280' title='bbox 664 2230 707 2264; x_wconf 90' lang='lat' dir='ltr'>et</span> <span class='ocrx_word' id='word_1_281' title='bbox 721 2220 944 2264; x_wconf 85' lang='lat' dir='ltr'>tabescens</span> <span class='ocrx_word' id='word_1_282' title='bbox 958 2220 1079 2281; x_wconf 84' lang='lat' dir='ltr'>quod</span> <span class='ocrx_word' id='word_1_283' title='bbox 1097 2230 1237 2264; x_wconf 90' lang='lat' dir='ltr'>essent</span> <span class='ocrx_word' id='word_1_284' title='bbox 1254 2221 1492 2265; x_wconf 78' lang='lat' dir='ltr'>verborum</span> <span class='ocrx_word' id='word_1_285' title='bbox 1507 2223 1597 2282; x_wconf 89' lang='lat' dir='ltr'>ejus</span> <span class='ocrx_word' id='word_1_286' title='bbox 1615 2223 1756 2268; x_wconf 87' lang='lat' dir='ltr'>obliti.</span> 
     </span>
    </p>

    <p class='ocr_par' dir='ltr' id='par_1_3' title="bbox 373 2290 1760 2566">
     <span class='ocr_line' id='line_1_30' title="bbox 431 2290 1760 2352; baseline 0.002 -16"><span class='ocrx_word' id='word_1_287' title='bbox 431 2295 512 2336; x_wconf 90' lang='lat' dir='ltr'>III.</span> <span class='ocrx_word' id='word_1_288' title='bbox 535 2290 700 2336; x_wconf 89' lang='lat' dir='ltr'>Deinde</span> <span class='ocrx_word' id='word_1_289' title='bbox 717 2291 1014 2346; x_wconf 82' lang='lat' dir='ltr'>considerans,</span> <span class='ocrx_word' id='word_1_290' title='bbox 1033 2291 1123 2351; x_wconf 86' lang='lat' dir='ltr'>ipse</span> <span class='ocrx_word' id='word_1_291' title='bbox 1146 2291 1192 2335; x_wconf 90' lang='lat' dir='ltr'>in</span> <span class='ocrx_word' id='word_1_292' title='bbox 1207 2291 1348 2336; x_wconf 76' lang='lat' dir='ltr'>verbis</span> <span class='ocrx_word' id='word_1_293' title='bbox 1368 2293 1442 2336; x_wconf 87' lang='lat' dir='ltr'>Dei</span> <span class='ocrx_word' id='word_1_294' title='bbox 1460 2293 1562 2352; x_wconf 85' lang='lat' dir='ltr'>quia</span> <span class='ocrx_word' id='word_1_295' title='bbox 1583 2294 1760 2339; x_wconf 85' lang='lat' dir='ltr'>flamma</span> 
     </span>
     <span class='ocr_line' id='line_1_31' title="bbox 373 2363 1760 2424; baseline 0.001 -16"><span class='ocrx_word' id='word_1_296' title='bbox 373 2363 616 2408; x_wconf 86' lang='lat' dir='ltr'>dilectionis</span> <span class='ocrx_word' id='word_1_297' title='bbox 651 2363 847 2407; x_wconf 86' lang='lat' dir='ltr'>arderet:</span> <span class='ocrx_word' id='word_1_298' title='bbox 878 2382 897 2404; x_wconf 87' lang='lat'>«</span> <span class='ocrx_word' id='word_1_299' title='bbox 930 2363 1145 2422; x_wconf 84' lang='lat' dir='ltr'>Ignitum,</span> <span class='ocrx_word' id='word_1_300' title='bbox 1173 2363 1346 2423; x_wconf 86' lang='lat' dir='ltr'>inquit,</span> <span class='ocrx_word' id='word_1_301' title='bbox 1373 2364 1596 2424; x_wconf 86' lang='lat' dir='ltr'>eloquium</span> <span class='ocrx_word' id='word_1_302' title='bbox 1632 2374 1760 2409; x_wconf 88' lang='lat' dir='ltr'>tuum</span> 
     </span>
     <span class='ocr_line' id='line_1_32' title="bbox 375 2433 1759 2489; baseline 0.003 -13"><span class='ocrx_word' id='word_1_303' title='bbox 375 2453 395 2476; x_wconf 90' lang='lat'>»</span> <span class='ocrx_word' id='word_1_304' title='bbox 431 2434 558 2478; x_wconf 82' lang='lat' dir='ltr'>valde</span> <span class='ocrx_word' id='word_1_305' title='bbox 574 2470 584 2489; x_wconf 96' lang='lat'>,</span> <span class='ocrx_word' id='word_1_306' title='bbox 608 2443 651 2478; x_wconf 91' lang='lat' dir='ltr'>et</span> <span class='ocrx_word' id='word_1_307' title='bbox 671 2450 819 2478; x_wconf 86' lang='lat' dir='ltr'>servus</span> <span class='ocrx_word' id='word_1_308' title='bbox 840 2443 941 2478; x_wconf 88' lang='lat' dir='ltr'>tuus</span> <span class='ocrx_word' id='word_1_309' title='bbox 964 2434 1113 2478; x_wconf 74' lang='lat' dir='ltr'>dilexit</span> <span class='ocrx_word' id='word_1_310' title='bbox 1134 2433 1284 2478; x_wconf 65' lang='lat' dir='ltr'>illudss.</span> <span class='ocrx_word' id='word_1_311' title='bbox 1308 2453 1327 2475; x_wconf 74' lang='lat' dir='ltr'>n</span> <span class='ocrx_word' id='word_1_312' title='bbox 1353 2436 1509 2480; x_wconf 87' lang='lat' dir='ltr'>Merito</span> <span class='ocrx_word' id='word_1_313' title='bbox 1526 2435 1694 2480; x_wconf 85' lang='lat' dir='ltr'>zelabat</span> <span class='ocrx_word' id='word_1_314' title='bbox 1714 2437 1759 2480; x_wconf 90' lang='lat' dir='ltr'>in</span> 
     </span>
     <span class='ocr_line' id='line_1_33' title="bbox 373 2505 1756 2566; baseline 0.002 -17"><span class='ocrx_word' id='word_1_315' title='bbox 373 2506 457 2549; x_wconf 88' lang='lat' dir='ltr'>suis</span> <span class='ocrx_word' id='word_1_316' title='bbox 478 2505 661 2555; x_wconf 83' lang='lat' dir='ltr'>inimicis</span> <span class='ocrx_word' id='word_1_317' title='bbox 681 2521 755 2549; x_wconf 89' lang='lat' dir='ltr'>cor</span> <span class='ocrx_word' id='word_1_318' title='bbox 772 2506 1067 2565; x_wconf 85' lang='lat' dir='ltr'>impoenitens,</span> <span class='ocrx_word' id='word_1_319' title='bbox 1092 2506 1168 2566; x_wconf 90' lang='lat' dir='ltr'>qui</span> <span class='ocrx_word' id='word_1_320' title='bbox 1187 2505 1359 2550; x_wconf 78' lang='lat' dir='ltr'>fuerant</span> <span class='ocrx_word' id='word_1_321' title='bbox 1376 2506 1501 2551; x_wconf 88' lang='lat' dir='ltr'>obliti</span> <span class='ocrx_word' id='word_1_322' title='bbox 1523 2507 1756 2552; x_wconf 86' lang='lat' dir='ltr'>verborum</span> 
     </span>
    </p>
   </div>
   <div class='ocr_carea' id='block_1_3' title="bbox 421 2588 1457 2631">
    <p class='ocr_par' dir='ltr' id='par_1_4' title="bbox 421 2588 1457 2631">
     <span class='ocr_line' id='line_1_34' title="bbox 421 2588 1457 2631; baseline 0.002 -11"><span class='ocrx_word' id='word_1_323' title='bbox 421 2596 429 2611; x_wconf 91' lang='lat'>¹</span> <span class='ocrx_word' id='word_1_324' title='bbox 453 2598 471 2620; x_wconf 76' lang='lat'><strong>2</strong></span> <span class='ocrx_word' id='word_1_325' title='bbox 490 2592 562 2622; x_wconf 84' lang='lat' dir='ltr'>Cor.</span> <span class='ocrx_word' id='word_1_326' title='bbox 583 2602 626 2630; x_wconf 73' lang='lat' dir='ltr'>xi,</span> <span class='ocrx_word' id='word_1_327' title='bbox 649 2599 681 2629; x_wconf 80' lang='lat'>2,</span> <span class='ocrx_word' id='word_1_328' title='bbox 699 2590 729 2621; x_wconf 81' lang='lat'>3.</span> <span class='ocrx_word' id='word_1_329' title='bbox 749 2607 789 2612; x_wconf 90' lang='lat'>—</span> <span class='ocrx_word' id='word_1_330' title='bbox 816 2596 828 2612; x_wconf 80' lang='lat'><em>2</em></span> <span class='ocrx_word' id='word_1_331' title='bbox 850 2589 931 2621; x_wconf 84' lang='lat' dir='ltr'>Ibid.</span> <span class='ocrx_word' id='word_1_332' title='bbox 955 2601 987 2631; x_wconf 83' lang='lat'>2,</span> <span class='ocrx_word' id='word_1_333' title='bbox 1011 2591 1039 2621; x_wconf 84' lang='lat'>3.</span> <span class='ocrx_word' id='word_1_334' title='bbox 1058 2607 1098 2612; x_wconf 86' lang='lat'>--</span> <span class='ocrx_word' id='word_1_335' title='bbox 1120 2588 1132 2612; x_wconf 86' lang='lat'>3</span> <span class='ocrx_word' id='word_1_336' title='bbox 1152 2590 1230 2621; x_wconf 80' lang='lat' dir='ltr'>Psal.</span> <span class='ocrx_word' id='word_1_337' title='bbox 1251 2601 1364 2630; x_wconf 80' lang='lat' dir='ltr'>cxvm,</span> <span class='ocrx_word' id='word_1_338' title='bbox 1387 2589 1457 2631; x_wconf 64' lang='lat'>140.</span> 
     </span>
    </p>
   </div>
  </div>
 </body>
</html>
