1848 3261
265 236 506 267 ENARRATIO
539 239 585 266 IN
617 234 819 266 PsALMUM
849 236 1012 273 cxvm,
1048 232 1185 263 Sermo
1218 237 1277 263 1v.
1379 226 1461 264 393

83 304 303 365 eloquium
318 340 329 359 ,
353 304 431 348 ubi
461 304 644 362 legimus
667 313 797 363 atque
818 309 1042 345 cantamus
1058 335 1068 354 ,
1093 318 1113 342 «
1136 304 1201 344 Tu
1221 303 1463 362 praecepisti

84 394 103 416 »
138 374 340 420 mandata
352 384 427 419 tua
440 375 648 418 custodiri
669 373 815 429 nimis,
835 390 854 413 >›
871 371 952 414 nisi
965 386 1043 414 nos
1058 386 1147 414 non
1163 387 1300 429 graeca
1315 372 1460 428 elatio,

80 444 156 489 sed
175 461 276 489 vera
295 446 402 491 ratio
429 446 678 490 revocaret?
694 443 828 489 Nimis
849 442 1012 502 quippe
1030 441 1190 485 dicitur
1208 476 1218 495 ,
1245 442 1462 502 quidquid

79 515 176 574 plus
204 515 336 560 fuerit
372 532 503 576 quam
531 523 718 575 oportet.
752 516 863 558 Nam
899 527 1054 572 parum
1088 521 1131 556 et
1157 511 1344 555 nimium
1375 512 1463 557 duo

79 594 182 629 sunt
202 586 315 630 inter
337 601 380 630 se
403 585 632 630 contraria.
659 588 819 628 Parum
841 591 904 626 est
941 580 1060 642 quod
1081 582 1225 625 minus
1248 591 1311 625 est
1333 598 1465 642 quam

79 665 277 715 oportet:
302 666 345 701 et
366 656 551 700 nimium
569 647 670 715 plus
692 669 824 715 quam
845 661 1030 713 oportet.
1058 655 1226 697 Horum
1253 653 1300 697 in
1320 653 1466 698 medio

78 729 234 772 modus
252 737 341 782 est,
368 727 488 788 quod
506 727 666 771 dicitur
681 761 692 782 ,
718 736 782 770 sat
803 734 879 769 est.
905 726 1019 770 Cum
1043 724 1191 784 itaque
1211 724 1318 769 utile
1345 725 1400 769 sit
1420 725 1466 768 in

77 798 166 841 vita
186 806 230 841 et
255 798 450 842 moribus
467 832 479 852 ,
515 807 565 841 ut
588 796 772 856 amplius
800 810 933 855 quam
961 803 1135 854 oportet
1156 795 1265 839 nihil
1288 795 1464 840 omnino

75 865 311 925 faciamus,
335 867 532 927 profecto
555 883 707 912 veram
726 881 815 911 esse
836 867 1116 921 sententiam,
1142 884 1162 908 «
1185 868 1249 912 Ne
1269 866 1378 927 quid
1398 867 1466 910 ni-

80 954 100 977 »
137 937 244 992 mis,
271 955 292 979 »
330 938 456 982 fateri
486 938 632 997 potius
663 952 797 998 quam
825 950 980 994 negare
1009 936 1236 980 debemus.
1272 938 1358 981 Sed
1390 937 1466 980 ali-

82 1007 263 1067 quando
288 1007 421 1053 latina
449 1008 598 1067 lingua
624 1009 709 1053 hoc
735 1007 870 1051 verbo
908 1006 967 1051 sic
1001 1006 1225 1061 abutitur,
1261 1016 1313 1050 ut
1340 1007 1468 1051 nimis

75 1093 156 1136 pro
177 1093 228 1122 eo
246 1078 367 1138 quod
389 1087 473 1134 est,
493 1078 641 1134 valde,
660 1087 703 1122 et
724 1079 913 1137 positum
932 1077 1203 1120 inveniamus
1224 1076 1272 1120 in
1293 1076 1467 1121 Litteris

76 1149 229 1204 sacris,
255 1159 298 1193 et
330 1165 542 1208 ponamus
563 1150 609 1193 in
645 1148 917 1193 sermonibus
949 1147 1120 1192 nostris.
1155 1149 1266 1193 Nam
1295 1156 1338 1191 et
1359 1147 1430 1191 hic
1451 1184 1463 1204 ,

80 1236 97 1257 «
128 1222 194 1262 Tu
226 1220 469 1279 praecepisti
482 1218 687 1264 mandata
709 1228 785 1263 tua
809 1217 1017 1263 custodiri
1045 1217 1171 1261 nimis
1191 1252 1202 1272 ,
1225 1235 1246 1259 »
1274 1218 1465 1274 nonnisi,

77 1290 230 1345 Valde,
252 1290 551 1349 intelligimus,
568 1291 734 1335 sirecte
757 1289 1052 1348 intelligimus.
1080 1291 1152 1345 Et,
1176 1288 1312 1334 Nimis
1334 1298 1377 1333 te
1399 1290 1468 1333 di·-

79 1359 192 1418 ligo,
218 1361 252 1404 si
270 1360 398 1404 alicui
420 1361 669 1409 charissimo
693 1359 896 1415 dicimus,
922 1375 1012 1405 non
1041 1360 1191 1419 utique
1215 1359 1313 1419 plus
1336 1375 1467 1420 quam

75 1440 271 1489 oportet,
291 1430 366 1475 sed
387 1429 515 1475 valde
532 1447 610 1475 nos
634 1430 813 1490 diligere
831 1429 1016 1488 intelligi
1036 1429 1254 1474 volumus.
1268 1431 1467 1491 Denique

74 1500 148 1544 illa
171 1517 311 1560 graeca
350 1502 562 1546 sententia
590 1518 680 1546 non
710 1501 846 1545 habet
879 1502 963 1546 hoc
994 1501 1180 1545 verbum
1200 1536 1211 1554 ,
1252 1503 1372 1561 quod
1398 1502 1468 1545 hic

74 1570 250 1630 legitur.
276 1572 343 1615 Ibi
373 1573 488 1615 enim
513 1581 577 1616 est
600 1580 705 1627 ἄγκη,
726 1572 847 1632 quod
861 1581 938 1627 est,
962 1572 1090 1616 nimis
1116 1590 1125 1616 ε
1152 1572 1222 1616 hic
1236 1582 1298 1616 est
1320 1581 1465 1616 autem

74 1645 220 1696 σφόδρα,
246 1640 367 1701 quod
384 1651 462 1696 est,
487 1641 628 1685 valde.
653 1641 738 1686 Sed
753 1641 989 1700 aliquando
1005 1677 1015 1696 ,
1040 1651 1092 1686 ut
1107 1641 1315 1696 diximus,
1340 1642 1468 1686 nimis

73 1726 152 1770 pro
175 1726 225 1755 eo
259 1711 379 1771 quod
397 1720 461 1756 est
476 1711 625 1767 valde,
654 1721 698 1756 et
715 1712 884 1756 dictum
903 1712 1171 1767 invenimus,
1197 1721 1240 1756 et
1262 1711 1461 1757 dicimus.

75 1781 199 1826 Unde
216 1782 416 1827 nonnulli
438 1784 568 1827 etiam
587 1782 713 1827 latini
730 1782 897 1827 codices
919 1798 1009 1827 non
1026 1782 1206 1838 habent,
1228 1802 1248 1826 «
1272 1787 1337 1827 Tu
1351 1799 1465 1843 prae-

76 1870 96 1892 »
132 1853 286 1912 cepisti
307 1853 512 1896 mandata
533 1862 608 1896 tua
630 1853 838 1897 custodiri
859 1853 985 1897 nimis
1003 1874 1013 1910 3
1035 1871 1055 1894 n
1081 1854 1157 1897 sed
1172 1889 1183 1909 ,
1213 1873 1233 1896 «
1259 1853 1410 1898 Valde.
1439 1872 1460 1896 »

73 1921 210 1966 Valde
240 1923 388 1982 itaque
417 1923 623 1983 praecepit
655 1924 740 1973 hoc
759 1926 898 1978 Deus,
941 1933 983 1967 et
1016 1923 1144 1967 valde
1181 1933 1353 1984 oportet
1385 1925 1464 1969 Dei

80 1993 289 2038 custodiri
317 1993 534 2038 mandata.

130 2066 187 2107 ΙΙ.
216 2063 299 2108 Sed
326 2063 501 2108 humilis
525 2065 660 2124 pietas
690 2065 760 2109 vel
793 2065 862 2124 pia
895 2065 1138 2121 humilitas,
1176 2075 1219 2110 et
1245 2066 1351 2111 fides
1373 2083 1463 2112 non

72 2134 300 2179 immemor
318 2136 464 2193 gratiae
484 2171 494 2190 ,
517 2136 624 2196 quid
645 2135 855 2196 adjungat
872 2135 1082 2181 attendite
1105 2156 1113 2182 ε
1145 2155 1165 2179 «
1186 2138 1377 2192 Utinam,
1397 2138 1461 2182 in-

75 2223 92 2245 »
128 2206 250 2264 quit,
275 2206 517 2264 dirigantur
543 2209 622 2250 vise
650 2222 758 2250 meae
782 2207 837 2251 ad
859 2206 1164 2251 custodiendas
1182 2208 1459 2268 justificatio-

73 2293 94 2316 »
130 2291 205 2318 nes
234 2279 370 2320 tua31.
401 2294 420 2316 »
457 2270 703 2337 Praecepisti
737 2277 913 2337 quidem
945 2287 1020 2332 tu,
1051 2278 1127 2322 scd
1149 2280 1316 2323 utinam
1339 2280 1460 2340 quod

69 2346 311 2404 praecepisti
329 2347 404 2390 fiat
425 2347 547 2391 mihi.
575 2347 659 2392 Ubi
683 2347 804 2391 audis
831 2366 850 2389 «
876 2348 1066 2403 Utinam,
1085 2367 1105 2390 »
1132 2365 1285 2394 vocem
1302 2360 1459 2409 optan-

71 2415 123 2458 tis
157 2430 366 2473 agnosce,
398 2425 441 2460 et
469 2418 614 2476 agnita
647 2433 753 2462 voce
777 2418 964 2476 optantis
981 2454 991 2473 ,
1016 2418 1187 2479 depone
1209 2420 1458 2479 superbiam

70 2487 384 2544 praesumentis.
419 2488 523 2540 Quis
547 2489 663 2532 enim
683 2504 727 2533 se
748 2487 863 2533 dicat
886 2498 1061 2549 optare,
1093 2491 1215 2551 quod
1236 2491 1295 2535 sic
1323 2492 1458 2536 habet

119 2576 128 2592 ¹
146 2570 225 2602 Psal.
246 2581 353 2613 cxvni,
378 2571 409 2604 5.
