1848 3261
362 225 446 262 290
789 234 822 260 s.
857 230 1089 261 Auous'rrm
1121 233 1304 261 Emscom

357 308 454 343 tum
476 306 540 342 est
561 311 614 342 ex
634 297 796 342 semine
817 296 977 353 David,
1009 298 1069 342 ita
1089 298 1352 342 honoratum
1373 306 1437 342 est
1455 332 1466 353 ‚
1491 305 1542 342 ut
1565 305 1675 341 esset
1701 306 1746 342 et

352 369 563 414 Dominus
590 366 743 413 David.
771 371 838 412 Ita
860 368 1086 412 admiraris
1100 368 1208 423 hoc,
1229 368 1354 428 quasi
1375 377 1419 412 et
1440 368 1487 412 in
1508 368 1638 412 rebus
1659 368 1746 412 hu-

352 441 490 485 manis
505 440 585 484 ista
609 455 700 484 non
721 439 842 483 fiant.
877 439 921 483 Si
938 439 1055 483 enim
1077 439 1300 497 contingat
1320 439 1464 483 filium
1485 440 1745 499 cujusquam

279 512 286 514 ’
352 526 501 570 regem
531 511 626 554 fieri
657 519 780 569 patre
817 509 1011 568 privato,
1048 526 1195 555 nonne
1232 510 1314 554 erit
1343 509 1545 554 dominus
1577 509 1747 569 patris?

352 578 662 626 Admirabilius
684 588 747 623 est
778 579 898 639 quod
919 589 1061 638 potest
1089 580 1343 639 contingere
1363 616 1373 635 ,
1412 590 1463 624 ut
1484 595 1574 624 non
1603 579 1746 624 solum

350 667 424 696 rex
440 650 578 696 factus
599 650 756 710 privati
782 648 921 705 filius,
947 649 1152 695 dominus
1175 652 1228 696 sit
1259 651 1392 711 patris
1413 651 1508 709 sui3
1533 649 1609 695 sed
1630 650 1745 710 epis·-

349 738 483 782 eopus
510 722 650 766 factus
677 721 778 765 la'ici
810 720 925 765 filius
944 757 954 776 ,
995 721 1050 766 sit
1071 731 1190 781 pater
1216 723 1350 782 patris
1372 723 1454 766 sui.
1487 725 1605 781 Ergo
1628 731 1672 765 et
1691 736 1745 766 eo

348 794 441 853 ipso
463 793 583 853 quod
611 807 786 837 carnem
805 793 972 852 accepit
992 793 1190 837 Christus
1209 827 1221 847 ‚
1249 792 1372 853 quod
1397 793 1445 836 in
1469 807 1598 837 carne
1621 807 1742 836 mor-

347 874 449 910 tuus
469 873 553 920 est,
579 863 700 925 quod
715 863 763 908 in
781 862 931 908 eadem
949 879 1078 908 earne
1100 865 1355 919 resurrexit,
1381 864 1501 924 quod
1523 864 1569 908 in
1590 862 1745 907 eadem

349 934 543 980 aseendit
564 934 610 978 in
631 933 795 979 coelum
825 943 868 978 et
890 934 1010 978 sedet
1029 933 1085 978 ad
1106 933 1327 978 dexteram
1349 934 1486 978 Patris
1500 969 1510 989 ,
1532 942 1576 977 et
1602 934 1650 977 in
1671 948 1744 977 ea-

349 1005 450 1050 dem
466 1005 557 1065 ipsa
577 1021 706 1050 carne
728 1005 788 1049 sic
810 1005 1021 1049 honorata
1037 1039 1047 1059 ‚
1073 1005 1132 1048 sic
1154 1004 1386 1048 clarificata
1407 1039 1417 1058 ,
1438 1004 1498 1048 sic
1519 1004 1565 1046 in
1587 1002 1744 1047 coeles-

349 1086 436 1121 tem
458 1076 659 1120 habitum
681 1085 946 1121 commutata
961 1110 972 1131 ‚
998 1084 1041 1119 et
1067 1074 1182 1119 filius
1205 1084 1267 1118 est
1286 1074 1445 1129 David,
1471 1083 1514 1118 et
1531 1075 1743 1119 Dominus

348 1156 412 1192 est
433 1146 586 1192 David.
616 1145 865 1191 Seeundum
884 1147 996 1190 hanc
1015 1145 1130 1189 enim
1148 1145 1515 1204 dispensationem
1532 1143 1744 1188 transitus

346 1218 534 1273 Christi,
560 1217 689 1261 etiam
711 1217 824 1261 illud
846 1217 899 1260 ab
927 1216 1136 1276 Apostolo
1160 1216 1321 1260 dicitur
1347 1235 1355 1260 ε
1382 1235 1402 1257 «
1420 1219 1602 1274 Propter
1618 1213 1742 1275 quod

346 1307 366 1330 ³)
401 1288 528 1332 illum
550 1287 755 1332 exaltavit
776 1303 800 1331 a
820 1287 1030 1342 mortuis,
1067 1296 1111 1330 et
1135 1285 1315 1330 donavit
1345 1285 1409 1330 illi
1432 1301 1594 1330 nomen
1615 1284 1739 1345 quod

345 1377 366 1401 2>
402 1368 464 1403 est
485 1374 614 1418 super
632 1372 761 1401 omne
790 1372 955 1401 nomen
971 1392 982 1412 ,
1001 1366 1050 1400 ut
1064 1356 1112 1399 in
1133 1356 1309 1400 nomine
1333 1359 1436 1400 Jesu
1463 1371 1593 1400 omne
1615 1370 1732 1414 genu

349 1451 368 1473 »
403 1431 604 1474 flectatur
620 1464 630 1484 ,
657 1428 901 1473 eoelestium
918 1463 928 1483 ‚
956 1427 1223 1471 terrestrium
1245 1436 1288 1471 et
1308 1426 1627 1471 infernorum1.
1653 1429 1740 1471 Do-

348 1519 369 1542 »
405 1502 539 1555 navit,
558 1499 720 1559 inquit,
743 1498 782 1541 ei
794 1513 956 1542 nomen
974 1497 1096 1558 quod
1109 1507 1172 1542 est
1193 1513 1323 1557 super
1345 1513 1474 1542 omne
1497 1512 1660 1542 nomen
1680 1517 1688 1541 :
1714 1515 1735 1539 »

384 1571 519 1614 hristo
551 1567 793 1613 secundum
819 1568 1066 1623 hominem,
1097 1568 1271 1612 Christo
1295 1567 1539 1613 secundum
1563 1583 1739 1612 carnem

344 1650 543 1695 mortuo,
573 1639 841 1698 resurgenti,
874 1639 1138 1683 ascendenti.
1171 1657 1191 1681 «
1212 1639 1401 1684 Donavit
1422 1654 1585 1684 nomen
1613 1636 1734 1698 quod

345 1720 408 1755 est
436 1726 566 1770 super
602 1725 731 1754 omne
757 1724 940 1765 nomen,
977 1718 1028 1753 ut
1052 1709 1098 1753 in
1125 1709 1302 1754 nomine
1331 1712 1436 1754 Jesu
1466 1724 1596 1753 omne
1619 1723 1737 1767 genu

350 1800 370 1824 >›
405 1782 622 1837 flectatur,
649 1779 907 1835 coelestium,
932 1779 1216 1835 terrestrium,
1238 1789 1281 1823 et
1301 1780 1585 1824 infernorum.
1609 1797 1630 1820 »
1652 1779 1738 1823 Ubi

346 1853 429 1897 erit
460 1851 622 1907 David,
654 1860 704 1895 ut
725 1866 816 1895 11011
844 1850 883 1893 ei
905 1850 960 1894 sit
980 1850 1220 1894 Dominus?
1244 1853 1295 1893 In
1316 1849 1429 1894 coelo
1456 1850 1533 1905 sit,
1558 1850 1605 1893 in
1622 1859 1738 1893 terra

349 1924 429 1979 sit,
454 1923 500 1967 in
530 1921 702 1967 inferno
725 1922 800 1980 sit3
832 1920 1042 1966 Dominus
1079 1921 1172 1980 ejus
1193 1920 1280 1970 ierit
1297 1955 1308 1976 ,
1339 1920 1416 1980 qui
1437 1929 1501 1964 est
1527 1919 1740 1964 Dominus

347 1994 615 2049 coelestium,
641 1993 908 2038 terrestrium
930 2002 974 2036 et
1003 1990 1291 2036 infernorum.
1314 1991 1512 2035 Gaudeat
1530 2006 1632 2050 ergo
1654 2006 1738 2035 no-

345 2067 514 2111 biscum
537 2075 580 2110 et
601 2064 759 2119 David,
785 2064 863 2107 filii
884 2064 950 2108 sui
972 2063 1197 2108 nativitate
1217 2064 1480 2117 honoratus,
1506 2061 1737 2106 dominatu

344 2137 577 2194 liberatus3
602 2145 644 2180 et
662 2133 853 2195 gaudens
877 2133 1015 2190 dicat,
1033 2150 1056 2178 a
1070 2133 1360 2192 gaudentibus
1380 2131 1606 2187 audiatur,
1631 2151 1649 2172 «
1667 2133 1739 2176 Di-

350 2228 371 2252 »
405 2210 469 2254 xit
489 2208 699 2254 Dominus
721 2207 906 2251 Domino
927 2221 1025 2250 meo
1056 2204 1193 2250 :Sede
1210 2221 1234 2249 a
1256 2204 1417 2249 dextris
1442 2204 1572 2260 meis,
1597 2203 1737 2249 donec

350 2299 372 2323 »
407 2296 569 2341 ponam
590 2279 786 2324 inimicos
801 2287 898 2322 tuos
919 2276 1159 2322 scabellum
1174 2275 1337 2336 pedum
1358 2285 1607 2320 tuorum.»

408 2355 532 2396 VIII.
564 2371 584 2394 «
610 2349 746 2403 Sede
774 2368 793 2391 n
821 2365 909 2393 11011
941 2348 1111 2393 solum
1101 2364 1147 2391 111
1170 2347 1278 2402 alto,
1305 2347 1380 2391 sed
1402 2356 1445 2390 et
1460 2346 1507 2390 in
1527 2331 1734 2390 occulto:

351 2439 453 2467 exe<
446 2422 563 2466 llens
586 2431 635 2465 ut
652 2419 1070 2473 d0111i1101is‚latens
1083 2428 1132 2462 ut
1143 2417 1342 2462 credaris.
1366 2420 1474 2470 Quae
1491 2417 1608 2460 enim
1627 2425 1737 2460 esset

351 2509 514 2537 merces
542 2492 666 2548 fidei,
701 2491 782 2535 nisi
805 2490 958 2535 lateret
991 2489 1111 2550 quod
1133 2488 1380 2534 eredimus?
1402 2491 1567 2534 Merces
1589 2496 1736 2532 autem

404 2586 411 2602 ¹
431 2578 540 2621 Philip.
562 2589 598 2620 11,
617 2588 653 2619 9,
676 2587 723 2608 10.
