1848 3261
250 234 491 266 ENARRA'no
522 237 570 264 IN
601 233 804 265 PsALMUM
833 235 991 272 cxv111,
1026 232 1164 263 SERMo
1195 237 1291 264 v111.
1372 224 1458 265 409

79 305 97 361 (
113 318 212 363 quae
241 302 352 346 absit
382 311 432 346 ut
461 311 642 362 putetur
671 317 722 345 ex
744 309 883 355 terra,
904 303 918 354 )
939 299 1095 343 merito
1117 300 1203 344 dici
1239 301 1430 360 potuerit
1445 337 1456 358 ‚

81 391 102 414 «
137 372 403 431 Inquilinus,
430 390 450 413 »
472 371 543 416 vel
573 391 593 414 «
615 370 784 425 Incola,
808 388 828 411 »
852 369 923 414 vel
951 388 970 411 «
995 368 1176 413 Advena
1197 385 1276 427 ego
1297 386 1393 415 sum
1414 373 1462 417 in

80 460 101 483 »
137 451 278 500 terra,
306 459 327 484 ·»
353 443 441 486 sive
460 442 699 486 secundum
720 449 861 485 totum
878 439 1124 494 hominem,
1151 440 1252 500 quia
1275 442 1462 499 paradisi

76 511 313 572 aliquando
336 513 437 557 civis
458 511 558 567 fuit,
578 512 655 556 ubi
676 511 830 571 utique
851 526 941 555 non
965 519 1056 554 erat
1073 510 1150 569 qui
1166 510 1244 554 ista
1261 508 1458 569 dicebat,

76 582 164 626 sive
202 582 323 642 quod
359 592 422 626 est
443 583 497 626 ab
520 581 640 626 omni
663 581 954 626 controversia
971 581 1148 624 liberius
1164 615 1176 636 ,
1201 596 1291 625 non
1323 581 1461 625 omnis

75 652 209 696 homo
229 653 361 711 possit
378 653 461 696 hoc
474 652 633 706 dicere,
649 651 724 695 sed
741 651 811 695 cui
831 651 971 710 patria
991 651 1198 710 promissa
1222 659 1284 695 est
1301 659 1462 694 aeterna

75 721 120 765 in
142 721 262 765 coelis
288 741 296 765 ;
322 723 405 766 hoc
427 722 514 767 scio
528 757 539 776 ,
564 721 702 775 «Quia
724 721 908 766 tentatio
930 730 993 765 est
1014 722 1101 765 vita
1118 722 1312 765 humana
1334 736 1463 780 super

77 809 98 833 n
134 801 292 835 terram
308 794 320 818 1
340 813 351 849 3
375 811 395 833 »
422 802 465 836 et
476 794 633 852 jugum
657 808 785 851 grave
807 801 871 836 est
892 807 1021 851 super
1044 792 1154 836 filios
1171 791 1353 836 Adam2.
1373 793 1462 835 Ve-

75 877 172 905 rum
194 877 264 906 me
284 861 382 921 plus
415 862 602 906 delectat
625 862 865 906 secundum
899 863 1025 906 istam
1048 862 1267 922 disputare
1289 871 1464 906 senten-

75 931 201 987 tiam,
231 940 281 975 ut
303 932 402 975 ideo
424 947 502 976 nos
528 931 575 974 in
598 941 710 976 terra
733 931 969 991 inquilinos
998 932 1068 977 vel
1099 932 1261 977 incolas
1284 947 1372 976 esse
1393 932 1464 977 di-

74 1017 222 1046 camus
236 1038 247 1057 ,
267 1003 369 1062 quia
386 1018 616 1062 supernam
637 1004 821 1062 patriam
836 1038 847 1058 ,
869 1002 989 1047 unde
1010 1003 1169 1062 pignus
1191 1003 1435 1062 accepimus
1449 1038 1460 1058 ,

73 1081 117 1117 et
133 1088 222 1133 quo
242 1073 543 1132 pervenientes
565 1088 794 1133 nunquam
811 1072 913 1117 inde
930 1072 1181 1131 migremus,
1197 1073 1459 1116 invenimus.

71 1146 182 1190 Nam
204 1153 247 1187 et
267 1143 341 1187 ille
359 1145 434 1203 qui
458 1143 503 1186 in
526 1142 611 1187 alio
635 1143 806 1187 Psalmo
828 1143 955 1187 dicit:
977 1162 995 1184 «
1009 1142 1256 1202 Inquilinus
1271 1156 1349 1199 ego
1368 1157 1464 1186 sum

75 1232 96 1255 »
132 1214 251 1273 apud
272 1224 315 1258 te
332 1223 376 1258 et
397 1214 651 1274 peregrinus
668 1249 679 1269 ,
706 1214 818 1258 sicut
839 1229 989 1258 omnes
1007 1223 1151 1273 patres
1172 1213 1257 1257 mei
1270 1214 1284 1238 ³
1304 1231 1313 1256 ε
1335 1230 1356 1253 »
1374 1228 1464 1257 non

73 1284 158 1339 ait,
183 1285 295 1329 sicut
318 1300 467 1329 omnes
489 1284 685 1328 homines
704 1305 715 1342 3
740 1283 815 1328 sed
837 1283 1024 1329 dicendo
1044 1319 1055 1339 ,
1081 1284 1192 1328 sicut
1215 1297 1364 1327 omnes
1386 1298 1464 1342 pa-

72 1363 157 1399 tres
176 1355 287 1410 mei,
308 1356 445 1414 justos
465 1354 621 1413 procul
638 1354 774 1398 dubio
793 1354 885 1398 vult
906 1353 1114 1412 intelligi,
1137 1354 1215 1414 qui
1236 1369 1334 1397 eum
1356 1363 1464 1398 tem-

72 1440 177 1485 pore
199 1433 511 1483 praecesserunt
528 1460 538 1480 ,
564 1433 608 1468 et
637 1424 683 1467 in
703 1424 785 1468 hac
819 1423 1167 1483 peregrinatione
1200 1424 1364 1482 gemitu
1386 1424 1460 1483 pio

72 1511 271 1555 supernae
292 1496 443 1554 patriae
465 1494 753 1554 suspirarunt.
786 1496 849 1538 De
884 1494 1044 1554 quibus
1073 1495 1282 1553 scriptum
1311 1504 1375 1539 est
1408 1495 1464 1539 ad

74 1566 280 1610 Hebraeos
302 1584 346 1609 z«
374 1564 625 1609 Secundum
647 1564 777 1608 fidem
801 1564 964 1608 mortui
987 1573 1089 1608 sunt
1111 1564 1157 1608 hi
1179 1579 1345 1619 omnes,
1361 1579 1463 1608 cum

75 1655 94 1677 »
131 1652 221 1681 non
241 1636 503 1695 accepissent
524 1635 843 1695 promissiones,
870 1633 946 1678 sed
966 1634 1097 1693 longe
1115 1650 1184 1679 eas
1206 1635 1401 1679 videntes
1420 1644 1463 1678 et

75 1726 95 1749 »
131 1708 382 1761 salutantes,
396 1716 440 1751 et
457 1708 713 1751 confitentes
731 1706 834 1765 quia
855 1706 1045 1765 hospites
1062 1715 1105 1750 et
1127 1705 1342 1764 peregrini
1362 1715 1464 1749 sunt

75 1796 95 1820 »
131 1793 260 1837 super
295 1786 469 1821 terram.
502 1777 583 1828 Qui
617 1777 734 1819 enim
763 1775 865 1820 talia
888 1775 1065 1831 dicunt,
1101 1775 1337 1820 ostendunt
1359 1776 1462 1835 quia

74 1866 95 1889 »
130 1848 315 1908 patriam
344 1854 564 1906 quaerunt.
596 1848 653 1889 Et
686 1844 900 1904 siquidem
929 1847 1020 1905 ejus
1050 1861 1262 1891 memores
1289 1856 1458 1901 essent,

74 1936 94 1960 »
131 1934 153 1962 a
177 1934 263 1978 qua
281 1917 579 1970 discesserant,
594 1915 849 1960 habuissent
866 1924 1038 1975 tempus
1056 1916 1302 1961 revertendi
1320 1931 1461 1960 :nunc

74 2007 94 2030 »
130 1998 277 2033 autem
304 1988 527 2032 meliorem
550 1996 784 2046 appetunt,
809 1987 854 2030 id
877 1997 954 2041 est,
978 1988 1227 2045 coelestem,
1251 1987 1350 2032 ideo
1372 2003 1462 2032 non

75 2079 93 2101 »
129 2058 416 2104 confunditur
444 2057 498 2101 de
519 2057 585 2100 his
605 2060 717 2101 Deus
740 2058 884 2101 vocari
907 2061 1021 2102 Deus
1045 2074 1222 2116 eorum,
1249 2074 1462 2118 praepara-

75 2150 93 2171 »
127 2131 192 2175 vit
212 2130 329 2173 enim
351 2130 408 2173 eis
423 2129 683 2173 civitatem&
697 2148 712 2169 »
726 2131 783 2172 Et
798 2128 908 2173 illud
924 2129 1045 2189 quod
1062 2129 1259 2188 legimus,
1281 2148 1297 2169 «
1315 2132 1460 2183 Quan-

75 2219 94 2241 »
130 2199 207 2244 diu
234 2216 383 2243 sumus
412 2199 458 2242 in
495 2214 704 2258 corpore,
746 2200 1074 2258 peregrinamur
1103 2217 1125 2244 a
1149 2200 1364 2245 Domino5
1393 2220 1402 2244 ε
1438 2220 1456 2242 »

71 2279 215 2329 potest
232 2270 414 2327 intelligi
435 2270 519 2313 hoc
538 2285 627 2313 non
645 2284 733 2312 esse
757 2270 972 2326 omnium,
996 2270 1071 2315 sed
1089 2271 1299 2315 fidelium.
1326 2290 1342 2310 «
1362 2272 1460 2315 Non

77 2360 95 2380 »
131 2340 244 2383 enim
270 2340 465 2383 omnium
490 2348 554 2383 est
576 2338 724 2383 fidesss.
755 2360 772 2380 »
803 2343 860 2384 Et
880 2340 1078 2385 videmus
1101 2341 1207 2401 quid
1229 2342 1295 2385 his
1316 2340 1459 2384 verbis

69 2408 303 2468 Apostolus
318 2410 488 2469 jungat.
504 2411 616 2453 Cum
635 2409 749 2452 enim
767 2408 966 2454 dixisset:
987 2430 1003 2451 «
1022 2411 1223 2464 Quamdiu
1245 2425 1394 2454 sumus
1411 2410 1458 2454 in

120 2511 129 2527 ¹
150 2505 224 2537 Job.
256 2517 321 2546 vn,
344 2516 373 2537 1.
395 2522 436 2528 w-
455 2513 467 2528 2
494 2505 592 2537 Eccli.
613 2516 667 2547 XL,
697 2517 723 2537 1¹
746 2522 787 2527 —
809 2503 821 2527 3
846 2506 922 2538 Psal.
953 2518 1092 2549 xxxviii,
1115 2508 1163 2539 13.
1188 2524 1229 2530 —
1247 2506 1380 2540 411ebr.
1402 2517 1456 2548 XI,

76 2561 190 2592 13-16.
210 2579 250 2584 —
269 2560 284 2584 5
303 2570 321 2593 2
341 2564 411 2595 Cor.
429 2572 461 2603 v,
480 2561 513 2595 6.
534 2579 575 2585 -
593 2559 608 2584 6
627 2571 645 2594 2
664 2561 772 2593 Thess.
794 2573 841 2604 111,
862 2571 893 2595 2.
