1848 3261
443 255 525 296 140
871 259 909 297 sl
940 265 1170 299 Aucus-nm
1200 270 1381 299 EPISCOPI

441 352 463 376 »
497 342 644 378 tamen
666 333 788 393 quasi
811 348 887 394 per
902 335 1046 393 ignem
1061 337 1092 381 ¹.
1121 352 1143 377 »
1169 336 1262 380 Hoc
1280 345 1376 395 aget
1392 334 1587 381 caminus
1613 353 1622 380 :
1648 333 1752 379 alios
1772 335 1819 379 in

379 467 384 473 .
438 405 651 450 sinistram
678 404 918 465 separabit,
942 406 1046 451 alios
1074 407 1119 451 in
1148 407 1341 452 dextram
1375 407 1566 468 quodam
1586 405 1718 451 modo
1739 405 1820 450 eli-

437 476 607 537 quabit.
643 495 664 518 «
690 479 800 521 Aves
818 486 964 520 autem
986 493 1075 522 non
1101 477 1259 522 divisit.
1288 495 1309 519 »
1338 478 1422 522 Sed
1444 493 1542 522 aves
1563 475 1760 532 videant,
1777 470 1820 521 'si

438 563 535 592 aves
553 546 659 591 tales
686 556 809 602 sunt,
829 563 929 607 quae
957 563 1086 607 super
1109 557 1279 592 montes
1306 547 1402 592 illos
1427 547 1674 591 inhabitent
1700 565 1708 591 ε
1729 561 1821 591 non

437 617 601 662 debent
619 618 739 677 sequi
760 616 1035 662 altitudinem
1053 617 1193 663 cordis
1210 619 1302 673 sui,
1328 618 1383 662 de
1407 617 1611 678 qualibus
1633 616 1815 673 dicitur,

441 707 462 730 «
495 691 740 732 Posuerunt
756 688 801 731 in
823 687 984 732 coelum
998 704 1043 733 os
1059 693 1228 733 suum2.
1257 707 1277 730 »
1302 691 1365 735 Ne
1387 705 1411 732 a
1431 689 1571 733 ventis
1585 687 1815 744 tollantur,

434 760 480 803 in
491 759 711 804 montibus
724 759 1010 819 requiescant.
1028 761 1203 805 Habent
1216 761 1517 805 auctoritatem
1533 769 1781 804 sanctorum
1803 794 1815 816 ,

434 830 706 889 requiescant
724 830 770 874 in
791 830 1014 875 montibus
1029 866 1039 886 ‚
1061 831 1107 875 in
1129 830 1369 891 Apostolis,
1389 832 1435 875 in
1453 831 1678 891 Prophetis
1699 849 1708 875 :
1732 829 1819 875 illic

433 900 679 945 inhabitent
699 901 805 945 tales
828 916 946 957 aves,
973 901 1075 961 quia
1092 902 1138 945 in
1160 901 1383 946 montibus
1402 910 1545 961 petras
1571 901 1815 956 inveniunt,

433 971 706 1015 firmamenta
727 971 928 1032 quaedam
966 982 1300 1032 praeceptorum.
1342 973 1462 1018 Sicut
1485 972 1601 1016 enim
1627 985 1716 1015 una
1745 970 1818 1015 illa

432 1051 553 1101 petra
568 1077 579 1097 ‚
600 1042 795 1087 Christus
817 1042 1013 1087 Verbum
1038 1043 1115 1087 Dei
1138 1043 1221 1100 ,sic
1238 1042 1377 1087 multa
1387 1042 1517 1086 verba
1535 1041 1614 1086 Dei
1633 1075 1645 1096 ,
1668 1040 1819 1085 multae

432 1122 583 1172 petrae,
599 1122 643 1157 et
657 1114 750 1157 istae
765 1122 900 1172 petrae
913 1113 960 1158 in
971 1114 1211 1158 montibus.
1226 1113 1337 1158 Vide
1356 1128 1453 1158 aves
1469 1111 1788 1158 ibihabitantes
1805 1130 1815 1157 :

436 1201 456 1224 »
493 1185 632 1242 Super
653 1182 748 1227 illos
770 1183 961 1228 volatilia
978 1183 1078 1228 coeli
1100 1184 1427 1228 inhabitabunt.
1450 1201 1471 1225 »

490 1255 567 1298 VI.
597 1252 680 1297 Sed
702 1252 791 1297 noli
811 1262 966 1312 putare
1003 1254 1104 1313 quia
1126 1254 1205 1298 ista
1232 1253 1426 1298 volatilia
1457 1252 1556 1297 coeli
1583 1254 1817 1298 auctorita-

432 1332 520 1367 tem
556 1337 677 1366 suam
714 1332 986 1382 sequuntur,
1019 1323 1120 1368 vide
1147 1322 1255 1383 quid
1283 1322 1399 1367 dicat
1431 1322 1626 1367 Psalmus
1653 1342 1661 1368 :
1700 1342 1721 1365 «
1753 1326 1817 1367 De

434 1412 453 1435 »
489 1393 635 1438 medio
658 1402 882 1452 petrarum
904 1393 1076 1438 dabunt
1095 1409 1248 1439 vocem
1263 1409 1402 1438 suam.
1427 1411 1448 1435 »
1468 1394 1602 1438 Modo
1619 1394 1653 1437 si
1676 1393 1817 1439 dicam

429 1465 554 1509 vobis
569 1501 579 1519 ,
605 1464 779 1509 Credite
796 1500 807 1519 ,
832 1465 916 1509 hoc
938 1465 1052 1509 enim
1076 1464 1182 1509 dixit
1210 1465 1361 1509 Cicero
1380 1500 1390 1519 ‚
1413 1465 1499 1509 hoc
1531 1465 1638 1509 dixit
1664 1465 1812 1520 Plato,

429 1537 512 1580 hoc
534 1534 640 1580 dixit
656 1536 921 1594 Pythagoras
943 1535 1062 1595 :quis
1079 1545 1271 1580 vestrum
1284 1552 1372 1580 non
1388 1535 1585 1579 irridebit
1604 1537 1706 1579 me?
1727 1538 1816 1580 Ero

430 1607 545 1651 enim
570 1607 655 1650 avis
669 1642 679 1661 ,
707 1622 806 1667 quae
828 1605 918 1651 non
939 1605 994 1650 de
1015 1615 1137 1666 petra
1158 1607 1309 1651 emitto
1330 1622 1482 1651 vocem
1508 1621 1664 1650 meam.
1700 1605 1817 1660 Quid

429 1678 535 1722 mihi
551 1679 852 1738 unusquisque
863 1686 1054 1722 vestrum
1069 1677 1200 1722 debet
1218 1677 1510 1731 dicerePQuid
1525 1677 1656 1721 debet
1673 1676 1816 1722 dicere

428 1749 500 1793 illc
524 1750 598 1809 qui
620 1750 678 1794 sic
701 1749 936 1794 instructus
961 1751 1050 1793 est?
1075 1769 1095 1791 «
1123 1750 1164 1794 Si
1186 1750 1281 1810 quis
1300 1748 1422 1794 vobis
1456 1748 1815 1807 evangelizaverit

430 1839 450 1862 ³)
489 1830 777 1880 przeterquam
809 1820 930 1881 quod
958 1821 1180 1880 accepistis
1201 1856 1211 1876 ,
1257 1821 1488 1864 anathema
1515 1820 1614 1864 sit3.
1644 1838 1664 1860 »
1697 1820 1814 1874 Quid

427 1891 533 1934 mihi
557 1890 660 1933 dicis
690 1889 743 1934 de
777 1890 980 1946 Platone,
1007 1900 1051 1935 et
1083 1891 1138 1935 de
1171 1891 1409 1945 Cicerone,
1450 1899 1493 1934 et
1514 1888 1568 1933 de
1602 1889 1815 1948 Virgilio?

428 1961 571 2004 Habes
599 1969 698 2004 ante
721 1969 763 2004 te
782 1971 923 2020 petras
955 1962 1193 2017 montium,
1219 1960 1274 2005 de
1294 1961 1438 2005 medio
1463 1969 1685 2020 petrarum
1707 1960 1813 2004 mihi

427 2030 482 2076 da
507 2047 658 2076 vocem
691 2041 827 2077 tuam.
863 2051 884 2074 (ι,
920 2035 982 2076 De
1018 2033 1163 2077 medio
1199 2042 1419 2092 petrarum
1454 2031 1626 2076 dabunt
1660 2047 1812 2076 vocem

428 2122 449 2145 )›
485 2120 623 2149 suam.
653 2122 673 2145 »
706 2103 952 2149 Audiantur
971 2141 982 2160 ,
1008 2105 1084 2166 qui
1107 2121 1130 2148 a
1151 2114 1273 2164 petra
1303 2103 1490 2148 audiunt
1515 2122 1524 2148 ε
1550 2102 1808 2159 audiantur,

426 2175 527 2235 quia
551 2184 594 2219 et
610 2175 656 2218 in
677 2174 759 2219 illis
782 2174 928 2219 multis
956 2175 1085 2235 petris
1107 2183 1227 2235 petra
1251 2173 1427 2218 auditur
1451 2189 1460 2215 t
1491 2193 1512 2215 ι(
1538 2177 1663 2217 Petra
1695 2174 1810 2218 enim

429 2264 448 2287 »
485 2254 576 2289 erat
610 2246 804 2290 Christus
817 2246 849 2289 4.
887 2264 907 2287 n
944 2245 1191 2290 Audiantur
1215 2260 1317 2303 ergo
1344 2243 1556 2298 libenter,
1589 2243 1644 2287 de
1666 2243 1810 2288 medio

424 2325 649 2375 petrarum
669 2316 819 2360 dautes
837 2331 987 2360 vocem
1011 2331 1147 2360 suam.
1172 2314 1289 2360 Nihil
1311 2314 1481 2358 suavius
1503 2313 1579 2358 tali
1602 2329 1708 2358 voce
1730 2314 1809 2358 ali-

424 2397 535 2431 tum,
563 2385 655 2430 111ae
673 2395 843 2441 sonant,
870 2395 912 2430 et
927 2396 1061 2446 petrae
1079 2394 1281 2430 resonant
1307 2404 1315 2429 :
1343 2394 1498 2429 sonant
1519 2384 1606 2428 illae
1624 2420 1634 2439 ,
1655 2383 1808 2443 dispu-

426 2466 519 2501 tant
545 2456 754 2517 spiritales
793 2476 801 2502 :
838 2467 1042 2501 resonant
1069 2465 1224 2517 petrae,
1267 2455 1512 2499 testimonia
1545 2453 1808 2514 respondent

473 2571 482 2588 ¹
510 2575 523 2597 1
546 2566 618 2597 Cor.
642 2576 678 2606 1,
699 2573 761 2607 1⁴2,
783 2563 846 2605 13,
865 2567 898 2596 et
919 2575 978 2605 111,
1015 2560 1065 2596 15.
1087 2580 1128 2587 --
1148 2570 1161 2586 ²
1179 2562 1259 2596 Psal.
1287 2572 1394 2603 Lxxu,
1418 2572 1451 2604 9.
1473 2578 1514 2584 —
1542 2559 1554 2584 3
1577 2560 1643 2594 Gal.
1668 2572 1690 2602 1,
1709 2571 1742 2602 9.
1763 2576 1804 2583 —

427 2619 443 2649 4
465 2632 476 2652 1
497 2623 568 2654 Cor.
589 2632 623 2663 x,
648 2620 681 2662 4.
