1848 3261
409 245 649 278 ENAnnAn‘o
681 249 727 277 nv
757 244 959 276 PsALMUM
989 244 1093 272 exn.
1363 233 1449 273 329

71 333 94 360 >›
127 318 243 362 vos1.
271 333 292 358 »
332 314 521 360 Proinde
552 313 745 375 quisquis
773 310 976 369 intelligit
1010 317 1053 353 et
1078 309 1450 355 conversationem

70 385 266 446 Apostoli
286 386 332 430 in
353 384 474 430 coelis
489 420 500 441 ,
526 393 569 429 et
589 385 774 429 incarne
792 381 1060 426 mansionem
1081 379 1127 422 in
1147 379 1297 437 terris3
1321 379 1450 424 simul

69 465 241 517 oportet
275 454 489 515 intelligat
521 455 756 500 Dominum
783 455 923 497 Deum
956 458 1154 495 nostrum
1189 448 1236 492 in
1273 449 1450 494 excelsis

69 527 226 571 sanctis
247 526 540 581 habitantem,
566 523 936 585 quemadmodum
958 530 1105 566 tamen
1127 517 1302 564 eosdem
1323 534 1450 564 sanc-

68 606 134 642 tos
155 597 341 641 humiles
363 597 445 640 sibi
475 605 518 640 et
539 595 584 639 in
605 595 719 640 coelo
743 593 967 654 respiciat,
996 590 1204 652 quoniam
1225 605 1326 650 quae
1351 605 1452 634 sur-

68 682 162 712 sum
182 676 283 711 sunt
305 667 478 726 sapiunt
494 701 504 721 ,
522 666 598 726 qui
615 680 688 725 spe
705 671 1032 709 resurrexerunt
1045 677 1145 706 cum
1163 660 1334 706 Christo
1348 663 1382 716 ²,
1408 669 1452 706 et

68 738 115 781 in
130 747 242 781 terra
257 772 268 791 ,
291 736 498 796 quoniam
519 735 717 780 nondum
739 734 870 779 soluti
892 743 994 778 sunt
1016 733 1154 777 carnis
1175 730 1352 777 vinculo
1368 766 1380 785 ,
1400 741 1452 776 ut

69 823 121 852 ex
135 817 227 852 tota,
239 807 327 851 vita
341 822 416 851 sua
430 806 594 866 possint
607 822 696 850 esse
710 821 811 850 cum
825 804 1011 850 Christo.
1034 803 1074 848 Si
1088 818 1190 847 vero
1204 802 1286 847 alia
1298 802 1452 847 Domi-

66 894 148 923 nus
165 881 277 923 Deus
297 887 444 922 noster
458 877 639 921 humilia
662 877 833 936 respicit
854 876 901 919 in
923 874 1060 929 coelo,
1087 883 1130 918 et
1148 873 1230 918 alia
1250 874 1295 917 in
1313 882 1448 932 terra3

67 948 198 993 credo
220 946 340 1008 quod
361 948 407 990 in
429 947 541 992 coelo
556 948 648 1008 jam
670 946 842 1006 respicit
869 961 979 1006 quos
1001 944 1193 998 vocavit,
1216 953 1259 987 ct
1281 943 1452 988 habitat

65 1018 112 1062 in
134 1019 217 1075 eis3
241 1017 286 1061 in
308 1026 420 1062 terra
444 1026 590 1061 autem
625 1017 799 1076 respicit
826 1031 936 1076 quos
960 1023 1110 1069 vocat,
1137 1023 1189 1057 ut
1209 1013 1379 1057 habitet
1406 1013 1452 1057 in

66 1088 140 1132 eis.
167 1091 276 1132 Istos
299 1087 415 1131 enim
437 1087 628 1147 possidet
650 1086 842 1131 coelestia
877 1086 1115 1144 cogitantes
1132 1118 1143 1139 ,
1175 1082 1272 1128 illos
1295 1083 1452 1128 excitat

65 1166 236 1202 terrena
256 1158 534 1202 somniantes.

123 1229 200 1272 Vt.
239 1218 321 1272 sed
344 1228 447 1287 quia
463 1225 641 1271 difficile
659 1225 925 1280 obtinemus,
951 1233 1000 1269 ut
1021 1224 1186 1284 possint
1207 1232 1250 1268 et
1265 1224 1345 1284 ipsi
1362 1224 1452 1283 jam

64 1296 250 1342 humiles
273 1296 384 1352 dici,
410 1298 485 1357 qui
517 1295 716 1341 nondum
753 1296 873 1340 suavi
901 1297 1007 1356 jugo
1042 1294 1215 1340 Domini
1243 1294 1453 1354 piascolla

60 1369 330 1428 junxerunt,
370 1366 729 1428 quandoquidem
757 1366 938 1410 humilia
960 1367 1042 1410 isto
1075 1365 1198 1421 loco,
1234 1374 1285 1409 ut
1306 1375 1452 1410 sancta

66 1437 383 1496 intelligamus,
408 1452 486 1497 per
504 1447 645 1482 totum
668 1445 833 1481 textum
858 1435 1014 1480 Psalmi
1039 1435 1198 1480 divinae
1216 1434 1454 1480 admonent

65 1508 222 1553 litterae
253 1528 262 1554 ε
299 1518 362 1552 est
389 1518 432 1552 et
455 1508 562 1553 alius
593 1506 866 1562 intellectus,
895 1522 1027 1568 quem
1062 1522 1233 1551 mecum
1257 1507 1452 1551 Charitas

66 1582 218 1624 Vestra
256 1578 514 1623 consideret.
550 1578 695 1624 Coelos
726 1594 844 1623 nunc
873 1578 1105 1637 significari
1133 1578 1334 1633 arbitror,
1383 1594 1454 1623 eos

65 1650 141 1710 qui
171 1648 388 1693 sedebunt
416 1664 546 1708 super
567 1648 800 1693 duodecim
833 1649 1013 1693 thronos
1033 1684 1044 1703 ,
1070 1658 1113 1692 et
1134 1664 1234 1692 cum
1269 1649 1453 1693 Domino

61 1719 326 1781 judicabunt
341 1720 356 1745 3
385 1738 394 1764 ;
423 1737 443 1760 »
465 1729 591 1763 terrae
614 1728 760 1763 autem
782 1720 959 1763 nomine
986 1728 1187 1763 caeteram
1207 1719 1456 1763 multitudi-

65 1806 165 1836 nem
190 1789 551 1845 benedictorum,
584 1790 660 1849 qui
688 1790 1008 1834 constituentur
1036 1790 1092 1834 ad
1124 1790 1365 1845 dexteram,
1404 1800 1455 1835 ut

64 1876 143 1920 per
163 1876 293 1920 opera
311 1859 616 1904 misericordiae
639 1859 875 1904 collaudati
893 1860 1157 1919 recipiantur
1177 1860 1232 1903 ab
1251 1861 1310 1904 eis
1332 1860 1377 1904 in
1394 1870 1454 1906 ta-

63 1930 297 1975 bernacula
319 1940 482 1974 aeterna
497 1965 508 1985 ,
534 1946 644 1989 quos
668 1930 826 1975 amicos
849 1930 930 1974 sibi
951 1929 1005 1974 de
1021 1945 1268 1975 mammona
1290 1931 1454 1992 iniqui-

65 2001 162 2045 tatis
179 2001 224 2043 in
247 2001 375 2060 hujus
397 2000 497 2044 vitae
517 2000 779 2044 mortalitate
795 1999 995 2045 fecerunt
1009 2002 1041 2044 4.
1073 2001 1144 2045 Eis
1166 2001 1328 2062 quippe
1349 2001 1454 2047 dicit

63 2069 297 2130 Apostolus
324 2089 333 2114 :
361 2070 405 2114 Si
426 2085 504 2114 nos
520 2070 643 2114 vobis
659 2069 864 2130 spiritalia
884 2071 1191 2115 seminavimus
1207 2107 1218 2127 ,
1244 2087 1453 2131 magnum

63 2151 127 2185 est
147 2141 181 2184 si
201 2150 342 2185 vestra
360 2140 548 2185 carnalia
565 2143 805 2185 metamus?
827 2142 956 2195 Quod
976 2142 1106 2186 etiam
1131 2142 1197 2186 his
1218 2143 1340 2187 verbi
1367 2143 1453 2188 dici

64 2220 207 2271 potest
235 2231 243 2256 :
281 2211 368 2255 «Si
392 2226 470 2255 nos
498 2211 622 2256 vobis
655 2211 846 2256 coelestia
883 2212 1212 2269 seminavimus,
1243 2228 1452 2272 magnum

67 2299 88 2323 »
124 2290 187 2325 est
206 2281 241 2325 si
263 2290 433 2325 terrena
454 2291 595 2327 vestra
612 2285 850 2326 metamus⁵
865 2284 883 2325 ⁶?
898 2301 918 2324 »
945 2286 997 2327 In
1018 2283 1132 2328 coelo
1153 2299 1256 2343 ergo
1279 2284 1453 2344 respicit

63 2352 257 2397 coelestia
281 2352 563 2407 seminantes,
597 2354 643 2397 in
669 2363 783 2399 terra
811 2363 955 2398 autem
988 2364 1158 2399 terrena
1189 2355 1448 2415 reddente83

63 2433 211 2468 tamen
230 2423 416 2468 humiles
440 2433 483 2469 et
507 2425 588 2470 hos
610 2435 653 2470 et
681 2425 792 2471 illos.
824 2425 1050 2471 «Humilia
1072 2427 1186 2470 enim
1208 2427 1381 2487 respicit
1403 2427 1451 2472 in

112 2524 122 2540 ¹
145 2517 257 2561 Philip-
284 2530 322 2555 1,
347 2519 402 2559 23,
422 2518 477 2561 24-
500 2536 544 2544 -
563 2527 576 2545 ²
601 2521 719 2555 Coloss.
740 2532 791 2564 m,
813 2533 842 2555 1·
865 2537 907 2546 --
927 2520 941 2547 3
961 2522 1074 2556 Matth.
1098 2532 1168 2564 xxx,
1186 2524 1240 2556 28.
1266 2538 1308 2546 —-
1335 2521 1349 2552 4
1369 2523 1447 2556 Luc.

64 2584 143 2616 xvu,
157 2584 191 2617 9.
217 2591 258 2598 -
278 2572 293 2599 ⁵
311 2583 330 2606 2
347 2576 418 2608 Cor.
439 2585 484 2618 ix,
513 2585 564 2609 11.
