1848 3261
379 217 466 258 442
815 232 849 259 s.
885 229 1116 260 Ancusnm
1146 233 1328 262 EPIScon

380 295 590 339 Dominus
616 295 820 355 corripit3
852 294 1042 353 flagellat
1085 306 1229 340 autem
1252 314 1425 343 omnem
1452 300 1592 344 filium
1628 315 1762 360 quem

378 365 508 424 recipi
516 368 572 409 t¹.
597 369 711 411 Ecce
729 378 873 412 autem
897 368 1032 412 sancti
1050 377 1092 411 et
1113 367 1297 412 humiles
1314 370 1445 413 corde
1463 371 1517 414 de
1536 380 1578 414 te
1594 386 1762 430 praesu-

379 435 542 481 mendo
572 437 618 481 in
651 438 1020 497 persecutionibus
1051 454 1140 482 non
1182 437 1438 484 defecerunt
1468 459 1478 485 :
1508 457 1607 486 ecce
1632 441 1761 485 etiam

379 506 456 566 qui
485 506 539 550 de
576 523 620 550 se
654 507 956 566 praesumendo
986 508 1273 563 defecerunt,
1299 518 1342 552 et
1366 519 1512 553 tamen
1545 511 1600 554 ad
1621 512 1764 570 ipsum

379 593 535 636 corpus
554 579 872 636 pertinuerunt,
894 578 975 621 sibi
992 578 1301 623 innotescendo
1319 580 1551 633 fleverunt,
1579 590 1622 624 et
1642 590 1763 624 tuam

383 649 563 705 gratiam
588 647 765 692 solidius
794 649 1075 703 invenerunt,
1095 650 1206 708 quia
1227 666 1349 694 suam
1392 651 1638 710 superbiam
1665 666 1766 710 per-

381 716 603 762 diderunt.
640 721 757 777 Ergo
784 722 882 764 «Ne
903 717 1071 763 auferas
1100 734 1153 762 ex
1181 735 1254 763 ore
1275 736 1371 765 meo
1392 722 1577 765 verbum
1603 721 1765 765 verita-

381 805 401 829 »
417 788 470 832 tis
492 804 630 848 usque
651 789 778 834 valde
797 825 807 845 ,
829 791 930 850 quia
947 791 993 834 in
1009 790 1184 850 judiciis
1205 790 1291 834 tuis
1315 792 1630 852 supersperavi.
1651 810 1672 833 »

439 861 515 904 IV.
545 878 564 902 «
590 863 648 904 Et
683 860 924 905 custodiam
956 860 1097 919 legem
1119 870 1239 905 tuam
1268 877 1451 921 semper.
1486 880 1507 903 »
1534 861 1586 906 Id
1609 871 1695 916 est,
1731 862 1768 906 si

378 944 468 973 non
491 930 720 975 abstuleris
741 947 791 976 ex
813 948 887 976 ore
911 947 1009 975 meo
1024 932 1210 975 verbum
1225 931 1415 975 veritatis
1430 967 1441 987 ,
1467 951 1486 974 «
1511 931 1766 977 Custodiam

380 1016 400 1040 »
437 999 576 1058 legem
607 1010 725 1044 tuam
755 1017 924 1061 semper
945 1022 956 1059 3
981 1003 1026 1045 in
1068 1001 1278 1046 saeculum
1309 1012 1352 1046 et
1375 1003 1422 1046 in
1455 1002 1663 1047 saeculum
1686 1017 1767 1045 sae-

381 1086 403 1111 »
437 1069 525 1113 culi
538 1074 570 1114 2.
599 1089 619 1112 »
640 1072 842 1116 Ostendit
863 1072 971 1132 quid
992 1071 1174 1127 dixerit,
1211 1091 1232 1114 z<
1254 1075 1446 1133 Semper.
1470 1091 1490 1114 11
1516 1072 1767 1132 Aliquando

377 1142 535 1185 etenim
563 1161 583 1184 «
611 1145 788 1202 Semper
813 1161 833 1184 »
858 1143 1131 1201 intelligitur,
1157 1145 1354 1204 quandiu
1390 1145 1462 1189 hic
1478 1144 1667 1200 vivitur3
1691 1143 1768 1187 sed

377 1227 468 1256 non
491 1222 577 1267 est,
607 1233 627 1255 «
665 1217 716 1257 In
738 1213 946 1258 saeculum
980 1224 1024 1258 et
1050 1215 1098 1258 in
1133 1215 1341 1259 saeculum
1365 1216 1540 1260 saeculi:
1569 1233 1588 1255 »
1613 1214 1768 1258 melius

377 1282 540 1341 quippe
556 1283 616 1327 ita
637 1283 970 1343 interpretatum
989 1293 1050 1327 est
1069 1319 1080 1338 ,
1107 1299 1239 1343 quam
1262 1285 1372 1328 sicut
1394 1285 1573 1344 quidam
1597 1283 1767 1328 codices

375 1352 564 1407 habent,
590 1372 611 1396 «
637 1355 689 1397 In
712 1363 924 1398 aeternum
949 1363 991 1397 et
1012 1355 1057 1397 in
1078 1355 1284 1398 saeculum
1298 1355 1445 1399 saeculi
1472 1373 1481 1398 ς
1506 1372 1525 1394 »
1553 1354 1655 1413 quia
1677 1369 1767 1398 non

377 1432 620 1482 potuerunt
640 1423 806 1480 dicere,
843 1434 886 1468 et
907 1425 953 1468 in
975 1434 1189 1469 aeternum
1211 1425 1377 1469 aeterni.
1415 1428 1503 1468 Lex
1523 1425 1671 1484 itaque
1687 1426 1768 1468 ista

380 1492 666 1552 intelligenda
688 1504 776 1549 est,
802 1493 856 1538 de
874 1511 960 1554 qua
983 1494 1089 1539 dicit
1111 1494 1343 1556 Apostolus
1363 1530 1374 1550 ,
1405 1514 1424 1537 «
1448 1494 1680 1538 Plenitudo
1704 1494 1770 1538 le-

385 1580 406 1603 »
443 1563 505 1621 gis
537 1564 761 1608 charitas³.
801 1582 821 1606 »
858 1568 962 1609 Haec
985 1566 1100 1609 enim
1128 1582 1152 1608 a
1181 1566 1362 1621 sanctis,
1389 1581 1578 1625 quorum
1608 1580 1660 1608 ex
1693 1579 1768 1609 ore

380 1623 471 1678 non
504 1633 699 1678 aufertur
724 1635 907 1679 verbum
939 1637 1126 1680 veritatis
1142 1671 1153 1691 ,
1193 1638 1277 1681 1100
1303 1646 1387 1691 est,
1414 1638 1469 1681 ab
1491 1638 1581 1696 ipsa
1607 1636 1768 1681 Christi

380 1704 574 1749 Ecclesia
596 1706 866 1750 custodietur
885 1741 896 1761 ,
917 1722 1006 1750 non
1024 1706 1164 1751 solum
1190 1708 1233 1751 in
1250 1708 1335 1752 1100
1352 1708 1561 1752 saeculum
1577 1743 1587 1762 ,
1611 1707 1657 1751 id
1675 1716 1764 1763 est,

382 1775 522 1820 donec
539 1777 716 1821 finiatur
733 1778 816 1822 hoc
838 1777 1046 1821 saeculum
1069 1781 1170 1835 ,sed
1193 1779 1320 1823 etiam
1344 1779 1389 1822 in
1413 1779 1619 1832 alterum,
1647 1778 1768 1839 quod

383 1845 660 1905 appellatur«
679 1846 896 1892 Saeculum
909 1847 1100 1891 saeculi.»
1114 1851 1265 1909 Neque
1283 1849 1395 1892 enim
1414 1858 1629 1908 praecepta
1643 1848 1763 1906 legis,

382 1916 491 1960 sicut
509 1918 599 1960 hic,
617 1918 746 1961 etiam
764 1918 822 1961 ibi
839 1920 1058 1978 accepturi
1081 1935 1230 1964 sumus
1252 1936 1350 1980 quae
1362 1919 1671 1973 custodiamus,
1692 1919 1769 1963 sed

383 1987 518 2046 ipsam
536 1987 666 2046 legis,
692 1998 741 2032 ut
763 1988 848 2032 dixi
869 2025 877 2039 ‚
903 1990 1220 2049 plenitudinem
1244 1992 1334 2035 sine
1356 1990 1447 2035 ullo
1470 1990 1680 2050 peccandi
1709 1989 1765 2033 ti-

383 2073 504 2102 more
522 2059 784 2103 servabimus
810 2079 818 2104 :
846 2061 948 2120 quia
962 2070 1004 2104 et
1027 2065 1164 2105 Deum
1182 2061 1365 2120 plenius,
1391 2076 1491 2105 cum
1513 2059 1764 2114 viderimus,

384 2129 623 2173 amabimus
639 2165 650 2183 ,
675 2139 718 2173 et
739 2131 981 2190 proximum
996 2167 1006 2187 ,
1040 2133 1141 2193 quia
1162 2136 1272 2176 Deus
1295 2133 1375 2176 erit
1397 2132 1541 2177 omnia
1558 2132 1603 2175 in
1626 2131 1768 2175 omni-

383 2199 466 2243 bus
481 2201 496 2225 ⁴
514 2220 524 2257 3
549 2216 628 2244 nec
645 2200 764 2244 falsae
787 2203 990 2262 cuiquam
1005 2204 1058 2248 de
1075 2203 1268 2263 proximo
1279 2203 1512 2264 suspicioni
1532 2203 1613 2246 erit
1624 2201 1762 2258 locus,

387 2269 462 2313 ubi
484 2269 630 2314 nullus
650 2271 726 2315 ulli
745 2271 825 2316 erit
846 2273 1055 2317 occultus.

432 2384 442 2400 ¹
462 2377 563 2410 Hebr.
585 2389 642 2420 1111,
660 2377 738 2410 6.-
755 2385 767 2400 ²
787 2378 866 2411 Psal.
886 2391 991 2421 cxviii,
1010 2378 1064 2422 44.
1080 2377 1146 2403 -3
1166 2382 1257 2413 Rom.
1279 2391 1349 2423 xm,
1367 2379 1488 2413 ιο.-4
1512 2392 1525 2413 1
1547 2382 1621 2413 Cor.
1635 2391 1691 2421 κν,
1707 2382 1762 2415 28.
