1848 3261
285 227 527 258 ENARRAno
558 230 604 256 m
634 225 836 256 PsALMtJM
865 226 1028 264 can,
1062 225 1200 255 sEaMo
1230 229 1323 255 x1x.
1417 216 1497 256 471

126 292 381 352 promisisti,
407 301 457 338 ut
474 294 560 337 sint
580 289 871 352 promissionis
897 287 1003 343 filii,
1034 303 1181 333 semen
1215 290 1430 347 Abrahae,
1458 292 1506 336 in

127 379 215 422 quo
239 362 561 407 benedicuntur
581 377 730 407 omnes
747 368 894 418 gentes
910 361 942 402 1.
967 359 1053 412 Qui
1074 368 1175 402 sunt
1192 370 1334 405 autem
1353 361 1429 421 qui
1447 363 1506 406 ti-

124 442 245 477 ment
267 437 404 477 Deum
423 469 435 489 ,
457 444 499 479 et
521 449 652 494 quem
673 431 888 477 videbunt
909 438 953 473 et
976 428 1243 474 laetabuntur
1259 466 1274 486 ,
1299 433 1507 491 quoniam

123 504 170 547 in
191 505 323 549 verba
341 506 416 549 Dei
445 505 662 565 speravit?
681 504 723 548 Si
744 517 900 561 corpus
929 501 1088 546 Christi
1117 510 1180 545 est
1194 536 1205 556 ,
1236 501 1283 545 id
1304 512 1368 546 est
1386 538 1397 558 ,
1422 506 1508 548 Ec-

123 573 272 630 clesia,
299 577 421 635 cujus
443 585 507 619 est
526 591 610 619 vox
631 575 711 618 ista
733 588 810 632 per
832 572 1051 617 Christum
1070 607 1082 627 ‚
1106 571 1176 616 vel
1195 572 1241 615 in
1275 573 1366 632 ipsa
1388 582 1429 616 et
1453 573 1507 617 de

121 645 211 703 ipsa
229 679 240 699 ,
272 654 481 705 tanquam
499 645 554 688 de
576 660 620 688 se
655 644 748 703 ipso
771 643 850 687 ista
871 658 956 687 vox
976 643 1136 687 Christi
1166 652 1230 687 est
1255 662 1264 688 :
1290 643 1507 704 numquid

121 729 210 758 non
231 715 309 773 ipsi
327 724 428 759 sunt
450 715 495 758 in
519 715 578 759 eis
600 718 676 775 qui
697 714 855 757 timent
889 716 1027 757 Deum
1047 715 1064 756 P
1091 712 1197 765 Quis
1224 722 1288 757 est
1310 729 1412 772 ergo
1434 713 1508 757 ille

120 801 250 844 quem
274 785 449 841 vident,
465 795 509 829 et
523 784 853 845 jucundantur?
865 787 933 828 An
945 783 1133 843 populus
1153 784 1243 843 ipse
1256 800 1299 828 se
1311 785 1444 840 videt,
1464 794 1508 829 et

115 855 388 915 jucundatur
403 890 414 910 ‚
436 865 479 899 et
499 856 556 899 sic
578 854 745 899 dictum
768 863 831 898 est
851 889 863 909 ,
891 873 911 896 «
937 854 1022 906 Qui
1045 855 1200 897 timent
1217 864 1275 910 te,
1294 854 1508 899 videbunt

121 942 142 965 »
163 940 255 978 me,
277 935 320 969 et
337 925 622 980 laetabuntur,
638 925 739 985 quia
760 925 806 967 in
822 923 955 968 verba
969 932 1042 966 tua
1060 924 1251 983 speravi,
1274 924 1379 969 »vel
1396 925 1509 969 sicut

118 993 190 1039 alii
207 995 458 1055 diligentius
481 1004 781 1056 expresserunt
795 1030 806 1050 ,
836 1014 854 1037 «
875 995 1231 1054 Supersperavi²z
1253 1014 1274 1037 »
1295 1005 1505 1056 tanquam

117 1065 280 1110 diceret
297 1101 308 1121 ,
338 1085 358 1108 «
379 1067 464 1120 Qui
487 1067 642 1111 timent
664 1075 706 1110 te
726 1066 941 1110 videbunt
961 1084 980 1105 »
998 1064 1234 1109 Ecclesiam
1256 1074 1394 1121 tuam,
1411 1085 1432 1108 «
1450 1069 1507 1111 Et

118 1152 140 1177 2»
169 1136 536 1195 jucundabuntur
552 1171 563 1192 ,
589 1137 690 1196 quia
712 1135 759 1178 in
780 1135 913 1178 verba
933 1144 1011 1178 tua
1029 1135 1349 1194 supersperavi,
1366 1154 1386 1177 n
1404 1151 1507 1180 cum

115 1206 196 1265 ipsi
219 1206 305 1249 sint
322 1206 512 1251 Ecclesia
528 1241 539 1261 ,
567 1207 644 1266 qui
671 1205 824 1250 vident
850 1204 1086 1249 Ecclesiam
1116 1214 1159 1249 et
1172 1205 1505 1265 jucundantur?

117 1278 201 1322 Sed
219 1293 298 1322 cur
319 1293 409 1322 non
431 1278 562 1333 dixit,
589 1278 675 1330 Qui
697 1278 853 1322 timent
873 1286 916 1321 te
937 1311 947 1332 ,
971 1276 1122 1321 vident
1153 1291 1223 1320 me
1239 1312 1250 1332 ,
1276 1286 1319 1321 et
1336 1279 1502 1338 jucun-

114 1346 275 1392 dantur
301 1367 310 1393 :
335 1349 410 1392 sed
436 1368 456 1390 «
486 1349 659 1392 Timent
689 1357 732 1392 te
751 1382 763 1403 ,
798 1366 819 1388 »
843 1348 1028 1392 verbum
1049 1348 1273 1407 praesentis
1294 1349 1500 1408 temporis

112 1419 287 1477 posuit,
327 1418 594 1462 «Videbunt
627 1427 772 1462 autem
810 1427 854 1462 et
876 1418 1272 1478 jucundabuntur,
1313 1435 1333 1460 »
1360 1417 1500 1463 futuri

113 1489 319 1548 temporis
335 1489 468 1533 verba
491 1491 617 1533 sunt?
640 1491 709 1532 An
731 1488 832 1548 quia
851 1488 894 1531 in
918 1488 1121 1547 praesenti
1148 1497 1344 1548 tempore
1369 1490 1500 1534 timor

112 1567 197 1612 est,
218 1559 415 1618 quandiu
441 1578 460 1601 «
480 1559 678 1603 Tentatio
700 1568 763 1602 est
778 1559 865 1602 vita
884 1558 1074 1602 humana
1100 1573 1227 1617 super
1246 1560 1456 1617 terram-³³3
1474 1577 1495 1602 »

107 1630 358 1688 jucunditas
386 1639 531 1673 autem
548 1665 558 1684 ,
597 1644 729 1689 quam
764 1629 905 1673 voluit
926 1629 995 1673 hic
1016 1628 1199 1687 intelligi
1224 1664 1235 1684 ,
1260 1638 1366 1675 tunc
1388 1632 1495 1687 erit,

110 1698 287 1758 quando
301 1700 406 1759 justi
428 1699 663 1758 fulgebunt
680 1700 725 1742 in
744 1714 875 1756 regno
896 1699 1031 1742 Patris
1043 1699 1108 1742 sui
1121 1700 1231 1743 sicut
1250 1700 1368 1744 3014?
1386 1701 1496 1746 Hinc

110 1769 226 1812 enim
245 1770 374 1813 etiam
397 1770 507 1813 illud
548 1770 590 1812 in
615 1770 698 1814 alio
726 1769 896 1813 Psalmo
917 1769 1076 1826 legitur
1092 1804 1102 1823 ,
1132 1789 1151 1811 «
1176 1773 1316 1823 Quam
1341 1787 1496 1831 magna

113 1857 134 1881 n
168 1840 405 1884 multitudo
430 1841 671 1884 dulcedinis
694 1850 781 1884 tuae
799 1875 809 1894 ,
836 1841 1021 1884 Domine
1044 1876 1054 1893 ,
1079 1857 1211 1901 quam
1233 1843 1495 1888 abscondisti

112 1927 134 1950 »
169 1910 420 1954 timentibus
436 1920 477 1954 te
497 1914 510 1936 ⁵
526 1913 543 1952 '?
568 1928 586 1950 »
603 1913 729 1955 Nunc
748 1925 848 1967 ergo
874 1910 1071 1969 quandiu
1092 1911 1247 1955 timent
1261 1947 1272 1967 ,
1295 1912 1494 1957 nondum

108 1980 291 2037 vident,
325 1980 400 2024 sed
431 2001 450 2023 «
477 1981 729 2036 Videbunt,
763 1990 806 2024 et
827 1982 1195 2041 jucundabuntur
1224 2001 1233 2027 ε
1270 2001 1290 2025 »
1327 1985 1430 2044 quia
1452 1994 1495 2028 et

108 2049 196 2094 illic
218 2052 441 2110 sequitur,
480 2071 498 2093 «
530 2051 752 2096 Pcrfecisti
785 2062 927 2096 autem
964 2053 1236 2112 sperantibus
1258 2054 1303 2097 in
1332 2057 1403 2098 te6
1431 2075 1440 2100 :
1470 2075 1490 2097 »

109 2131 152 2165 et
172 2121 242 2166 hic
269 2140 289 2163 «
314 2123 424 2175 Quia
452 2123 498 2166 in
531 2123 661 2166 verba
684 2133 757 2167 tua
788 2124 980 2182 speravi,
1013 2124 1082 2168 vel
1111 2126 1436 2184 supersperavi,
1464 2144 1485 2168 »

107 2192 219 2235 utin
241 2193 374 2236 verbo
405 2193 462 2236 ita
485 2194 753 2254 composito,
795 2203 838 2237 et
868 2210 970 2238 cura
1013 2195 1258 2254 interpretis
1301 2195 1490 2255 diligen-

109 2262 228 2306 tioris
251 2279 448 2321 expresso
468 2299 478 2319 ,
505 2265 635 2308 etiam
659 2264 770 2308 illud
794 2263 1108 2323 intelligamus,
1141 2265 1260 2326 quod
1286 2285 1306 2308 «
1335 2270 1493 2312 Potens

111 2350 132 2373 »
168 2342 232 2377 est
259 2337 372 2378 Deus
390 2332 529 2378 facere
545 2351 673 2395 supra
691 2349 822 2395 quam
838 2335 1025 2394 petimus
1043 2345 1085 2380 et
1106 2336 1412 2395 intelligimus⁷
1435 2357 1444 2382 ε
1467 2356 1488 2380 u

157 2445 167 2462 ¹
188 2442 266 2471 Gen.
280 2451 344 2481 Ἧι,
361 2441 394 2480 3,
409 2445 442 2472 et
460 2452 544 2479 xxvi,
564 2440 641 2481 4.-
662 2449 674 2463 2
695 2444 793 2474 Graec.
814 2441 1058 2477 {vinnom—3
1077 2444 1149 2476 Job.
1171 2454 1228 2485 vn,
1249 2456 1276 2476 1.
1295 2442 1489 2478 -4Mat111,

108 2506 175 2537 xiii,
202 2497 255 2538 43.
278 2515 318 2521 —-
337 2496 352 2520 ⁵
372 2498 453 2530 Psal.
481 2510 557 2537 xxx,
586 2509 638 2532 20.
661 2517 701 2522 —-
720 2498 735 2519 f*
755 2500 835 2531 ibid.
854 2510 905 2532 2¹.
928 2518 970 2523 —-
985 2509 998 2533 7
1018 2502 1132 2543 Ephes.
1153 2513 1201 2539 m,
1217 2511 1270 2534 ¹20.
