1848 3261
419 209 502 248 252
850 223 884 249 s.
919 219 1149 250 Aucus-nm
1180 223 1361 252 13121500121

422 303 444 326 ³>
457 288 638 331 haereses
651 300 754 341 esse,
773 295 822 331 ut
833 286 1005 346 probati
1019 285 1233 332 manifesti
1245 289 1352 333 fiant
1362 289 1408 333 in
1418 290 1558 335 vobis²
1568 325 1577 335 .
1587 292 1795 351 »Oportet

418 367 462 403 et
483 367 628 403 tauros
649 357 901 403 seducentes
913 374 1023 415 esse,
1047 379 1068 402 «
1088 361 1145 403 Ut
1155 359 1231 419 qui
1247 360 1420 419 probati
1440 371 1542 406 sunt
1560 372 1752 420 argento,
1771 380 1792 405 »

418 427 633 474 manifesti
654 429 764 483 sint,
789 430 872 473 hoc
903 438 988 484 est,
1023 448 1042 470 «
1078 430 1392 475 Excludantur.
1420 449 1441 473 »
1468 432 1582 485 Quid
1606 442 1691 489 est,
1725 449 1796 478 ar-

419 508 549 560 gento
576 499 772 559 probati?
797 518 817 541 «
840 498 1026 559 Eloquia
1047 500 1240 556 Domini,
1273 500 1445 561 eloquia
1474 512 1588 547 casta
1604 538 1615 558 ,
1641 519 1797 562 argen-

419 589 441 613 »
476 579 570 614 tum
599 570 699 627 igne
727 569 1020 613 examinatum
1043 579 1444 630 terrae,purgatum
1477 573 1794 633 septuplum2.»

418 641 694 699 Quicumque
715 648 816 683 sunt
831 639 1002 698 probati
1018 640 1064 683 in
1075 641 1158 685 hoc
1178 652 1356 700 argento
1370 678 1380 697 ,
1398 641 1444 686 id
1456 651 1540 699 est,
1557 644 1603 687 in
1624 644 1799 704 eloquio

418 711 616 765 Domini,
639 725 729 755 non
756 719 936 770 possunt
963 710 1092 769 plene
1120 727 1290 756 exerere
1318 714 1403 758 hoc
1431 723 1684 774 argentum,
1717 714 1799 759 nisi

418 781 733 843 quaestionibus
760 781 988 841 inquietati
1014 782 1332 828 haereticorum.
1372 788 1428 829 Et
1458 785 1531 829 hic
1563 785 1796 841 attendite,

418 854 521 914 quia
552 868 641 897 non
662 852 999 911 praetermissum
1022 862 1099 897 est.
1121 873 1141 895 «
1165 857 1276 899 Ecce
1298 855 1460 899 effusus
1483 864 1546 899 est
1574 865 1801 915 contemp-

421 943 441 966 »
477 934 546 969 tus
580 939 709 984 super
740 926 977 986 principes,
1002 944 1021 967 »
1059 940 1186 985 super
1206 925 1302 969 illos
1331 935 1491 970 tauros.
1518 927 1662 978 Quare
1693 941 1800 970 con-

418 996 573 1055 tempti
611 996 886 1041 sunfflAliud
904 997 1227 1041 annuntiantes.
1255 994 1371 1049 Quid
1396 1004 1497 1039 sunt
1534 997 1802 1056 contempti?

416 1068 793 1112 Anathematizati.
824 1088 843 1110 «
861 1067 1060 1127 Quisquis
1078 1067 1194 1111 enim
1208 1066 1331 1111 vobis
1352 1067 1673 1111 annuntiaverit
1690 1082 1803 1126 prae-

420 1154 441 1177 >›
477 1146 672 1197 terquam
695 1138 816 1198 quod
847 1138 1096 1197 accepistis,
1130 1137 1360 1181 anathema
1391 1136 1487 1180 sit3.
1518 1156 1535 1178 »
1567 1135 1684 1190 Quid
1709 1146 1800 1181 tam

417 1218 716 1268 contemptum
732 1225 863 1269 quam
880 1208 941 1253 sal
952 1208 1191 1252 infatuatus
1202 1209 1234 1263 4,
1247 1208 1322 1268 qui
1334 1206 1447 1252 foras
1463 1209 1680 1268 projectus
1698 1224 1799 1253 con-

416 1278 639 1324 culcatur?
656 1283 713 1324 Et
734 1280 878 1324 videte
901 1281 934 1324 si
957 1296 1047 1324 non
1067 1280 1284 1339 principes
1301 1288 1401 1323 sunt
1420 1301 1430 1336 3
1450 1279 1594 1338 ipsum
1612 1280 1799 1324 Paulum

417 1351 579 1395 audite.
605 1370 626 1393 «
649 1352 768 1411 Licet
789 1352 823 1396 si
846 1367 923 1396 nos
941 1361 1016 1395 aut
1037 1351 1229 1410 Angelus
1243 1350 1297 1394 de
1316 1350 1428 1395 coelo
1443 1343 1800 1409 evangelizaverit

418 1441 439 1464 »
475 1422 598 1467 vobis
625 1432 917 1483 praeterquam
946 1421 1065 1482 quod
1103 1421 1322 1481 accepistis
1345 1456 1355 1476 ,
1395 1422 1623 1465 anathema
1651 1422 1753 1465 sit5.
1775 1440 1796 1462 η

415 1495 636 1554 Principes
659 1504 786 1549 sunt,
812 1494 930 1538 docti
951 1502 1073 1548 sunt,
1105 1493 1252 1552 magni
1279 1501 1400 1546 sunt,
1432 1491 1598 1552 lapides
1624 1493 1801 1551 pretiosi

415 1574 530 1609 sunt.
554 1564 671 1618 Quid
693 1565 836 1609 adhuc
858 1564 1053 1608 dicturus
1076 1565 1150 1607 es‘?
1183 1562 1399 1623 numquid
1426 1562 1579 1620 Angeli
1601 1565 1728 1607 sunt?
1744 1566 1802 1608 Et

418 1647 563 1681 tamen
590 1657 609 1678 α
625 1637 716 1680 Etsi
729 1636 920 1694 Angelus
938 1634 991 1678 de
1007 1634 1120 1679 coelo
1135 1634 1261 1678 vobis
1274 1634 1612 1689 annuntiaverit,
1628 1643 1801 1694 praeter-

417 1722 550 1767 quam
573 1707 693 1767 quod
714 1706 933 1765 accepistis
951 1741 962 1759 ,
983 1705 1211 1750 anathema
1233 1705 1300 1748 sit.
1329 1722 1350 1745 ³>
1383 1704 1493 1757 Quia
1519 1713 1562 1748 et
1593 1705 1682 1763 ipse
1705 1704 1800 1749 dia-

418 1776 545 1822 bolus
583 1776 760 1834 angelus
794 1776 848 1819 de
881 1775 995 1820 coelo
1030 1774 1174 1834 lapsus
1204 1784 1281 1819 est.
1332 1793 1352 1816 «
1387 1775 1565 1818 Effusus
1596 1784 1659 1818 est
1698 1790 1800 1834 ergo

421 1867 441 1890 »
458 1857 733 1907 contemptus
754 1863 883 1906 super
899 1846 1130 1906 principes.
1142 1848 1199 1889 Et
1216 1845 1381 1904 adjuvit
1394 1861 1627 1905 pauperem
1644 1861 1667 1890 a
1682 1861 1802 1890 men-

422 1938 443 1961 »
478 1920 650 1963 dicitate
662 1921 693 1962 ⁶³.
710 1937 730 1959 »
744 1918 860 1972 Quid
879 1928 941 1962 est
958 1919 1041 1962 hoc
1056 1953 1066 1972 ,
1085 1916 1236 1961 fratres
1250 1952 1260 1971 ,
1277 1917 1517 1976 contempti
1528 1926 1629 1961 sunt
1646 1918 1801 1976 princi-

419 2006 494 2050 pes
511 2025 521 2045 ,
560 1998 602 2033 et
634 1989 806 2049 adjutus
839 1998 901 2032 est
937 1990 1131 2047 pauper?
1175 1987 1345 2047 Abjecti
1386 1997 1487 2032 sunt
1523 1988 1726 2047 superbi,
1758 1998 1801 2032 et

418 2063 655 2105 instructus
677 2068 740 2103 est
755 2058 946 2102 humilis.
964 2061 1058 2103 Hoc
1072 2056 1190 2113 fecit,
1208 2067 1250 2101 et
1263 2058 1347 2102 hoc
1364 2056 1564 2102 faciendo
1583 2077 1603 2100 «
1625 2057 1803 2118 Adjuvit

420 2150 440 2173 »
475 2145 711 2191 pauperem
729 2145 752 2174 a
775 2128 1067 2173 mendicitate.
1092 2147 1111 2170 »
1137 2127 1363 2173 Mendicus
1381 2138 1444 2172 est
1464 2127 1538 2172 ille
1553 2164 1564 2184 ,
1589 2129 1699 2172 nihil
1721 2128 1802 2173 sibi

420 2204 642 2257 tribuens,
667 2211 809 2246 totum
839 2201 893 2244 de
926 2199 1216 2245 misericordia
1242 2200 1318 2244 Dei
1347 2209 1575 2260 expectans
1614 2210 1714 2245 ante
1735 2202 1802 2261 ja-

394 2294 397 2298 <
422 2289 554 2318 nuam
582 2273 845 2317 dominicam
875 2272 1072 2332 quotidie
1103 2271 1280 2325 clamat,
1304 2271 1481 2330 pulsans
1503 2281 1554 2315 ut
1585 2273 1803 2331 aperiatur

423 2345 489 2400 ei,
520 2343 663 2388 nudus
680 2352 723 2387 et
744 2352 932 2386 tremens
954 2352 1003 2387 ut
1022 2342 1228 2387 vestiatur
1242 2377 1252 2396 ,
1278 2341 1426 2386 oculos
1448 2342 1493 2385 in
1510 2351 1669 2386 terram
1693 2342 1803 2402 deji-

424 2417 560 2471 ciens,
586 2424 629 2459 et
655 2423 806 2474 pectus
827 2414 1031 2458 tundens.
1069 2416 1205 2458 Istum
1238 2413 1513 2469 mendicum,
1553 2414 1670 2458 hunc
1694 2428 1804 2472 pau-

473 2518 482 2534 ¹
513 2523 525 2542 1
544 2513 615 2543 Cor.
636 2522 688 2553 xi,
712 2522 761 2552 ¹9·
786 2527 828 2532 —
848 2517 860 2532 2
876 2510 958 2542 psal.
983 2522 1026 2548 m,
1043 2521 1073 2552 ς.
1098 2528 1138 2533 —-
1160 2508 1172 2533 3
1191 2508 1257 2543 Gal.
1276 2520 1308 2547 1,
1331 2520 1364 2550 ς).
1390 2525 1432 2533 -2
1458 2507 1473 2538 4
1491 2509 1606 2542 Matth.
1631 2519 1663 2549 v,
1688 2508 1736 2541 13.
1759 2525 1800 2530 —

422 2565 517 2608 ZGal.
539 2577 561 2603 1,
577 2573 607 2598 ⁸.
631 2584 671 2590 νὴ
691 2563 705 2585 s*
728 2565 804 2597 l’wnl.
821 2577 884 2602 ew,
903 2565 956 2606 41.
