1848 3261
270 231 512 262 nuum-110
543 233 590 260 m
621 229 823 260 psAmva
853 232 1017 269 cxvm,
1042 232 1180 259 sngo
1211 233 1308 259 x111.
1379 220 1466 261 439

93 321 112 344 »
146 299 331 344 salutare
352 306 478 341 tuum
511 297 752 340 secundum
779 295 1003 354 eloquium
1024 304 1150 338 tuum
1176 314 1186 339 ι
1213 314 1234 337 »
1259 286 1343 340 hoc
1375 307 1465 354 est,

88 369 327 415 secundum
356 366 682 426 promissionem
704 372 838 409 tuam.
868 365 992 408 Unde
1028 379 1105 408 nos
1125 364 1222 408 vult
1238 367 1470 424 Apostolus

87 440 198 484 filios
220 436 511 497 promissionis
531 434 737 493 intelligi¹
769 453 779 478 ι
803 449 859 477 ne
881 434 1142 477 arbitremur
1163 443 1358 478 nostrum
1381 452 1471 481 esse

87 509 206 570 quod
225 524 387 561 sumus,
403 506 475 550 sed
490 515 630 550 totum
642 505 716 549 Dei
738 505 883 562 gratiae
898 504 1202 547 retribuamus.
1213 506 1396 548 «Factus
1409 515 1472 550 est

89 598 110 621 »
146 579 260 623 enim
275 578 400 621 nobis
417 576 613 620 Christus
631 574 835 633 sapientia
852 590 874 617 a
889 577 978 618 Deo
991 608 1002 628 ,
1021 583 1064 617 et
1075 574 1240 633 justitia
1258 583 1301 617 et
1321 574 1474 618 sancti-

89 666 110 690 »
146 649 311 701 ficatio,
337 656 380 690 et
400 644 664 704 redemptio,
679 653 744 698 ut,
770 643 1140 704 quemadmodum
1162 644 1369 704 scriptum
1391 654 1472 701 est,

89 737 110 760 »
146 718 231 771 Qui
253 716 480 774 gloriatur,
517 715 562 758 in
585 714 768 758 Domino
791 714 1036 772 glorietur2.
1067 734 1084 755 »
1111 713 1237 767 Quod
1260 729 1362 773 ergo
1384 715 1470 760 ait:

91 808 111 832 «
145 792 197 832 In
218 797 291 831 tua
307 786 474 846 justitia
500 785 667 829 vivifica
689 801 786 843 me3
829 803 849 826 »
874 786 919 828 in
946 785 1118 829 Christo
1148 786 1300 844 utique
1331 785 1475 830 vivifi-

87 859 175 904 cari
197 858 318 917 cupit
332 892 343 912 ,
381 866 424 900 et
443 857 536 915 ipsa
557 865 620 899 est
643 855 933 900 misericordia
955 871 1085 915 quam
1109 871 1237 915 super
1258 871 1302 899 se
1335 855 1476 914 poscit

86 930 248 974 venire.
281 931 376 986 Ipse
397 926 592 971 Christus
617 935 680 970 est
713 935 797 970 et«
828 925 1021 970 Salutare
1040 926 1148 983 Dei,
1177 942 1196 966 »
1221 941 1309 985 quo
1338 926 1475 970 verbo

86 997 284 1058 exposuit
297 1012 428 1056 quam
446 994 780 1040 misericordiam
794 995 980 1051 diceret,
1003 996 1080 1039 ubi
1102 996 1161 1040 ait
1181 1014 1190 1040 :
1221 1015 1241 1038 «
1260 999 1317 1039 Et
1330 996 1477 1040 veniat

88 1087 110 1110 »
145 1084 274 1127 super
285 1083 356 1111 me
369 1065 658 1110 misericordia
671 1075 767 1121 tua,
792 1066 989 1110 Domine.
1013 1085 1030 1107 »
1057 1066 1100 1110 Si
1121 1081 1224 1123 ergo
1243 1066 1478 1124 quaerimus

86 1156 185 1199 quae
208 1140 261 1183 sit
278 1139 357 1182 ista
372 1136 679 1192 misericordia,
705 1136 932 1181 audiamus
953 1136 1074 1196 quod
1095 1136 1291 1196 sequitur
1310 1154 1319 1180 :
1350 1154 1370 1178 (t
1399 1138 1477 1181 Sa-

88 1227 110 1250 »
144 1210 284 1252 lutare
306 1218 430 1252 tuum
446 1206 685 1251 secundum
704 1206 926 1265 eloquium
945 1215 1086 1250 tuum.
1108 1225 1126 1247 »
1151 1205 1220 1249 Ab
1243 1220 1294 1249 eo
1314 1206 1478 1265 quippe

84 1280 169 1323 hoc
197 1279 451 1335 promissum
475 1285 560 1330 est,
590 1295 607 1315 «
635 1275 715 1328 Qui
737 1285 864 1320 vocat
889 1291 938 1319 ea
973 1292 1071 1335 quae
1104 1291 1194 1320 non
1215 1285 1317 1319 sunt
1334 1310 1345 1329 ,
1384 1284 1479 1319 tan-

87 1367 108 1391 »
146 1363 279 1408 quam
300 1349 447 1391 sintss.»
460 1345 664 1390 Nondum
685 1346 799 1388 enim
817 1355 938 1389 erant
952 1346 1108 1405 quibus
1128 1346 1474 1404 promitteretur,

86 1435 142 1464 ne
164 1420 390 1479 quisquam
410 1416 464 1460 de
486 1416 647 1459 meritis
664 1416 934 1474 gloriaretur.
960 1419 1017 1460 Et
1038 1416 1197 1476 quibus
1218 1417 1479 1475 promissum

86 1498 164 1543 est,
177 1489 304 1532 etiam
317 1487 397 1545 ipsi
418 1486 614 1545 promissi
626 1494 742 1539 sunt,
769 1495 819 1529 ut
831 1495 972 1530 totum
986 1501 1143 1545 corpus
1157 1485 1316 1531 Christi
1336 1486 1477 1531 dicat:

90 1577 111 1602 «
146 1558 292 1603 Gratia
315 1557 391 1601 Dei
414 1571 507 1599 sum
527 1555 572 1598 id
594 1555 714 1615 quod
731 1571 827 1598 sum
842 1556 873 1598 4.
895 1573 915 1596 »

147 1632 204 1672 II.
242 1646 262 1669 »
299 1631 355 1671 Et
374 1625 662 1685 respondebo,
687 1625 852 1684 inquit,
880 1623 1242 1683 exprobrantibus
1259 1624 1367 1668 mihi
1380 1640 1480 1669 ver-

88 1717 110 1741 »
147 1700 288 1742 bum5.
299 1717 317 1739 »
328 1701 497 1750 Utrum,
509 1696 727 1739 «Verbum
743 1695 1101 1755 exprobrantibus
1114 1716 1124 1752 3
1139 1713 1158 1734 »
1172 1711 1242 1749 an,
1258 1696 1480 1740 «Verbum

90 1787 111 1811 »
142 1768 461 1828 respondebo,»
480 1767 730 1823 ambiguum
742 1776 830 1809 est:
853 1765 926 1809 sed
940 1765 1167 1825 quodlibet
1179 1781 1328 1809 eorum
1338 1766 1482 1811 Chris-

88 1850 183 1885 tum
205 1848 342 1883 sonat.
371 1841 517 1895 Ipsum
543 1837 657 1879 enim
675 1836 800 1879 nobis
818 1836 1103 1894 exprobrant,
1125 1835 1282 1894 quibus
1301 1845 1365 1880 est
1386 1852 1482 1881 cru-

88 1909 237 1954 cifixus
279 1907 349 1951 vol
391 1905 641 1950 scandalum
658 1940 669 1960 ,
710 1904 780 1948 vel
821 1905 1032 1949 stultitia⁰
1059 1924 1068 1950 :
1093 1905 1340 1963 ignorantes
1378 1908 1481 1966 quia

90 1982 288 2024 Verbum
329 1994 428 2022 caro
467 1976 630 2020 factum
666 1984 752 2030 est,
785 1984 829 2019 et
855 1975 1068 2019 habitavit
1101 1975 1147 2018 in
1187 1976 1336 2034 nobis,
1360 1977 1481 2037 quod

91 2051 286 2094 'Verbum
307 2049 353 2091 in
369 2046 581 2106 principio
597 2055 707 2100 erat,
731 2045 847 2104 apud
860 2049 997 2089 Deum
1014 2055 1120 2100 erat,
1147 2055 1189 2089 et
1206 2049 1320 2090 Deus
1341 2056 1432 2091 erat
1446 2050 1479 2092 ⁷.
1528 2052 1530 2055 '

96 2121 180 2167 Sed
201 2120 279 2164 etsi
296 2135 384 2162 non
405 2117 485 2177 ipsi
502 2116 695 2160 Verbum
721 2117 981 2175 exprobrent
1002 2116 1123 2177 quod
1140 2133 1210 2161 eos
1232 2116 1352 2173 latet,
1378 2119 1482 2178 quia

95 2191 296 2235 divinitas
318 2190 408 2248 ejus
426 2187 481 2230 ab
513 2187 571 2230 eis
595 2202 682 2229 non
713 2187 1009 2244 cognoscitur,
1030 2203 1052 2231 a
1078 2187 1237 2247 quibus
1260 2189 1349 2248 ejus
1366 2188 1484 2232 infir-

94 2261 220 2305 mitas
242 2260 288 2302 in
309 2273 435 2302 cruce
457 2257 750 2310 contemnitur
770 2277 781 2314 3
808 2272 885 2300 nos
913 2266 1060 2301 tamen
1089 2257 1282 2301 Verbum
1301 2273 1482 2317 respon-

96 2331 295 2383 deamus,
320 2343 400 2372 nec
430 2326 759 2387 exprobratione
786 2336 1026 2372 terreamur
1048 2337 1124 2372 aut
1143 2327 1480 2374 confundamur.

101 2419 123 2443 «
156 2399 353 2444 Verbum
394 2399 510 2442 enirn
542 2397 576 2440 si
608 2397 936 2456 cognovissent,
979 2414 1206 2459 nunquam
1247 2398 1484 2443 Dominum

148 2502 157 2518 ¹
178 2496 275 2527 Rom.
296 2505 342 2534 ix,
358 2494 391 2526 8.
405 2509 446 2517 ·-
460 2500 474 2516 ²
496 2505 508 2525 1
527 2495 600 2526 cor.
627 2502 650 2533 1,
673 2492 727 2524 30.
746 2492 854 2525 31.-
873 2490 886 2515 ³
905 2495 998 2526 Rom.
1017 2504 1059 2534 iv,
1082 2504 1184 2535 17.-
1202 2492 1219 2523 4
1241 2504 1253 2526 1
1275 2495 1347 2527 Cor.
1364 2504 1480 2537 xv,1o.

101 2567 143 2573 -
162 2549 176 2573 5
195 2550 276 2582 Psal.
293 2560 400 2591 cxvul,
420 2548 474 2588 42.
493 2566 535 2572 -ν
551 2548 567 2571 ‘³
589 2561 601 2581 1
619 2552 691 2582 Cor.
708 2560 731 2588 1,
750 2548 804 2580 23.
832 2565 874 2572 -
889 2555 902 2581 7
922 2550 1014 2581 Joan.
1033 2559 1058 2589 1,
1076 2560 1088 2581 1
1111 2552 1144 2581 et
1164 2549 1215 2591 14.
1415 2539 1417 2542 ’
