1848 3261
246 211 488 244 ENARRATIO
518 215 566 243 m
595 211 799 244 PsALMUM
827 213 991 253 can,
1023 213 1163 245 sEnMo
1193 218 1303 246 xv11.
1367 205 1452 247 463

79 280 332 325 charitatem
351 314 362 334 ‚
400 278 508 323 doce
543 294 613 323 me
648 277 919 338 disciplinam
944 277 1148 323 donando
1174 281 1452 339 patientiam,

78 351 187 395 doce
208 365 277 394 me
293 349 515 394 scientiam
536 347 825 393 illuminando
846 347 1221 406 intelligentiam.«
1241 353 1458 403 Quoniam

81 439 102 463 »
137 419 349 464 mandatis
371 421 456 464 tuis
477 419 657 464 credidi.
693 437 714 460 »
741 421 799 462 Te
825 417 900 463 illa
934 417 1100 462 credidi
1127 421 1352 465 mandasse
1381 422 1459 482 qui

78 493 193 536 Deus
225 505 269 534 es
284 525 296 546 ,
327 500 370 535 et
398 490 566 534 homini
587 488 722 534 donas
754 488 872 533 unde
900 488 1030 534 facias
1051 504 1153 533 eum
1173 489 1317 534 facere
1339 491 1460 551 quod

78 561 273 605 mandas.

137 633 191 674 V.
218 631 373 675 «Prius
394 645 526 690 quam
547 628 815 685 humiliarer,
833 629 992 690 inquit,
1013 644 1092 688 ego
1113 629 1280 690 deliqui
1297 651 1308 689 3
1328 646 1463 691 prop—

81 717 101 741 »
137 709 253 744 terea
273 701 455 744 verbum
476 702 644 755 tuum¹‚
663 718 683 741 »
702 699 772 745 vel
794 700 904 744 sicut
925 700 999 743 alii
1021 700 1256 760 expressius
1276 701 1458 757 habent,

83 788 101 810 «
136 773 370 829 Propterea
389 769 612 830 eloquium
637 779 762 814 tuum
784 769 997 815 custodivi
1023 790 1032 815 :
1062 789 1082 812 »
1110 772 1263 832 utiquc
1285 787 1339 816 ne
1362 787 1461 815 rur-

77 854 172 883 sum
190 839 456 883 humiliarer.
483 839 610 892 Quod
631 841 686 885 ad
707 840 826 884 illam
852 840 1197 886 humiliationem
1220 841 1375 886 melius
1397 858 1463 887 re-

76 908 241 965 fertur,
268 926 367 970 quae
401 910 516 954 facta
546 911 676 955 estin
697 910 864 967 Adam,
894 912 940 955 in
973 927 1062 972 quo
1095 912 1234 956 omnis
1263 921 1460 957 creatura

78 981 267 1024 humana
289 989 500 1040 tanquam
521 981 567 1024 in
594 981 736 1025 radice
759 982 922 1037 vitiata,
947 983 1153 1042 quoniam
1173 983 1342 1027 veritati
1363 983 1462 1027 sub-

71 1055 185 1107 Jecta
206 1066 296 1094 esse
325 1066 413 1094 non
446 1051 606 1105 voluit,
642 1051 836 1111 subjecta
859 1063 922 1096 est
944 1053 1125 1096 vanitati
1143 1054 1174 1095 ².
1202 1053 1331 1105 Quod
1352 1054 1462 1097 vasis

75 1121 382 1166 misericordiae
406 1121 570 1181 profuit
591 1124 798 1181 experiri,
824 1132 874 1167 ut
895 1124 1059 1183 dejecta
1082 1124 1283 1182 superbia
1305 1124 1462 1183 diliga-

78 1201 151 1236 tur
172 1191 421 1236 obedientia
441 1226 453 1247 ‚
478 1201 521 1235 et
541 1202 689 1251 pereat
717 1208 807 1237 non
829 1193 1020 1237 reditura
1042 1194 1224 1238 miseria.

135 1265 212 1306 VI.
244 1282 264 1304 «
286 1263 436 1307 Suavis
458 1278 502 1305 es
520 1297 531 1317 ⁷
558 1264 740 1307 Domine
762 1283 771 1308 :
800 1282 820 1305 »
845 1263 940 1320 vel,
962 1265 1072 1309 sicut
1098 1265 1243 1324 plures
1265 1265 1432 1309 habent
1448 1299 1459 1321 ,

80 1352 103 1376 α
139 1333 288 1378 Suavis
311 1348 351 1376 es
375 1342 440 1387 tn,
458 1333 683 1377 Dominess.
709 1352 728 1374 ))
755 1334 904 1394 Aliqui
926 1336 1072 1390 etiam,
1089 1335 1272 1380 «Suavis
1294 1351 1337 1379 es
1357 1344 1422 1391 tu,
1441 1355 1460 1377 »

76 1404 173 1459 vel,
200 1423 221 1446 «
245 1407 391 1447 Bonus
414 1418 457 1446 es
475 1412 550 1448 tu:
578 1422 598 1444 n
623 1403 735 1448 sicut
756 1405 810 1447 de
833 1405 916 1449 hoc
937 1405 1072 1449 verbo
1094 1406 1289 1465 superius
1307 1415 1465 1450 tracta-

77 1475 232 1519 vimus.
254 1477 342 1518 «Et
362 1475 407 1517 in
428 1483 504 1517 tua
525 1473 736 1517 suavitate
757 1473 866 1518 doce
887 1490 956 1518 me
972 1476 1301 1536 justificationes
1321 1485 1459 1520 tuas.»

77 1546 190 1589 Vere
221 1544 317 1589 vult
350 1543 490 1588 facere
518 1544 849 1604 justificationes
871 1546 973 1600 Dei,
1013 1545 1192 1605 quando
1214 1561 1282 1590 eas
1304 1546 1350 1590 in
1373 1548 1463 1607 ejus

77 1615 288 1660 suavitate
320 1614 417 1659 vult
437 1613 601 1658 discere
633 1614 688 1657 ab
713 1614 805 1674 ipso
824 1649 835 1670 ‚
855 1615 926 1659 cui
943 1615 1050 1660 dixit
1071 1635 1080 1661 z
1104 1635 1125 1658 «
1150 1617 1301 1661 Suavis
1319 1631 1362 1661 es
1386 1626 1435 1661 tu
1448 1651 1464 1673 ,,

81 1704 103 1728 )›
138 1685 336 1730 Domine.
360 1702 380 1725 »

137 1759 238 1800 VII.
270 1755 467 1815 Denique
505 1754 733 1814 sequitur:
771 1774 791 1797 «
815 1753 1104 1814 Multiplicata
1139 1766 1203 1801 est
1234 1772 1364 1816 super
1395 1772 1464 1801 me

81 1844 102 1868 »
137 1826 344 1886 iniquitas
380 1824 694 1883 superborum4
722 1843 732 1868 :
768 1842 789 1865 »
827 1840 978 1868 eorum
1000 1825 1164 1870 scilicet
1190 1827 1349 1887 quibus
1375 1843 1466 1872 non

78 1895 267 1956 profuit,
285 1894 406 1955 quod
417 1904 698 1954 posteaquam
713 1892 918 1954 deliquit,
935 1894 1160 1939 humiliata
1180 1906 1243 1940 est
1274 1898 1466 1942 humana

79 1976 250 2011 natura.
274 1968 402 2022 «Ego
417 1975 561 2008 autem
577 1964 624 2007 in
640 1972 732 2007 toto
751 1965 882 2008 corde
900 1980 998 2008 meo
1014 1967 1240 2010 scrutabor
1261 1968 1466 2014 mandata

83 2055 104 2078 »
139 2046 229 2080 tua.
255 2054 276 2076 »
297 2033 600 2088 Quantalibet,
626 2034 790 2093 inquit,
822 2034 1017 2079 abundet
1045 2035 1250 2096 iniquitas
1267 2072 1278 2092 ‚
1305 2054 1394 2082 non
1418 2039 1465 2083 in

80 2123 149 2152 me
172 2106 419 2164 refrigescet
448 2104 633 2149 charitas
649 2106 679 2147 ⁵.
708 2108 933 2164 Tanquam
954 2106 1130 2151 illehoc
1152 2107 1280 2163 dicit,
1315 2110 1391 2169 qui
1419 2110 1466 2154 in

81 2179 171 2238 ejus
194 2177 402 2221 suavitate
415 2174 744 2234 justificationes
760 2176 835 2218 Dei
849 2175 989 2220 discit.
1007 2179 1181 2229 Quanto
1202 2180 1337 2237 magis
1348 2180 1465 2224 enim

82 2248 228 2292 suavia
251 2255 352 2290 sunt
366 2261 466 2305 quae
474 2245 601 2304 jubet
622 2245 697 2304 qui
714 2245 864 2304 juvat,
886 2255 1008 2290 tanto
1029 2248 1164 2305 magis
1184 2264 1232 2292 ea
1250 2259 1466 2294 scrutatur

83 2334 230 2363 amans
246 2352 257 2373 ,
283 2326 334 2361 ut
355 2316 525 2373 cognita
546 2314 674 2359 faciat
691 2324 733 2358 et
750 2314 948 2361 faciendo
970 2328 1228 2377 cognoscat3
1254 2321 1355 2380 quia
1372 2337 1469 2381 per-

83 2388 237 2434 fectius
257 2395 580 2446 cognoscuntur
594 2401 695 2430 cum
718 2386 845 2430 fiunt.

131 2492 142 2509 ¹
168 2485 249 2517 Psal.
269 2494 364 2516 cxvm
378 2508 387 2525 ‚
405 2483 461 2526 67.
481 2500 523 2505 —
547 2489 560 2505 2
578 2485 672 2516 Rom.
692 2492 774 2523 vm,
795 2491 848 2514 20.
869 2499 911 2505 —
935 2481 948 2507 3
969 2483 1053 2517 Psal.
1073 2496 1186 2527 cxvm,
1210 2486 1266 2519 68.
1290 2503 1330 2511 —-
1351 2487 1367 2519 4
1380 2488 1460 2521 Ibid.

84 2542 140 2584 69.
160 2558 200 2565 —
220 2539 234 2564 ⁵
252 2539 368 2573 Matth.
383 2549 475 2581 xxiv,
500 2546 551 2571 12.
