1848 3261
393 189 481 231 434
820 201 855 228 ε.
889 196 1124 229 AUGUSTINI
1155 201 1338 229 EPISCOPI

393 283 480 328 que
496 266 543 311 id
556 264 798 320 admonuit,
810 280 866 309 ne
885 264 1047 325 aliquid
1072 281 1222 309 eorum
1245 275 1424 326 propter
1445 267 1627 327 gloriam
1645 267 1787 312 homi-

392 354 499 382 num
520 339 617 393 fiat,
660 346 704 381 et
724 336 888 397 ubique
910 336 1015 381 dicit
1036 352 1106 381 eos
1129 337 1201 396 qui
1226 346 1455 397 propterea
1476 339 1661 393 faciunt,
1687 353 1788 398 per-

391 409 553 469 cepisse
570 407 813 453 mercedem
829 422 974 462 suam,
994 407 1040 451 id
1061 417 1140 461 est,
1158 423 1248 451 non
1270 418 1495 465 aeternam,
1517 427 1616 470 quae
1630 409 1788 453 sanctis

388 480 575 540 reposita
596 489 660 524 est
681 477 798 538 apud
811 481 1003 533 Patrem,
1028 477 1105 522 sed
1121 479 1426 538 temporalem,
1439 496 1569 540 quam
1583 488 1789 541 quaerunt

389 551 468 612 qui
488 548 841 608 contemplantur
862 548 910 592 in
931 549 1017 593 suis
1047 549 1253 609 operibus
1275 551 1515 595 vanitatem
1540 569 1550 596 2
1574 566 1665 595 non
1685 549 1788 610 quia

389 621 481 681 ipsa
501 621 596 664 laus
616 620 811 663 humana
833 617 1051 678 culpanda
1068 629 1155 675 est,
1177 622 1297 678 (nam
1310 620 1418 681 quid
1434 630 1524 665 tam
1547 619 1790 681 optandum

389 701 453 735 est
471 690 875 750 hominibus,quam
890 698 941 733 ut
953 689 1011 733 eis
1031 688 1234 749 placeant
1254 707 1353 750 quae
1374 691 1566 736 debeant
1586 690 1789 748 imitarii')

388 762 466 806 sed
482 770 659 821 propter
671 761 807 820 ipsam
821 760 998 804 laudem
1017 760 1130 804 bene
1152 761 1336 820 operari,
1362 763 1445 807 hoc
1468 771 1531 806 est
1552 761 1790 807 vanitatem

388 831 435 875 in
457 831 542 876 suis
560 830 765 891 operibus
782 830 957 874 intueri.
980 830 1349 891 Quandoquidem
1380 841 1423 876 et
1453 832 1545 892 ipsa
1567 832 1621 875 ab
1643 830 1790 874 homi-

388 901 517 946 nibus
539 902 633 946 laus
651 901 819 945 homini
831 902 950 961 justo
963 911 1320 962 quantacumque
1339 901 1605 958 provenerit,
1621 916 1711 944 non
1728 899 1790 942 ibi

390 987 481 1016 esse
498 971 631 1015 debet
654 972 745 1031 ejus
764 972 862 1014 finis
881 971 1008 1026 boni,
1034 971 1109 1015 sed
1130 973 1258 1015 etiam
1282 972 1374 1030 ipsa
1398 970 1624 1015 referenda
1646 979 1710 1014 est
1736 969 1791 1013 ad

388 1042 565 1087 laudem
588 1043 692 1098 Dei,
719 1052 899 1102 propter
920 1058 1051 1102 quem
1077 1043 1194 1086 bona
1213 1043 1383 1086 faciunt
1404 1058 1504 1086 vere
1526 1041 1631 1085 boni
1649 1060 1658 1085 ε
1677 1055 1790 1100 quo-

387 1114 503 1158 niam
518 1129 606 1157 non
622 1129 645 1156 a
659 1128 703 1155 se
720 1112 920 1171 ipsis,sed
932 1113 985 1156 ab
1001 1111 1076 1156 illo
1091 1113 1205 1156 fiunt
1223 1113 1340 1157 boni.
1359 1113 1556 1172 Denique
1572 1113 1618 1155 in
1636 1112 1791 1155 eodem

389 1198 587 1242 sermone
608 1182 818 1225 Dominus
824 1183 916 1241 jam
936 1181 1106 1225 dixerat
1128 1183 1208 1227 eis:
1231 1186 1419 1226 «Luceat
1430 1182 1581 1225 lumen
1599 1191 1792 1225 vestrum

393 1273 412 1296 »
448 1268 595 1297 coram
611 1251 863 1296 hominibus
886 1259 935 1294 ut
956 1250 1134 1295 videant
1158 1267 1289 1310 opera
1311 1261 1453 1294 vestra
1470 1251 1608 1304 bona,
1630 1260 1673 1294 et
1695 1250 1792 1309 glo-

390 1341 412 1366 »
447 1324 619 1367 rificent
641 1326 814 1366 Patrem
836 1330 1045 1375 vestrum,
1069 1321 1146 1380 qui
1168 1321 1213 1364 in
1235 1320 1356 1365 coelis
1373 1323 1479 1364 est¹.
1508 1338 1528 1361 »
1557 1321 1641 1364 Ubi
1659 1322 1792 1364 finem

388 1394 550 1455 posuit,
567 1394 653 1436 hoc
674 1401 753 1446 est,
774 1391 820 1434 in
834 1390 969 1449 gloria
989 1391 1081 1443 Dei,
1098 1391 1181 1434 hoc
1205 1389 1413 1434 debemus
1436 1389 1613 1450 quando
1628 1389 1792 1450 aliquid

389 1464 497 1509 boni
519 1462 700 1507 facimus
721 1462 897 1517 intueri,
918 1461 951 1505 si
972 1470 1231 1505 avertuntur
1249 1477 1272 1505 a
1288 1463 1479 1505 vanitate
1503 1461 1618 1505 oculi
1636 1461 1787 1505 nostri.

389 1538 488 1582 Non
516 1551 620 1593 ergo
648 1535 701 1578 sit
733 1534 830 1576 finis
854 1533 957 1576 boni
976 1534 1115 1591 operis
1135 1534 1179 1577 in
1201 1532 1406 1577 laudibus
1428 1534 1679 1588 hominum,
1716 1532 1792 1577 sed

388 1607 501 1666 ipsas
522 1604 673 1649 laudes
691 1604 921 1647 hominum
944 1604 1212 1661 corrigamus
1227 1639 1237 1658 ,
1264 1613 1309 1647 et
1322 1604 1377 1648 ad
1392 1605 1469 1648 Dei
1484 1604 1633 1648 laudes
1647 1603 1792 1648 omnia

391 1677 628 1721 referamus
645 1709 656 1730 ,
693 1691 716 1718 a
732 1689 820 1734 quo
838 1673 964 1717 nobis
987 1673 1112 1716 datur
1129 1673 1345 1734 quidquid
1369 1675 1415 1718 in
1437 1675 1562 1719 nobis
1580 1675 1671 1718 sine
1691 1674 1790 1718 lau-

394 1747 537 1791 dantis
555 1760 697 1789 errore
711 1744 963 1788 laudantur.
978 1747 1112 1787 Porro
1135 1744 1170 1787 si
1187 1759 1349 1788 vanum
1371 1754 1434 1787 est
1452 1755 1631 1803 propter
1652 1745 1793 1788 homi-

392 1833 501 1863 num
522 1815 672 1861 laudes
694 1815 810 1858 bona
831 1814 974 1858 facere
994 1847 1005 1868 ,
1050 1823 1216 1873 quanto
1253 1814 1404 1858 vanius
1428 1825 1605 1874 propter
1628 1815 1790 1874 adipis-

392 1888 577 1933 cendam
596 1886 826 1945 pecuniam
842 1919 853 1939 ,
873 1883 944 1927 vel
965 1883 1225 1942 augendam,
1252 1883 1341 1928 sive
1362 1884 1635 1928 retinendam
1654 1920 1665 1940 ,
1691 1896 1734 1929 et
1755 1886 1791 1929 si

392 1958 499 2019 quid
510 1956 763 2017 hujusmodi
776 1964 839 1999 est
850 1953 1069 1999 commodi
1078 1953 1342 2013 temporalis,
1356 1956 1477 2014 quod
1486 1956 1610 1999 nobis
1624 1955 1792 2000 accedit

396 2030 684 2075 extrinsecus?
702 2027 809 2080 Quia
837 2046 854 2066 «
876 2026 1033 2069 Omnia
1053 2026 1218 2070 vanitas
1243 2046 1252 2070 ε
1287 2043 1387 2086 quae
1417 2027 1684 2070 abundantia
1706 2028 1786 2071 ho-

397 2119 419 2143 »
454 2101 581 2144 minis
603 2099 648 2142 in
665 2097 782 2142 omni
803 2096 952 2139 labore
970 2111 1070 2150 suo,
1094 2111 1182 2154 quo
1204 2095 1293 2154 ipse
1310 2094 1482 2139 laborat
1502 2098 1584 2139 sub
1606 2095 1747 2140 sole2?
1765 2114 1785 2137 »

394 2175 577 2230 Propter
597 2170 734 2228 ipsam
747 2167 937 2226 denique
954 2164 1240 2223 temporalem
1261 2164 1444 2208 salutem
1467 2181 1555 2209 non
1577 2165 1788 2210 debemus

395 2239 534 2286 facere
557 2241 673 2284 bona
694 2253 823 2297 opera
846 2245 1013 2290 nostra,
1039 2234 1114 2278 sed
1138 2235 1281 2293 potius
1304 2245 1481 2294 propter
1512 2235 1631 2279 illam
1655 2252 1787 2296 quam

394 2327 615 2372 speramus
649 2319 856 2353 aeternam
872 2341 882 2361 ,
923 2305 1001 2348 ubi
1034 2306 1150 2349 bono
1189 2305 1451 2348 immutabili
1486 2304 1783 2364 perfruamur,

396 2382 516 2442 quod
540 2381 665 2425 nobis
688 2380 769 2423 erit
790 2394 842 2420 ex
866 2380 974 2430 Deo,
1013 2375 1100 2418 imo
1134 2374 1255 2433 quod
1285 2374 1410 2417 nobis
1433 2384 1496 2418 est
1528 2376 1617 2433 ipse
1654 2378 1780 2419 Deus.

398 2454 441 2498 Si
461 2455 576 2497 enim
598 2452 733 2496 sancti
755 2448 830 2493 Dei
850 2456 1027 2506 propter
1049 2446 1160 2489 hanc
1176 2445 1458 2504 temporalem
1476 2445 1657 2489 salutem
1670 2447 1784 2490 bona

446 2537 582 2571 matth.
609 2546 644 2576 v,
667 2536 719 2566 16.
738 2549 780 2555 —
796 2539 808 2554 ²
824 2530 922 2562 Eccli.
947 2541 977 2570 1,
1003 2538 1022 2560 2
1042 2533 1075 2560 et
1097 2536 1148 2560 12.
