1848 3261
414 167 654 197 ENARRATIO
686 170 731 199 IN
762 166 968 197 PsALMUM
998 169 1119 195 CVIII.
1372 156 1453 194 271

68 234 348 278 dimittuntur
362 267 373 287 ,
400 248 533 293 quem
553 241 815 293 respuerunt
836 250 845 276 ε
869 232 945 291 qui
967 231 1096 275 etiam
1114 231 1258 275 dicere
1275 232 1428 276 docuit
1446 266 1458 288 ,

75 323 95 345 «
129 304 306 348 Dimitte
337 303 462 347 nobis
491 302 639 348 debita
674 313 850 357 nostra,
891 302 1002 345 sicut
1029 310 1072 345 et
1093 316 1171 345 nos
1201 300 1459 347 dimittimus

73 392 93 414 »
129 372 400 417 debitoribus
422 374 577 417 nostris
592 376 622 416 ².
648 375 833 417 Omnem
858 381 1004 416 autem
1024 370 1309 414 substantiam
1332 372 1459 431 ejus»

67 442 233 487 dictum
255 453 334 498 est,
360 458 535 488 omnem
556 444 690 488 vitam
713 445 831 504 ejus:
857 451 906 486 ut
929 442 967 486 ei
989 440 1110 485 nulla
1128 439 1290 495 debita,
1311 440 1356 484 id
1379 451 1460 497 est,

69 512 188 557 nulla
206 523 380 573 peccata
393 513 627 558 donentur.
638 533 658 556 «
676 517 733 558 Et
749 513 958 573 diripiant
975 511 1103 556 alieni
1117 511 1286 555 labores
1301 512 1393 572 ejus
1411 530 1419 556 ε
1439 530 1458 552 »

67 583 265 628 diabolus
283 594 326 628 et
343 584 485 643 angeli
502 586 536 644 ej
546 601 591 628 us
610 605 622 642 3
641 585 742 645 quia
760 600 851 629 non
873 584 1166 629 thesaurizant
1182 583 1228 626 in
1251 582 1365 627 coelo
1385 583 1462 642 qui

68 670 157 699 non
180 656 344 699 habent
365 655 602 700 Christum.
634 674 654 696 «
673 657 772 700 Non
789 655 842 699 sit
858 654 921 698 illi
944 653 1130 714 adjutor.
1158 671 1178 694 »
1205 653 1310 706 Quis
1334 652 1461 712 adju-

68 734 136 769 tor
159 733 223 769 est
244 725 304 780 ei,
326 725 398 769 cui
419 726 615 770 Christus
639 741 728 770 non
749 725 844 769 est?
878 744 897 766 «
914 726 1003 769 Nec
1024 723 1078 767 sit
1107 723 1185 784 qui
1207 724 1462 767 misereatur

70 813 90 836 »
125 794 301 855 pupillis
318 796 424 855 ejus.
456 813 476 836 »
501 796 587 854 *Qui
609 804 729 854 patre
747 794 934 854 perdito,
958 794 1006 837 id
1027 803 1106 849 est,
1127 809 1283 852 regno,
1309 794 1369 838 sic
1392 809 1463 838 re-

67 874 321 909 manserunt
339 901 350 921 ,
376 874 450 909 aut
470 866 626 909 amisso
650 869 738 910 Deo
757 901 766 919 ‚
792 866 915 925 cujus
940 863 1102 908 Filium
1128 865 1345 924 persecuti
1362 874 1464 909 sunt

68 945 111 980 et
131 935 319 980 oderunt
335 970 346 990 ,
372 951 462 979 non
488 945 552 979 est
579 936 656 995 qui
678 951 829 979 eorum
855 935 1132 989 misereatur,
1158 950 1248 979 non
1272 934 1327 995 ad
1351 944 1463 978 tem-

69 1008 262 1067 poralem
282 1007 415 1052 vitam
442 1006 699 1051 sumendam
727 1007 797 1051 vel
824 1006 1174 1061 sustentandam,
1202 1005 1278 1049 sed
1299 1005 1355 1050 ad
1384 1022 1464 1050 ve-

69 1094 160 1122 ram
181 1078 315 1122 vitam
335 1114 346 1133 ,
371 1077 416 1121 id
437 1086 528 1131 est,
554 1087 777 1121 aeternam.
808 1096 829 1119 «
858 1077 986 1120 Fiant
1007 1076 1098 1120 nati
1127 1077 1219 1136 ejus
1247 1076 1292 1119 in
1309 1076 1463 1120 interi-

71 1167 90 1190 »
127 1158 252 1193 tum:
280 1167 300 1189 »
326 1148 479 1207 utique
501 1147 546 1190 in
577 1147 802 1191 interitum
834 1147 1163 1206 sempiternum.
1194 1166 1214 1188 «
1250 1150 1300 1190 In
1324 1162 1461 1206 gene-

72 1238 90 1260 »
126 1220 292 1263 ratione
313 1234 401 1262 una
419 1218 615 1261 deleatur
636 1233 797 1262 nomen
819 1218 925 1278 ejus.
945 1235 965 1258 »
993 1218 1101 1270 Quia
1124 1218 1318 1275 generati
1341 1227 1459 1274 sunt,

68 1305 155 1334 non
181 1289 443 1347 regenerati,
478 1288 577 1332 ideo
604 1289 650 1332 in
681 1304 768 1332 una
792 1288 1068 1347 generatione
1097 1287 1316 1349 delentur.
1342 1292 1453 1334 Nam

68 1361 113 1404 in
133 1361 282 1414 altera,
301 1360 348 1404 id
369 1368 452 1414 est,
478 1359 522 1403 in
544 1359 889 1417 regeneratione,
916 1359 949 1402 si
967 1374 1061 1402 eam
1084 1369 1401 1416 cognoscerent
1420 1369 1464 1404 et

71 1441 266 1475 tenerent
280 1466 291 1486 ‚
317 1445 406 1474 non
429 1429 725 1473 delerentur.«
744 1432 795 1472 In
813 1429 1067 1472 memoriam
1090 1428 1237 1472 redeat
1254 1429 1462 1489 iniquitas

76 1522 95 1544 »
132 1511 305 1562 patrum
334 1502 426 1560 ejus
449 1500 495 1543 in
520 1508 757 1559 conspectu
779 1499 950 1543 Domini
974 1518 983 1543 ε
1013 1517 1033 1540 »
1064 1507 1115 1542 ut
1135 1499 1292 1543 reddat
1323 1499 1466 1543 eidem

68 1572 233 1632 populo
268 1571 481 1616 Dominus
519 1569 810 1629 perseveranti
845 1569 890 1612 in
924 1569 1087 1613 malitia
1124 1570 1253 1613 etiam
1289 1579 1465 1629 patrum

70 1645 161 1704 ejus
183 1642 472 1702 iniquitatem.
501 1641 567 1685 Sic
589 1641 706 1684 enim
729 1640 788 1683 eis
810 1639 916 1683 dicit
940 1659 948 1684 :
980 1659 1000 1682 «
1030 1641 1344 1684 Testimonium
1366 1641 1465 1684 estis

75 1734 94 1756 »
132 1713 460 1772 vobismetipsis,
484 1713 585 1772 quia
606 1711 683 1755 filii
705 1712 803 1755 estis
821 1726 971 1755 eorum
995 1711 1072 1771 qui
1090 1712 1329 1770 Prophetas
1351 1712 1467 1755 occi-

77 1804 96 1826 »
133 1784 307 1828 derunt.
335 1802 354 1824 »
382 1786 438 1827 Et
457 1781 590 1841 paulo
612 1790 710 1840 post
730 1781 789 1824 ait
808 1798 820 1824 .·
840 1799 860 1822 «
880 1783 936 1825 Ut
957 1781 1102 1825 veniat
1124 1796 1253 1841 super
1273 1797 1348 1826 vos
1366 1797 1464 1826 om-

76 1874 94 1896 »
130 1855 195 1898 nis
217 1853 392 1912 sanguis
408 1854 565 1911 justus,
591 1851 667 1911 qui
690 1851 852 1895 effusus
874 1860 938 1895 est
965 1867 1093 1911 super
1111 1862 1292 1908 terram,
1319 1869 1342 1896 a
1365 1868 1466 1896 san-

74 1944 93 1966 »
130 1925 261 1984 guine
291 1923 402 1967 Abel
418 1922 523 1982 justi
556 1937 693 1982 usque
716 1921 770 1965 ad
792 1920 1049 1980 sanguinem
1071 1923 1288 1966 Zachariae
1306 1926 1337 1966 ².
1365 1942 1384 1964 «
1410 1925 1467 1967 Et

75 2014 95 2037 »
131 2003 360 2054 peccatum
381 1992 530 2036 matris
551 1993 640 2051 ejus
663 2007 751 2035 non
774 1991 985 2045 deleatur.
1019 2010 1039 2032 »
1072 1995 1302 2036 Peccatum
1339 1995 1468 2036 Jeru-

74 2065 231 2118 salem,
257 2079 356 2124 quae
379 2063 509 2107 servit
529 2077 630 2106 cum
661 2061 758 2107 filiis
777 2062 861 2106 suis
880 2097 890 2115 ,
917 2078 1016 2122 quae
1042 2063 1246 2107 interficit
1268 2064 1466 2122 Prophe-

72 2144 162 2189 tas,
200 2144 241 2178 et
273 2132 438 2194 lapidat
475 2132 624 2176 missos
657 2131 712 2175 ad
746 2147 806 2175 se.
837 2151 857 2173 «
886 2132 1014 2176 Fiant
1043 2142 1193 2177 contra
1228 2133 1465 2177 Dominum

77 2224 97 2247 »
133 2220 322 2264 semper,
356 2204 560 2264 iniquitas
598 2212 641 2247 et
675 2213 901 2263 peccatum
939 2219 1124 2248 eorum:
1158 2203 1202 2247 id
1235 2213 1321 2258 est,
1360 2213 1410 2248 ut
1444 2220 1468 2248 a

70 2285 307 2336 conspectu
329 2275 503 2320 Domini
525 2290 614 2319 non
637 2275 920 2330 aboleantur,
948 2278 1037 2319 Deo
1058 2276 1102 2319 in
1125 2284 1338 2319 aeternum
1362 2277 1464 2319 vin-

70 2348 258 2392 dicante.
284 2365 304 2388 «
329 2349 386 2390 Et
407 2345 621 2405 dispereat
643 2345 698 2389 de
721 2347 1059 2403 ter1·a‚memoria
1082 2363 1249 2391 eorum.
1278 2366 1297 2388 »
1327 2350 1457 2391 Terra

71 2418 178 2473 Dei,
219 2432 320 2477 ager
346 2417 424 2461 Dei
456 2425 547 2475 est,
581 2432 683 2476 ager
719 2416 818 2472 Dei,
851 2416 1043 2462 Ecclesia
1065 2418 1143 2462 Dei
1173 2426 1237 2462 est
1262 2437 1271 2463 :
1296 2416 1351 2462 de
1373 2433 1460 2478 qua

121 2509 129 2526 ¹
154 2501 269 2535 Matth.
293 2512 340 2544 Vl,
362 2510 415 2534 12.
434 2517 476 2524 —
495 2501 574 2534 ²1d.
596 2512 686 2544 xxm,
712 2501 832 2542 31-37.
