1848 3261
394 229 473 267 146
849 240 881 267 5.
919 242 1144 269 Accus'rm’i
1177 244 1356 272 Emscom

391 325 408 345 »
445 302 624 348 herbam
645 306 840 349 servituti
869 306 1112 350 hominum.
1149 328 1166 348 »
1208 311 1304 367 Ipse
1342 317 1406 352 est
1432 309 1548 352 enim
1569 308 1766 363 fructus,

383 383 433 418 ut
454 375 587 434 possit
607 375 699 418 fieri
721 375 841 436 quod
862 376 1031 420 dictum
1054 387 1118 421 est
1138 377 1184 420 in
1205 378 1444 438 Evangelio
1468 398 1478 423 ι
1509 398 1528 420 α
1550 381 1606 422 Ut
1628 389 1671 422 et
1691 379 1771 437 ipsi

388 464 407 486 η
442 446 651 506 recipiant
672 462 748 491 vos
769 447 815 490 in
838 447 1115 492 tabernacula
1137 458 1300 493 aeterna
1320 451 1349 492 ¹.
1373 467 1393 489 »
1420 447 1530 492 Vide
1558 448 1612 493 de
1646 447 1770 493 foeno
1814 497 1822 502 ,

384 516 492 576 quid
512 514 670 572 facias,
694 516 792 560 vide
810 517 864 561 de
883 533 929 560 re
950 517 1026 562 vili
1049 518 1157 578 quid
1176 534 1305 562 emas.
1330 521 1422 562 «Ut
1443 519 1653 578 recipiant
1673 534 1766 575 vos,

388 605 407 627 »
424 587 582 647 inquit,
600 587 645 630 in
667 586 945 631 tabernacula
967 598 1142 633 aeterna.
1163 607 1183 630 »
1202 589 1287 633 Ijbi
1307 598 1435 632 erunt
1455 589 1547 646 ipsi,
1568 588 1672 633 illuc
1693 605 1769 634 vos

383 657 607 716 recipiant.
624 660 767 710 Quare
784 657 894 701 hoc?
910 659 1051 711 «Quia
1071 659 1146 718 qui
1163 660 1339 718 suscipit
1347 660 1512 719 justum
1531 660 1577 702 in
1592 660 1769 704 nomine

384 746 404 768 »
415 727 535 787 justi,
563 727 807 771 mercedem
817 729 919 787 justi
945 729 1126 787 accipiet
1146 748 1155 773 :
1172 728 1492 789 etquisuscipit
1506 730 1768 788 Prophetam

386 819 401 838 »
417 798 464 840 in
484 797 660 841 nomine
686 798 938 856 Prophetae,
966 798 1210 842 mercedem
1235 801 1464 859 Prophetae
1490 800 1674 858 accipiet
1695 819 1704 844 z
1725 809 1769 844 et

382 886 401 910 »
419 867 495 927 qui
523 866 691 911 dederit
714 868 892 912 calicem
922 885 1045 928 aquae
1074 862 1246 927 frigidae
1275 870 1350 913 uni
1383 886 1435 913 ex
1463 870 1527 914 his
1549 870 1764 926 minimis,

382 956 401 978 >i
424 947 595 981 tantum
610 938 656 981 in
668 938 845 982 nomine
860 938 1083 998 Discipuli,
1099 955 1225 982 amen
1242 940 1339 984 dico
1357 940 1494 995 vobis,
1510 956 1600 984 non
1616 939 1768 999 perdet

383 1027 401 1048 »
421 1008 665 1052 mercedem
687 1012 851 1058 suam&
867 1027 887 1050 »
903 1014 1039 1062 Quam
1064 1009 1306 1054 mercedem
1330 1026 1419 1054 11011
1442 1009 1622 1068 perdet?
1646 1011 1769 1054 Reci-

380 1080 588 1139 pientvos
610 1080 656 1124 in
690 1080 969 1125 tabernacula
993 1090 1166 1125 aeterna.
1183 1082 1284 1134 Quis
1317 1098 1405 1126 11011
1429 1080 1639 1125 festinet?
1662 1081 1767 1135 Quis

377 1167 465 1194 non
480 1149 660 1194 alacrius
681 1152 858 1194 currat?
880 1151 922 1195 Si
944 1160 1055 1194 terra
1079 1153 1193 1202 estis,
1212 1153 1407 1210 rigamini
1431 1153 1484 1195 de
1504 1151 1649 1196 fructu
1667 1168 1768 1211 ope-

379 1237 474 1264 rum
491 1221 587 1265 Dei:
609 1236 663 1264 ne
681 1220 830 1264 dicatis
846 1240 855 1265 ι
871 1224 967 1266 Non
990 1231 1091 1265 sunt
1113 1237 1214 1265 cum
1233 1223 1394 1282 quibus
1419 1221 1646 1267 faciamus:
1662 1238 1767 1282 prae-

377 1291 589 1335 dicatores
613 1291 770 1345 nostri,
797 1292 995 1351 jumenta
1016 1293 1261 1336 triturantia
1280 1328 1291 1347 ‚
1317 1293 1514 1336 homines
1535 1293 1767 1337 servientes

377 1378 466 1406 non
482 1362 682 1420 indigent
704 1362 853 1405 nostri.
875 1366 1028 1414 Quaere
1051 1372 1211 1416 tamen,
1234 1379 1287 1406 110
1305 1364 1402 1423 quis
1424 1363 1641 1422 indigeat:
1666 1379 1766 1423 pos-

376 1443 514 1477 tremo
537 1443 579 1477 et
600 1433 677 1493 qui
709 1448 799 1477 non
820 1432 1008 1492 indiget,
1034 1434 1225 1477 inveniat
1252 1434 1297 1477 in
1319 1443 1362 1478 te
1383 1433 1505 1494 quod
1526 1433 1635 1478 nolit
1657 1435 1766 1479 acci-

377 1520 492 1564 pere.
526 1503 696 1563 Accipit
728 1504 843 1547 enim
876 1504 1033 1548 bonam
1058 1503 1352 1557 voluntatem,
1378 1521 1477 1550 cum
1507 1514 1556 1548 tu
1580 1505 1763 1565 accipias

376 1590 540 1635 pacem.
566 1575 658 1618 Etsi
686 1574 800 1618 enim
824 1590 913 1619 non
935 1575 1092 1635 quaerit
1124 1575 1304 1629 datum,
1338 1575 1413 1619 sed.
1442 1575 1623 1635 requirit
1644 1574 1764 1620 fruc-

376 1656 471 1690 tum
485 1648 516 1689 3.
538 1648 693 1699 Quaere
711 1654 879 1700 tamen⁷
902 1661 957 1688 ne
978 1646 1074 1705 quis
1094 1644 1312 1702 indigeat3
1337 1654 1380 1689 et
1401 1645 1491 1689 noli
1513 1645 1657 1690 dicere
1681 1665 1691 1691 ε
1720 1647 1761 1692 Si

378 1717 567 1776 petierit,
598 1717 728 1760 dabo.
751 1719 960 1775 Expectas
983 1732 1086 1774 ergo
1110 1725 1158 1759 ut
1179 1718 1331 1775 petat?
1355 1716 1423 1760 Sic
1446 1717 1582 1775 pascis
1605 1717 1763 1761 bovem

375 1789 451 1833 Dei
471 1825 481 1843 ‚
507 1787 730 1849 quomodo
752 1797 1047 1831 transeuntem
1071 1787 1353 1832 mendicum?
1385 1787 1453 1831 Illi
1476 1789 1640 1846 petenti
1657 1787 1758 1843 das,

375 1860 477 1920 quia
512 1859 719 1918 scriptum
749 1867 812 1901 est
839 1877 847 1901 :
885 1877 905 1899 «
933 1857 1062 1901 Omni
1095 1858 1261 1917 petenti
1290 1867 1359 1911 te,
1390 1857 1446 1901 da
1465 1858 1497 1901 4.
1526 1876 1546 1898 »
1584 1861 1646 1902 De
1679 1858 1761 1903 isto

375 1929 483 1991 quid
510 1930 717 1987 scriptum
749 1930 840 1972 est?
862 1948 881 1969 α
912 1931 1068 1972 Beatus
1091 1929 1166 1988 qui
1188 1927 1393 1986 intelligit
1423 1943 1551 1988 super
1573 1944 1762 1987 egenum

379 2020 397 2042 »
433 2010 476 2044 et
493 2001 764 2059 pauperem5.
796 2017 815 2038 »
841 2001 997 2051 Quaere
1019 1998 1090 2041 cui
1113 1997 1213 2042 des:
1242 2017 1262 2040 (ι
1287 2000 1442 2042 Beatus
1465 1999 1580 2042 enim
1598 1999 1674 2058 qui
1695 1999 1760 2042 in-

377 2090 398 2112 »
434 2069 587 2128 telligit
608 2084 736 2128 super
757 2084 942 2127 egenum
970 2078 1012 2111 et
1040 2083 1303 2127 pauperem,
1331 2086 1351 2108 »
1377 2068 1452 2128 qui
1484 2078 1762 2127 praeoccupat

373 2156 519 2185 vocem
543 2139 733 2200 petituri.
762 2140 803 2183 Si
827 2139 886 2183 sic
909 2137 1021 2182 inter
1043 2154 1118 2183 vos
1149 2137 1346 2196 indigent
1382 2137 1539 2182 milites
1571 2139 1756 2194 Christi,

372 2222 423 2256 ut
441 2212 570 2255 etiam
592 2219 743 2270 petant
764 2231 774 2267 3
806 2209 949 2253 videte
978 2225 1032 2253 ne
1054 2225 1129 2254 vos
1154 2209 1381 2269 judicent,
1423 2219 1657 2270 antequam
1679 2226 1758 2270 pe-

372 2293 481 2328 tant.
508 2281 739 2336 Quomodo
753 2317 764 2337 ,
785 2282 928 2341 inquis
943 2317 954 2335 ‚
980 2282 1160 2340 quaero?
1178 2283 1282 2325 Esto
1304 2281 1497 2324 curiosus
1512 2316 1522 2335 ‚
1549 2291 1640 2325 esto
1664 2297 1759 2341 pro-

370 2354 496 2399 vidus
531 2373 539 2398 2
577 2354 793 2413 prospice,
825 2351 1000 2395 attende
1035 2350 1151 2394 unde
1183 2350 1367 2411 quisque
1402 2351 1548 2415 vivat,
1574 2350 1692 2395 unde
1714 2367 1758 2396 se

371 2426 591 2483 transigat,
617 2423 734 2468 unde
752 2424 932 2467 habeat:
952 2439 1041 2467 non
1064 2421 1410 2481 reprehendetur
1430 2422 1511 2465 ista
1533 2422 1757 2466 curiositas

421 2530 427 2544 ¹
450 2525 521 2554 Luc.
540 2533 601 2561 xvi,
616 2532 648 2563 9,
666 2538 708 2542 -
732 2527 744 2542 ²
764 2520 862 2551 Matth
891 2531 924 2559 x,
941 2518 996 2560 41,
1014 2518 1066 2560 [42.
1089 2536 1128 2540 --
1152 2516 1164 2540 3
1187 2517 1297 2560 Philip.
1319 2529 1364 2559 w,
1389 2528 1438 2558 17.
1453 2535 1492 2540 -
1507 2517 1523 2547 4
1542 2519 1606 2550 Luc
1638 2530 1679 2560 vi,
1700 2519 1752 2550 30.

373 2576 444 2600 -5
470 2577 547 2608 Psal.
567 2588 616 2614 11,
635 2586 668 2607 2.
