1848 3261
464 205 706 239 ENARRAuo
737 210 785 238 nv
815 205 1018 237 PsALMUM
1048 208 1157 237 cmx.
1410 196 1493 243 559

116 272 197 318 ista
218 273 400 319 dicimus
426 293 436 321 t
460 291 562 320 nam
583 284 787 337 quaerunt
804 284 846 319 et
867 275 1126 320 mortificare
1144 289 1237 319 nos.
1263 277 1495 335 Apparue-

116 354 219 389 runt
235 361 347 405 saepe
368 346 556 406 impetus
573 362 740 400 eorum,
759 354 1054 405 apparuerunt
1070 345 1254 389 insidiae.
1267 347 1379 390 Cum
1395 359 1496 403 ergo

115 415 230 459 inter
250 416 424 461 insidias
446 417 620 462 illorum
636 417 838 471 vivimus⁹
864 425 907 460 et
928 416 1087 476 quibus
1109 415 1290 460 dicimus
1314 434 1322 460 z
1343 419 1496 460 Amate

116 502 267 546 pacem
286 523 296 542 ‚
328 488 610 533 adversantur
645 488 771 532 nobis
796 506 804 532 :
841 503 987 532 nonne
1018 503 1101 532 vox
1124 487 1204 530 ista
1238 496 1380 531 nostra
1404 495 1494 531 est:

121 576 140 599 «
176 560 288 602 Cum
311 559 375 603 his
398 559 473 619 qui
499 559 684 604 oderunt
707 574 858 618 pacem
873 594 884 613 ,
905 573 1023 602 eram
1043 557 1276 617 pacificus?
1297 559 1409 602 Cum
1429 556 1501 601 lo-

120 645 140 667 »
175 644 331 688 querer
351 628 434 672 illis
450 664 460 684 ,
481 628 759 673 debellabant
781 643 850 672 me
883 629 1027 687 gratis.
1059 646 1078 669 »
1100 628 1217 680 Quid
1237 637 1301 690 est
1322 636 1468 671 autem
1485 660 1499 682 ‚

116 695 269 742 fratres
285 733 296 753 ‚
327 718 344 738 «
372 697 660 743 Debellabant
680 700 785 742 me?
808 718 825 740 »
851 701 908 743 Et
926 713 1080 758 parum
1103 706 1222 753 erat,
1249 697 1282 741 si
1311 713 1398 741 non
1419 695 1501 740 ad-

118 768 265 823 deret,
291 788 308 809 «
335 770 490 814 Gratis.
517 790 534 811 »
558 770 726 822 Quibus
750 768 933 813 dicimus
960 788 968 814 :
1001 772 1155 813 Amate
1172 784 1340 828 pacem,
1357 768 1504 813 Chris-

117 847 212 881 tum
232 848 385 882 amate.
411 839 638 899 Numquid
659 839 842 883 dicimus
867 857 877 883 z
902 842 1054 883 Amate
1084 848 1126 883 et
1154 839 1365 883 honorate
1388 838 1502 882 nos?

121 908 207 952 Sed
226 944 237 964 ‚
279 912 499 954 Honorate
526 909 761 955 Christum.
793 912 879 955 Nos
912 909 1116 954 nolumus
1152 908 1386 960 honorari,
1427 906 1503 952 sed

120 978 259 1023 illum.
285 982 394 1024 Nam
424 995 502 1024 nos
532 979 640 1040 quid
669 996 817 1024 sumus
840 979 894 1024 ad
919 979 1161 1039 apostolum
1187 978 1400 1023 Paulum?
1417 977 1503 1031 Qui

120 1058 265 1093 tamen
289 1048 461 1093 dicebat
487 1049 570 1094 illis
602 1049 790 1109 parvulis
807 1086 817 1105 ,
850 1066 958 1110 quos
981 1049 1083 1093 mali
1112 1049 1308 1093 homines
1335 1058 1378 1092 et
1401 1047 1504 1091 mali

120 1135 313 1164 suasores
331 1119 564 1180 praecide-re
583 1121 635 1164 ab
654 1122 820 1165 unitate
835 1122 881 1164 in
900 1121 1125 1164 schismata
1147 1119 1377 1163 volebant:
1396 1117 1504 1178 quid

122 1191 180 1234 eis
202 1191 373 1235 dicebat
393 1191 496 1235 ille?
528 1212 548 1233 «
571 1191 796 1251 Numquid
819 1191 977 1235 Paulus
1005 1207 1084 1250 pro
1121 1190 1242 1234 vobis
1274 1190 1504 1234 crucifixus

122 1271 207 1316 est,
243 1271 318 1306 aut
344 1262 389 1305 in
417 1262 592 1305 nomine
619 1262 741 1306 Pauli
767 1262 970 1321 baptizati
993 1262 1091 1305 estis
1108 1262 1151 1302 ¹?
1181 1282 1198 1302 »
1231 1263 1325 1305 Hoc
1362 1269 1404 1303 et
1427 1274 1506 1304 nos

122 1331 304 1376 dicimus
331 1351 340 1376 ε
369 1336 523 1376 Amate
542 1348 709 1392 pacem,
726 1342 866 1376 amate
886 1332 1123 1377 Christum.
1153 1331 1195 1375 Si
1220 1331 1335 1374 enim
1359 1338 1507 1374 amant

122 1419 294 1463 pacem,
320 1404 539 1448 Christum
564 1413 725 1447 amant.
751 1406 862 1449 Cum
887 1418 987 1461 ergo
1010 1403 1194 1447 dicimus
1218 1421 1227 1446 :
1259 1406 1412 1446 Amate
1433 1417 1507 1461 pa-

123 1489 218 1518 cem
247 1494 255 1518 ;
286 1474 370 1518 hoc
392 1474 576 1518 dicimus
612 1493 622 1519 2
653 1478 806 1518 Amate
838 1474 1074 1519 Christum.
1107 1475 1280 1526 Quare?
1308 1474 1416 1526 Quia
1452 1472 1507 1515 de

124 1545 296 1590 Christo
320 1545 378 1589 ait
396 1544 628 1604 Apostolus
656 1564 663 1589 :
694 1565 710 1585 «
740 1548 836 1604 Ipse
857 1554 921 1588 est
942 1545 1057 1587 enim
1075 1559 1156 1603 pax
1180 1553 1324 1587 nostra
1346 1542 1421 1603 qui
1438 1543 1507 1586 fe-

130 1636 147 1656 »
183 1615 242 1659 cit
264 1624 448 1675 utraque
473 1618 653 1659 unum'2.
686 1636 702 1654 »
732 1614 774 1658 Si
796 1630 898 1672 ergo
923 1614 1118 1659 Christus
1149 1612 1246 1657 ideo
1267 1629 1372 1672 pax,
1405 1612 1509 1672 quia

125 1683 228 1728 fecit
247 1694 431 1745 utraque
454 1700 614 1739 unum,
640 1699 773 1744 quare
791 1699 866 1727 vos
889 1683 943 1727 de
965 1699 1053 1727 uno
1076 1682 1233 1727 fecistis
1256 1682 1508 1735 duo?Qu0-

126 1755 258 1799 modo
280 1771 382 1814 ergo
400 1755 568 1814 pacifici
592 1754 690 1798 estis
705 1789 715 1809 ,
736 1763 785 1797 ut
806 1768 905 1798 cum
928 1753 1124 1798 Christus
1146 1752 1276 1797 faciat
1297 1769 1436 1796 unum
1454 1753 1508 1797 de

128 1824 299 1869 duobus
317 1859 327 1879 ,
353 1840 426 1868 vos
446 1825 611 1868 faciatis
633 1823 687 1867 de
714 1840 800 1867 uuo
819 1823 937 1867 duo?
963 1823 1046 1868 Sed
1069 1824 1170 1882 quia
1192 1824 1284 1867 haec
1307 1823 1506 1878 dicimus,

128 1911 228 1940 cum
250 1895 315 1938 his
338 1895 414 1954 qui
441 1894 628 1939 oderunt
647 1909 799 1954 pacem
822 1909 969 1938 sumus
991 1893 1159 1953 pacifici
1187 1913 1195 1938 :
1217 1903 1260 1937 et
1280 1902 1426 1937 tamen
1447 1892 1511 1937 illi

129 1967 205 2026 qui
237 1966 425 2010 oderunt
452 1981 602 2026 pacem
625 2001 635 2021 ,
677 1981 777 2009 cum
804 1964 1082 2026 loqueremur
1111 1965 1192 2020 eis,
1231 1964 1513 2019 debellabant

130 2053 208 2082 nos
232 2037 375 2095 gratis.

179 2141 187 2158 ¹
213 2146 225 2166 1
247 2136 361 2176 Cor.1‚
385 2134 437 2167 13.
462 2151 503 2157 —
522 2141 534 2157 ²
550 2134 665 2177 EpheS.
684 2144 722 2174 11,
744 2131 794 2174 14.

421 2361 524 2393 FINIS
548 2361 645 2392 TOMI
671 2358 882 2392 CENTESIMI
907 2358 1225 2392 DECIMI-OCTAYI.
