1848 3261
353 221 437 259 218
782 232 817 263 s.
851 233 1083 265 Auens-nm
1113 235 1296 263 muscum

355 304 503 339 autem
513 296 636 357 quod
648 298 856 344 diximus:
872 301 1036 346 «Visita
1053 315 1147 355 ηοε,
1167 309 1218 344 ut
1230 298 1454 343 videamus
1474 298 1521 342 in
1536 298 1734 343 bonitate

358 384 378 408 »
413 365 651 424 electorum
669 378 845 414 tuorum
860 406 870 426 ‚
896 381 939 415 et
957 371 1158 416 laetemur
1180 371 1227 415 in
1244 369 1394 414 laetitia
1411 370 1547 427 gentis
1571 378 1681 427 tuae3
1707 387 1730 411 »

355 448 669 498 consequenter
688 439 821 485 et'hic
845 442 930 485 dici
952 442 1105 485 debuit
1122 461 1129 485 :
1156 461 1176 482 «
1199 443 1255 485 Ut
1275 439 1504 484 laudemur
1521 455 1622 484 cum
1642 440 1735 483 hae-

358 526 378 549 >›
414 508 597 554 reditate
620 520 714 556 tua:
744 531 760 552 »
783 512 852 555 cui
870 513 1113 557 haereditati
1135 512 1303 556 dictum
1319 521 1383 555 est
1403 530 1411 556 ε
1437 530 1458 554 «
1479 510 1737 555 Laudamini

358 596 380 621 »
415 580 461 623 in
490 582 667 625 nomine
693 592 841 627 sancto
864 584 997 643 ejus1.
1026 603 1046 625 »
1074 587 1208 627 Porro
1236 592 1381 627 autem
1409 582 1616 642 quoniam
1642 581 1738 625 haec

358 648 562 707 ambigua
580 649 751 695 videtur
762 652 949 710 locutio3
971 653 1004 697 si
1025 669 1151 697 verus
1174 662 1237 697 est
1258 653 1336 696 iste
1359 667 1521 707 sensus,
1545 666 1634 711 quo
1651 666 1740 694 ma-

357 719 536 763 luerunt
568 720 824 780 interpretes
854 723 996 767 dicere
1023 743 1032 768 ;
1061 743 1082 765 «
1105 726 1162 768 Ut
1191 722 1380 767 lauderis
1408 738 1417 763 ι
1446 740 1467 764 »
1492 722 1623 766 etiam
1650 720 1740 765 duo

357 804 504 834 versus
525 791 766 850 superiores
787 793 844 837 ita
868 793 1138 851 intelligendi
1155 803 1284 851 sunt3
1303 793 1406 854 quia
1423 828 1434 848 ‚
1460 802 1510 837 ut
1531 791 1634 847 dixi,
1653 806 1742 835 una

357 869 422 903 est
443 860 488 903 in
515 861 580 905 his
602 862 740 906 tribus
762 864 956 908 versibus
979 880 1119 923 graeca
1140 864 1304 909 locutio
1322 885 1330 908 z
1354 873 1403 908 ut
1418 865 1502 908 hoc
1523 872 1667 908 totum
1682 862 1743 906 ita

358 929 525 974 dictum
540 933 799 992 accipiatur:
820 954 839 976 «
857 935 990 979 Visita
1006 951 1084 979 nos
1101 935 1145 978 in
1167 935 1343 979 salutari
1357 944 1450 989 tuo,
1466 943 1517 978 ut
1536 932 1683 977 videas
1698 933 1743 976 in

360 1019 381 1042 >›
416 1002 612 1046 bonitate
630 1004 869 1048 electorum
891 1015 1085 1060 tuorum,
1111 1024 1130 1047 >2
1151 1005 1197 1049 id
1219 1015 1298 1059 est,
1322 1006 1376 1049 ad
1398 1006 1483 1049 hoc
1500 1020 1578 1049 nos
1599 1003 1740 1058 visita,

356 1081 407 1116 ut
430 1071 517 1116 illic
540 1088 618 1117 nos
640 1089 729 1118 esse
751 1073 879 1118 facias
898 1110 908 1130 ,
928 1084 972 1119 et
993 1075 1081 1119 ill-ie
1098 1091 1176 1119 nos
1193 1074 1338 1119 videas
1364 1094 1373 1119 z
1399 1093 1419 1116 «
1441 1077 1498 1118 Ut
1520 1073 1678 1117 laeteris
1698 1073 1745 1116 in

358 1140 509 1186 laetitia
528 1144 666 1202 gentis
688 1153 790 1199 tuae,
811 1144 856 1188 id
877 1155 956 1199 est,
975 1155 1023 1188 tu
1047 1145 1199 1188 dicaris
1214 1145 1368 1200 laetari‚
1385 1159 1486 1188 cum
1505 1143 1567 1188 illi
1589 1144 1745 1187 laetan-

359 1222 432 1257 tur
454 1229 506 1257 ex
522 1224 585 1259 te:
611 1235 631 1257 «
656 1218 712 1259 Ut
725 1215 913 1260 lauderis
936 1232 1036 1261 cum
1058 1216 1312 1260 haereditate
1334 1225 1426 1270 tua,
1447 1235 1466 1257 »
1484 1215 1530 1259 id
1547 1225 1625 1269 est,
1645 1230 1746 1259 cum

361 1299 410 1327 ea
437 1283 625 1328 lauderis
641 1321 652 1339 ,
677 1287 883 1345 quoniam
914 1302 1003 1330 non
1026 1285 1231 1329 laudatur
1253 1286 1333 1329 nisi
1356 1295 1533 1345 propter
1555 1294 1612 1328 te.
1651 1284 1748 1329 Sive

363 1370 465 1414 ergo
493 1355 570 1400 illo
586 1392 597 1411 ‚
627 1357 715 1400 sive
736 1358 818 1401 isto
845 1357 978 1401 modo
1001 1356 1335 1414 intelligendum
1356 1358 1410 1400 sit
1430 1356 1552 1416 quod
1581 1355 1748 1399 dictum

362 1435 454 1470 est:
481 1446 501 1468 «
517 1425 587 1470 Ad
606 1427 864 1481 videndum,
890 1427 945 1472 ad
966 1427 1222 1481 laetandum,
1249 1427 1303 1471 ad
1326 1426 1623 1471 laudandum:
1648 1426 1749 1470 ideo

362 1512 406 1541 se
429 1506 584 1557 optant
603 1498 763 1542 visitari
780 1499 825 1542 in
846 1499 1023 1543 salutari
1041 1499 1132 1552 Dei,
1153 1499 1199 1542 id
1220 1508 1298 1552 est,
1320 1499 1366 1541 in
1382 1497 1556 1543 Christo
1576 1498 1683 1557 ejus,
1699 1505 1750 1541 ut

365 1582 455 1611 non
477 1567 722 1612 alienentur
743 1584 767 1612 a
781 1569 953 1628 ‘populo
973 1570 1081 1628 ejus,
1105 1578 1148 1613 et
1163 1569 1218 1612 ab
1241 1570 1299 1612 eis
1318 1568 1362 1611 in
1375 1568 1535 1628 quibus
1547 1567 1751 1626 benepla-

362 1638 501 1682 citum
517 1648 580 1682 est
598 1642 703 1683 Deo.

423 1712 501 1753 VI.
518 1710 636 1763 Quid
649 1719 795 1755 autem
809 1710 1012 1770 deinceps
1024 1711 1331 1764 confiteantur,
1347 1709 1595 1754 audiamus:
1611 1728 1629 1751 «
1648 1712 1752 1753 Pec-

366 1801 388 1824 υ
424 1782 618 1826 cavimus
639 1797 740 1826 curn
757 1782 954 1841 patribus
975 1782 1153 1836 nostris,
1174 1782 1332 1842 injuste
1350 1782 1531 1841 egimus,
1546 1781 1752 1840 iniquita-

370 1871 390 1894 »
426 1861 515 1896 tem
536 1851 718 1896 fecimus
732 1855 763 1896 ².
787 1873 804 1893 »
821 1852 938 1905 Quid
956 1862 1042 1896 est:
1064 1872 1083 1893 «
1101 1854 1212 1896 Cum
1230 1852 1427 1911 patribus
1449 1851 1630 1896 nostris?
1646 1870 1665 1892 »
1681 1854 1752 1896 An

370 1923 482 1967 sicut
495 1923 630 1967 habet
646 1922 840 1982 Epistola
862 1922 918 1967 ad
942 1923 1164 1976 Hebraeos,
1193 1922 1295 1982 quia
1317 1931 1360 1965 et
1377 1921 1479 1966 Levi
1495 1937 1595 1966 cum
1609 1922 1752 1966 Abra-

367 1993 471 2036 ham
490 1992 727 2037 decimatus
745 2002 809 2037 est
823 2028 833 2047 ‚
858 1993 1066 2052 quoniam
1087 1993 1133 2036 in
1153 1992 1312 2036 lumbis
1335 1993 1425 2051 ejus
1443 1990 1525 2036 fuit
1541 2027 1551 2047 ,
1574 1991 1752 2052 quando

369 2063 556 2108 decimas
574 2062 694 2107 dedit
716 2063 930 2107 sacerdoti
948 2062 1312 2119 Melchisede0h33
1332 2063 1390 2106 sic
1404 2072 1446 2106 et
1464 2063 1535 2107 isti
1547 2077 1754 2122 peccave-

369 2144 474 2178 runt
485 2150 587 2178 cum
601 2134 796 2193 patribus
810 2134 912 2188 suis,
923 2134 970 2176 in
984 2148 1171 2193 quorum
1182 2132 1340 2176 lumbis
1350 2142 1487 2187 erant,
1500 2131 1678 2192 quando
1690 2132 1753 2176 illi

369 2206 415 2249 in
437 2208 630 2265 AEgypto
655 2203 865 2248 suerunt?
887 2207 996 2248 Nam
1017 2204 1093 2263 qui
1121 2203 1301 2247 fuerunt
1328 2219 1379 2247 eo
1405 2212 1600 2262 tempore
1615 2238 1626 2257 ,
1651 2218 1753 2247 cum

370 2275 564 2320 Psalmus
586 2276 666 2319 iste
695 2277 962 2334 conscriptus
984 2284 1046 2318 est
1063 2309 1074 2329 ,
1099 2274 1372 2333 maximeque
1395 2274 1555 2333 posteri
1572 2289 1722 2318 eorum
1737 2309 1750 2328 ‚

369 2348 500 2408 (quia
520 2346 592 2390 vel
617 2345 673 2389 ab
699 2345 757 2389 eis
780 2346 856 2406 qui
882 2355 987 2389 tune
1011 2353 1133 2388 erant
1154 2343 1260 2398 dici,
1293 2344 1362 2387 vel
1395 2344 1448 2388 de
1471 2353 1569 2403 post
1595 2343 1753 2388 futuris

371 2419 516 2479 potuit
540 2417 789 2478 prophetari
804 2420 819 2475 )
834 2417 965 2475 longe
983 2416 1161 2460 aberant
1184 2415 1237 2458 ab
1253 2424 1380 2458 aetate
1397 2414 1571 2459 illorum
1585 2451 1596 2470 ,
1616 2415 1752 2474 quiin

374 2493 565 2550 AEgypto
580 2497 886 2549 peccaverunt,
906 2503 995 2532 non
1010 2486 1302 2545 intelligentes
1319 2486 1534 2530 mirabilia
1548 2486 1640 2530 Dei.
1659 2488 1754 2530 Hoc

422 2581 431 2596 ¹
455 2573 533 2606 Psal.
550 2584 617 2615 etv,
636 2573 666 2605 3.
689 2589 731 2596 —-
746 2579 759 2595 ²
784 2572 832 2604 ld.
850 2582 902 2612 cv,
920 2571 952 2604 6.
974 2587 1015 2595 —-
1032 2569 1045 2594 3
1060 2570 1159 2603 Hebr.
1178 2581 1235 2609 vn,
1257 2580 1346 2602 1-10.
