1848 3261
387 234 470 276 532
823 243 857 272 s.
892 241 1123 273 Amissum
1155 243 1336 273 Emscom

388 330 409 354 »
443 324 535 356 non
555 323 652 356 sum
675 307 836 355 oblitus
852 311 882 354 ².
900 328 920 351 »
942 311 1036 354 Hoc
1056 309 1153 354 loco
1171 307 1336 354 nullam
1358 307 1436 354 Dei
1457 307 1596 368 legem
1616 322 1770 354 conve-

383 381 574 426 nientius
596 380 880 439 intelligimus
895 415 906 434 ,
931 380 1012 424 nisi
1034 395 1120 440 qua
1142 379 1425 425 immobiliter
1441 379 1575 423 fixum
1600 388 1664 424 est
1682 413 1694 434 ,
1720 386 1771 422 ut

384 451 524 497 omnis
545 451 620 512 qui
642 466 686 495 se
705 449 864 494 exaltat
883 484 893 504 ,
918 450 1174 495 humilietur
1195 471 1205 508 3
1232 459 1276 495 et
1296 450 1435 495 omnis
1457 450 1534 510 qui
1556 466 1600 494 se
1620 449 1770 493 humi-

383 524 460 569 liat
476 559 487 580 ,
512 523 763 568 exaltetur&
793 520 1015 581 Superbus
1033 537 1133 581 ergo
1155 521 1305 578 malis,
1332 531 1383 566 ut
1404 520 1660 566 humilietur
1676 555 1687 577 ‚
1706 520 1772 565 in-

383 594 599 650 nectiturg
618 590 794 636 humilis
811 608 833 636 a
856 589 979 635 malis
995 626 1006 646 ,
1031 601 1082 636 ut
1103 591 1341 648 exaltetur,
1368 592 1563 652 eripitur.

442 667 499 709 ΙΙ.
523 684 543 706 «
564 662 736 718 Judica,
761 662 928 723 inquit,
947 661 1160 722 judicium
1183 678 1346 718 meum,
1373 671 1416 707 ct
1438 661 1602 706 redime
1623 662 1769 705 me³.»

384 735 588 796 Superior
610 733 802 794 quodam
825 732 957 778 niodo
980 733 1192 779 sententia
1213 735 1395 794 repetita
1412 742 1490 779 est.
1513 733 1639 787 Quod
1658 732 1774 777 enim

381 807 441 852 ait
467 825 476 852 z
506 825 526 848 «
552 804 664 849 Vide
680 803 970 848 humilitatem
991 820 1160 862 meam3
1187 823 1208 846 n
1234 804 1317 850 hoc
1335 813 1419 860 est,
1443 824 1465 848 «
1489 802 1642 849 Judica
1654 801 1777 863 judi-

384 897 404 921 »
440 877 558 923 cium
580 891 728 920 meum
755 894 763 920 :
792 892 813 916 ·»
840 883 884 919 et
902 875 1024 936 quod
1045 876 1131 920 ait:
1155 895 1177 918 «
1197 878 1254 920 Et
1275 876 1393 936 eripe
1416 891 1485 920 me
1506 896 1517 934 3
1545 894 1566 918 »
1590 875 1675 920 hoc
1692 882 1772 929 est,

385 968 406 992 «
442 951 498 993 Et
520 947 683 992 redime
706 961 790 990 me.
818 964 838 988 »
869 946 1000 1001 Quod
1019 961 1122 991 vero
1145 962 1275 1006 supra
1297 945 1466 991 dictum
1488 955 1552 991 est
1580 965 1589 992 ι
1618 965 1639 988 «
1664 944 1777 999 Quia

385 1039 406 1062 »
441 1019 583 1079 legem
616 1027 737 1063 tuam
769 1033 859 1063 non
895 1033 991 1063 sum
1028 1017 1191 1062 oblitus
1217 1036 1227 1063 ε
1259 1036 1278 1059 »
1304 1018 1409 1063 huic
1428 1017 1633 1077 congruit
1654 1014 1778 1076 quod

382 1089 497 1136 infra
514 1097 604 1144 est,
635 1108 654 1132 «
682 1092 864 1148 Propter
886 1087 1111 1150 eloquium
1139 1098 1263 1133 tuum
1285 1088 1457 1134 vivifica
1473 1103 1560 1132 me.
1584 1106 1605 1129 »
1627 1090 1778 1147 Ipsum

385 1161 502 1220 enim
526 1159 752 1219 eloquium
780 1168 844 1204 est
875 1159 945 1203 lex
972 1159 1050 1204 Dei
1070 1193 1081 1214 ,
1107 1173 1238 1219 quam
1256 1174 1346 1203 non
1368 1167 1431 1204 est
1453 1158 1614 1204 oblitus
1630 1193 1641 1213 ‚
1661 1166 1712 1202 ut
1733 1171 1778 1201 se

389 1229 646 1277 exaltandus
682 1229 947 1274 humiliaret.
974 1229 1043 1274 Ad
1067 1229 1203 1289 ipsam
1226 1244 1329 1274 vero
1351 1229 1655 1274 exaltationem
1676 1243 1780 1288 per-

387 1304 500 1348 tinet
521 1299 643 1362 quod
661 1299 720 1344 ait
745 1318 754 1345 :
785 1318 807 1342 «
823 1299 1006 1345 Vivifica
1027 1315 1098 1344 me
1116 1321 1128 1359 3
1146 1319 1167 1342 »
1187 1300 1290 1361 quia
1306 1310 1556 1346 sanctorum
1577 1298 1779 1345 exaltatio

384 1375 472 1420 vita
497 1381 661 1418 aeterna
680 1381 758 1416 est.

447 1447 562 1489 HL«
581 1447 729 1501 Longe
751 1452 830 1496 est,
848 1442 1007 1502 inquit,
1033 1458 1056 1486 a
1079 1443 1383 1502 peccatoribus
1405 1442 1548 1501 salus3
1571 1443 1673 1504 quia
1686 1443 1781 1504 jus—

389 1535 412 1559 »
447 1514 706 1559 tifieationes
724 1521 818 1557 tuas
832 1528 922 1557 non
939 1511 1309 1573 exquisie1·unt⁴.»
1322 1513 1428 1567 Quis
1439 1513 1555 1557 enim
1570 1522 1613 1558 te
1625 1513 1781 1558 discer-

388 1586 456 1631 nit
471 1621 482 1641 ,
508 1601 534 1630 o
556 1594 622 1641 tu,
648 1584 725 1644 qui
747 1583 889 1628 dixisti
913 1602 921 1628 z
947 1602 966 1625 «
985 1586 1134 1641 Longe
1149 1592 1250 1627 esta
1270 1584 1572 1643 peccatoribus
1595 1582 1739 1628 salus?
1754 1602 1776 1627 n

389 1657 496 1711 Quis
524 1666 566 1700 te
588 1654 794 1699 discernit
816 1670 839 1698 a
861 1653 1187 1713 peccatoribus,
1213 1663 1264 1698 ut
1289 1671 1379 1699 non
1408 1671 1431 1700 a
1455 1664 1497 1699 te
1523 1654 1652 1714 longe
1669 1689 1681 1711 ‚
1706 1653 1782 1699 sed

390 1739 536 1773 tecum
571 1727 624 1771 sit
659 1725 804 1770 salus?
834 1727 928 1769 Hoc
958 1734 1001 1768 te
1023 1740 1181 1784 nempe
1203 1723 1430 1781 discernit,
1457 1727 1559 1787 quia
1580 1725 1625 1770 id
1661 1725 1783 1787 quod

389 1799 461 1843 isti
482 1813 573 1842 non
595 1805 801 1856 egerunt,
826 1795 916 1855 ipsc
938 1794 1104 1851 fecisti,
1130 1796 1214 1840 hoc
1237 1805 1301 1840 est
1317 1831 1328 1851 ,
1356 1796 1433 1841 Dei
1453 1797 1782 1857 justificationes

392 1868 629 1930 exquisisti.
661 1888 680 1910 «
713 1867 825 1921 Quid
863 1875 1008 1911 autem
1035 1867 1171 1911 habes
1205 1866 1326 1927 quod
1348 1883 1438 1912 non
1475 1868 1733 1928 accepisti5'?
1758 1887 1778 1910 »

391 1945 547 1988 Nonne
579 1950 628 1985 tu
657 1955 700 1984 es
723 1939 799 1999 qui
832 1938 963 1998 paulo
987 1947 1088 1983 ante
1111 1937 1282 1983 dicebas
1309 1958 1318 1984 ε
1348 1958 1368 1981 (ι
1393 1938 1587 1984 clamavi
1615 1939 1660 1984 in
1689 1949 1782 1985 toto

396 2032 418 2055 »
454 2010 584 2057 corde
609 2026 707 2055 meo
726 2045 737 2065 ‚
768 2008 922 2053 exaudi
953 2025 1047 2065 me,
1087 2010 1298 2065 Domine,
1327 2010 1659 2071 justificationes
1688 2020 1783 2056 tuas

397 2103 418 2127 »
454 2083 711 2143 exquiram?
745 2100 765 2122 υ
791 2084 908 2140 Ergo
940 2081 994 2125 ab
1030 2080 1106 2126 illo
1135 2081 1190 2126 ad
1218 2096 1350 2142 quem
1377 2081 1600 2138 clamasti,
1636 2092 1687 2127 ut
1714 2098 1784 2127 eas

395 2154 641 2216 exquireres
662 2152 875 2212 accepisti.
891 2155 987 2212 Ipse
1011 2161 1053 2197 te
1073 2153 1206 2212 igitur
1227 2152 1433 2197 discernit
1455 2152 1510 2197 ab
1533 2154 1608 2209 eis,
1635 2170 1657 2198 a
1681 2154 1783 2214 qui-

395 2229 479 2273 bus
496 2235 726 2287 propterea
741 2224 872 2284 longe
890 2233 953 2269 est
974 2223 1104 2281 salus,
1123 2224 1226 2285 quia
1243 2225 1575 2285 justificationes
1599 2226 1677 2270 Dei
1694 2241 1784 2271 non

396 2297 708 2358 exquisierunt.

455 2365 658 2413 IV.Vidit
672 2366 756 2410 hoc
770 2365 899 2409 etiarn
913 2365 1021 2425 ipse2
1030 2368 1181 2426 Neque
1198 2366 1314 2410 enim
1333 2381 1411 2424 ego
1426 2367 1471 2411 id
1484 2366 1692 2420 viderem,
1705 2367 1786 2412 nisi

397 2441 444 2484 in
465 2440 557 2499 ipso
579 2438 795 2491 viderem7
816 2436 897 2481 nisi
924 2437 969 2480 in
991 2438 1085 2497 ipso
1107 2452 1257 2482 essem.
1272 2439 1474 2498 Corporis
1494 2438 1609 2483 enim
1624 2439 1785 2483 Christi

446 2543 453 2560 ¹
478 2535 559 2568 Psal.
580 2545 690 2576 cxvm,
714 2534 786 2567 153.
803 2550 845 2556 -
864 2540 876 2556 ²
896 2535 970 2566 Luc.
993 2545 1059 2575 xiv,
1083 2545 1134 2576 ιι,
1158 2540 1189 2567 et
1208 2546 1300 2577 xvm,
1323 2535 1373 2577 14.
1394 2533 1462 2559 ——3
1481 2535 1560 2569 Psal.
1579 2547 1691 2578 cxvm,
1708 2535 1783 2580 154.

401 2609 440 2615 -
460 2591 474 2622 4
498 2591 566 2623 lbi-l
600 2590 672 2622 155.
690 2586 758 2611 —5
788 2600 797 2620 ι
822 2590 893 2621 Cor.
911 2600 955 2630 iv,
976 2599 1006 2632 7.
