1848 3261
414 224 656 256 ENARRATIO
688 229 734 255 m
765 222 969 256 PsALMUM
999 227 1082 254 ειν.
1370 214 1452 255 205

127 295 269 338 XXX.
294 292 482 338 Proinde
494 295 585 354 jam
607 293 712 338 dicit
731 329 742 349 ‚
765 308 864 353 quae
889 292 971 336 iter
992 290 1222 350 agentibus
1241 291 1288 335 in
1308 307 1453 337 eremo

68 363 281 409 beneficia
301 363 447 409 divina
468 364 625 409 collata
656 373 773 409 sunt.
798 381 819 405 «
843 362 1066 422 Expandit
1085 360 1246 405 nubem
1279 361 1325 405 in
1351 377 1454 421 pro-

70 451 92 476 »
112 434 344 479 tectionem
362 450 529 490 eorum,
548 444 591 479 et
608 435 752 493 ignem
769 442 819 478 ut
834 433 1000 477 luceret
1022 432 1080 476 eis
1101 447 1178 492 per
1199 440 1374 477 noctem
1390 434 1449 476 ¹.»

70 508 174 551 Tam
196 515 298 550 sunt
316 506 411 551 haec
433 504 661 551 manifesta
679 540 690 562 ‚
716 520 849 565 quam
871 512 990 549 nota.

123 578 290 621 XXXI.
316 595 336 618 «
358 576 582 621 Petierunt
603 585 647 620 et
672 575 792 620 venit
819 574 1060 620 coturnix&
1090 591 1111 615 »
1137 575 1235 619 Non
1255 573 1455 618 coturni-

64 661 159 691 cem
191 647 564 706 concupiverunt,
600 645 676 691 sed
707 661 872 691 carnes.
911 646 1022 699 Quia
1045 660 1149 689 vero
1178 654 1222 689 et
1254 644 1456 689 coturnix

65 733 165 762 caro
187 726 251 762 est
267 753 278 773 ‚
306 726 350 762 et
378 719 423 762 in
442 718 523 763 isto
545 716 717 762 Psalmo
739 733 830 762 non
851 717 1047 777 loquitur
1073 715 1127 760 de
1149 716 1455 761 amaricatione

63 787 239 833 illorum
253 823 264 844 ‚
282 787 329 832 in
350 788 509 848 quibus
530 804 621 833 non
643 798 707 833 est
726 787 1052 848 beneplacitum
1074 790 1181 842 Deo,
1199 786 1275 831 sed
1297 786 1351 831 de
1369 785 1455 831 fide

64 859 301 904 electorum
317 895 327 915 ‚
349 860 470 920 quod
491 869 554 904 est
574 875 729 904 verum
751 875 899 904 semen
920 859 1134 904 Abrahae3
1157 878 1165 902 :
1192 859 1272 918 ipsi
1293 858 1456 903 intelli-

64 930 195 989 gendi
224 939 326 974 sunt
352 931 507 990 petisse
539 939 590 974 ut
610 930 778 974 veniret
797 965 808 985 ‚
838 929 958 974 unde
980 928 1309 973 amaricantium
1332 945 1455 973 mur-

62 1016 163 1045 mur
179 999 510 1062 op'primeretur.
537 1004 633 1046 Jam
657 1002 703 1045 in
724 1017 851 1046 versu
871 1001 946 1060 qui
969 1001 1165 1060 sequitur
1188 1019 1195 1045 :
1222 1019 1242 1042 «
1267 1003 1323 1044 Et
1343 1015 1456 1060 pane

64 1087 85 1113 »
121 1071 222 1116 coeli
239 1072 444 1116 saturavit
461 1087 548 1127 eos,
569 1089 589 1112 »
610 1087 771 1115 manna
794 1070 974 1130 quidem
996 1086 1084 1114 non
1106 1070 1361 1126 nominavit,
1380 1070 1456 1115 sed

61 1140 172 1186 nulli
194 1143 429 1187 obscurum
448 1151 512 1185 est
531 1141 607 1201 qui
628 1139 720 1184 illas
742 1140 908 1184 litteras
930 1140 1051 1198 legit.

119 1215 309 1256 XXXII.
343 1232 361 1254 «
394 1212 588 1271 Disrupit
616 1220 782 1271 petram
802 1247 812 1267 ,
840 1221 883 1256 et
908 1212 1132 1256 fluxerunt
1157 1228 1307 1272 aquae,
1336 1214 1456 1257 abie-

65 1300 87 1325 »
123 1292 226 1327 runt
246 1283 293 1326 in
313 1283 425 1327 sicco
445 1282 673 1326 flumina&
701 1300 720 1324 »
748 1284 805 1327 Et
822 1283 906 1327 hoc
924 1281 1090 1328 factum
1114 1292 1200 1327 tam
1224 1284 1310 1328 cito
1331 1284 1454 1328 intel-

60 1353 209 1412 ligitur
226 1388 236 1407 ,
262 1369 393 1414 quam
417 1352 591 1411 legitur.

117 1426 330 1467 XXXIII.
354 1423 429 1467 His
446 1436 593 1466 autem
615 1422 818 1466 omnibus
835 1422 1056 1468 beneficiis
1072 1424 1178 1478 suis,
1201 1427 1314 1469 Deus
1338 1441 1454 1470 com-

60 1493 238 1538 mendat
268 1494 314 1536 in
351 1493 573 1538 Abraham
610 1492 815 1536 meritum
846 1492 947 1537 fidei
977 1513 985 1538 ;
1023 1495 1226 1554 Sequitur
1248 1495 1385 1551 enim,
1410 1505 1453 1540 et

59 1564 166 1610 dicit
187 1582 195 1606 :
227 1585 246 1607 «
269 1565 481 1618 Quoniam
505 1578 672 1607 memor
698 1563 785 1608 fuit
811 1564 932 1608 verbi
954 1566 1092 1609 sancti
1121 1566 1208 1621 sui,
1235 1566 1355 1626 quod
1375 1567 1453 1610 ha-

61 1653 83 1677 »
118 1635 215 1680 buit
249 1634 303 1679 ad
335 1635 558 1679 Abraham
592 1649 778 1693 puerum
812 1650 955 1678 suum.
983 1638 1041 1680 Et
1063 1636 1211 1680 eduxit
1236 1636 1450 1696 populum

62 1724 82 1748 »
117 1721 246 1750 suum
267 1706 313 1749 in
336 1704 601 1749 exultatione
620 1739 630 1759 ‚
656 1713 699 1748 et
721 1704 881 1749 electos
904 1721 1003 1750 suos
1024 1706 1070 1750 in
1092 1706 1256 1751 laetitia.
1279 1726 1298 1747 η
1321 1707 1452 1761 Quod

60 1776 120 1822 ait
143 1796 151 1822 :
181 1796 201 1819 «
224 1775 440 1836 Populum
465 1791 591 1820 suum
610 1797 620 1831 3
643 1794 662 1816 »
685 1776 768 1819 hoc
790 1777 992 1836 repetivit
1011 1797 1020 1821 :
1043 1796 1059 1817 «
1084 1777 1256 1822 Electos
1275 1795 1372 1823 suos
1399 1797 1445 1823 z»

59 1856 104 1892 et
124 1846 244 1907 quod
271 1847 330 1890 ait
353 1865 362 1890 ε
395 1865 414 1887 α
441 1849 493 1889 In
516 1845 810 1902 exultatione3
841 1863 860 1886 »
883 1847 965 1890 hoc
990 1848 1190 1906 repetivit
1211 1867 1219 1892 ε
1247 1867 1267 1890 «
1294 1852 1345 1892 In
1367 1848 1447 1892 lae-

62 1936 82 1959 »
117 1918 226 1962 titia.
251 1920 309 1961 Et
339 1916 462 1960 dedit
482 1915 563 1959 illis
586 1916 781 1974 regiones
802 1917 1020 1974 gentium,
1046 1927 1089 1961 et
1109 1917 1280 1963 labores
1303 1935 1449 1979 popu-

60 2006 81 2030 »
116 1987 260 2033 lorum
277 1987 631 2048 possederuntfi.»
647 1985 775 2039 Quod
794 1996 909 2043 sunt,
926 1989 1171 2047 «Regiones
1189 1991 1380 2048 gentium
1399 2010 1444 2050 3»

57 2059 141 2103 hoe
172 2068 299 2113 sunt,
331 2077 351 2100 «
377 2058 567 2102 Labores
590 2057 854 2117 populorum
883 2077 892 2103 ε
916 2076 935 2100 »
963 2068 1005 2103 et
1022 2059 1144 2120 quod
1160 2061 1327 2105 dictum
1344 2071 1409 2107 est
1434 2081 1443 2107 :

61 2150 81 2173 «
117 2130 247 2175 Dedit
263 2128 374 2186 illis3
400 2147 420 2170 »
446 2130 530 2174 hoc
547 2129 778 2188 repetitum
797 2138 859 2173 est
876 2165 886 2184 ‚
913 2149 933 2172 «
958 2132 1261 2177 Possederunt.
1286 2151 1307 2176 »

115 2202 320 2245 XXXIV.
346 2203 403 2244 Et
431 2209 639 2260 tanquam
662 2215 955 2260 quaereremus
972 2236 982 2256 ‚
1013 2203 1082 2246 cui
1103 2202 1220 2248 bono
1242 2203 1321 2248 ista
1345 2205 1446 2250 data

56 2281 182 2325 sunt,
208 2286 263 2315 ne
282 2271 366 2315 hoc
383 2271 523 2330 ipsum
547 2279 776 2330 putaretur
799 2286 1018 2315 summum
1041 2272 1208 2317 bonum
1226 2275 1344 2334 quod
1366 2275 1445 2320 ista

55 2341 237 2386 felicitas
260 2356 404 2384 rerum
441 2339 744 2400 temporalium
766 2340 930 2400 populo
953 2342 1031 2386 Dei
1060 2342 1160 2387 data
1183 2353 1269 2401 est3
1300 2346 1442 2389 conti-

55 2428 145 2457 nuo
173 2427 267 2456 eam
290 2412 346 2455 ad
372 2410 491 2456 aliud
512 2410 686 2466 retulit,
722 2411 800 2454 ubi
822 2427 1042 2456 summum
1070 2413 1236 2459 bonum
1271 2425 1444 2475 oportet

105 2515 114 2531 ¹
136 2509 216 2540 Psal.
239 2519 311 2547 civ,
338 2509 390 2552 39.
413 2526 453 2531 —
477 2515 490 2531 ²
509 2508 592 2541 Ibid.
615 2506 655 2550 40
692 2525 731 2530 -
754 2505 767 2530 3
794 2519 805 2539 1
834 2508 905 2542 Cor.
928 2520 961 2552 x,
990 2509 1019 2542 5.
1041 2528 1081 2534 --
1107 2510 1441 2555 41>s221.c1v‚41.—

56 2564 169 2598 51bid.
192 2565 314 2609 42-42.
