1848 3261
250 203 493 239 nunu-rto
524 205 571 238 nv
601 205 805 239 asumma
835 208 1000 250 cxvm,
1034 208 1176 241 sumo
1209 210 1332 241 xxm.
1397 199 1483 241 495

103 291 126 317 »
159 288 230 318 me
258 274 305 319 in
334 283 475 333 terra3
495 289 576 334 ego
608 284 755 320 autem
786 291 876 320 non
907 274 1119 336 dereliqui
1140 277 1343 323 mandata
1372 287 1482 323 tua:

103 361 126 386 »
159 343 399 389 secundum
412 345 747 390 misericordiam
759 354 882 390 tuam
898 345 1068 390 vivifica
1086 362 1170 401 me,
1186 357 1229 392 et
1245 347 1484 393 custodiam

103 432 124 456 »
158 415 425 470 testimonia,
445 415 492 460 id
512 425 598 472 est,
623 416 827 473 martyria
849 415 933 460 oris
956 415 1036 460 tui.
1055 434 1076 457 »
1102 416 1189 461 Ubi
1209 417 1481 476 intelligitur,

99 483 133 529 si
154 484 246 544 ipse
274 500 361 531 non
387 485 579 531 vivificet
607 485 814 548 donando
851 485 1128 545 patientiam,
1160 496 1337 546 propter
1363 488 1484 548 quod

99 554 269 600 dictum
289 566 352 601 est
370 575 379 601 ε
408 575 428 599 «
454 559 505 600 In
526 565 667 601 vestra
682 557 889 615 patientia
908 555 1179 617 possidebitis
1201 557 1364 601 animas
1387 572 1484 601 ves-

100 642 122 667 »
157 629 268 670 tras¹
295 646 304 671 :
329 645 348 668 »
375 635 418 671 et
439 626 494 671 de
514 642 604 687 quo
625 625 790 672 dictum
809 636 874 672 est
898 646 907 672 :
938 646 958 670 «
981 628 1201 681 Quoniam
1222 627 1277 672 ab
1300 628 1394 688 ipso
1421 636 1485 673 est

99 712 120 737 n
154 696 360 755 patientia
381 698 506 741 mea²
530 712 540 737 t
565 715 586 738 »
609 713 699 742 non
720 712 876 758 eorpus
897 697 944 741 in
963 698 1265 757 persecutione
1295 698 1483 742 mortifi-

95 766 208 821 cari,
239 766 313 810 sed
345 767 557 824 animam,
582 782 673 813 non
699 766 984 813 custodiendo
1004 768 1214 827 martyria
1241 777 1285 814 et
1319 767 1483 829 judicia

89 836 271 896 justitiae
288 837 382 881 Dei.

153 909 229 951 IV.
259 926 280 950 «
300 906 555 952 Voluntaria
576 908 660 953 oris
681 908 767 952 mei
783 907 1056 969 beneplacita
1076 908 1168 964 fac,
1194 908 1406 953 Domine³
1430 927 1439 953 ε
1459 926 1480 950 n

93 976 178 1021 hoc
199 986 288 1031 est,
312 977 514 1037 placeant
529 978 636 1036 tibi3
660 977 751 1023 noli
769 979 1002 1038 reprobare
1016 979 1119 1035 ,sed
1142 979 1348 1038 approba.
1367 981 1484 1022 Bene

94 1056 240 1091 autem
261 1047 567 1107 intelliguntur
588 1050 672 1093 oris
693 1048 959 1104 voluntaria,
980 1050 1185 1094 sacrificia
1199 1048 1361 1103 laudis,
1378 1064 1483 1092 eon-

92 1116 276 1162 sessione
312 1118 559 1174 charitatis,
586 1134 675 1163 non
699 1119 853 1163 timore
875 1119 1138 1163 necessitatis
1165 1118 1326 1162 oblata.
1358 1117 1483 1162 Unde

93 1187 259 1231 dictum
282 1197 345 1232 est
366 1207 374 1232 ε
399 1187 694 1233 «Voluntarie
711 1189 962 1233 sacrificabo
986 1188 1067 1232 tibi
1084 1189 1116 1232 4.
1141 1206 1161 1229 »
1191 1187 1274 1232 Sed
1295 1188 1404 1247 quid
1421 1197 1485 1231 est

91 1258 213 1318 quod
235 1258 430 1318 adjungit
462 1277 470 1303 ε
500 1277 521 1300 «
546 1261 602 1303 Et
615 1257 779 1319 judicia
802 1268 877 1303 tua
900 1259 1008 1303 doce
1030 1261 1130 1302 me?
1162 1276 1182 1299 n
1207 1260 1361 1303 Nonne
1393 1258 1484 1317 ipse

89 1329 137 1372 in
157 1329 352 1373 versibus
393 1330 686 1389 superioribus
722 1330 888 1374 dixerat
912 1349 921 1374 :
963 1349 983 1371 «
1007 1333 1046 1374 A
1072 1328 1247 1389 judiciis
1279 1327 1364 1372 tuis
1391 1344 1482 1373 non

94 1417 116 1440 »
151 1399 397 1444 declinavi?
414 1419 434 1442 »
461 1400 692 1454 Quomodo
714 1399 831 1444 istud
847 1435 858 1456 ,
880 1400 914 1443 si
934 1415 1024 1444 non
1046 1414 1097 1443 ea
1117 1401 1325 1444 noverat?
1349 1403 1482 1444 Porro

91 1470 126 1514 si
142 1479 337 1525 noverat,
356 1470 579 1530 quomodo
597 1470 667 1515 hic
681 1470 785 1515 dicit
806 1489 815 1515 ε
836 1489 856 1512 «
876 1473 932 1515 Et
943 1469 1107 1531 judicia
1127 1479 1202 1514 tua
1220 1469 1327 1514 doce
1342 1472 1438 1514 me?
1458 1488 1479 1511 »

90 1543 161 1585 Au
181 1541 292 1585 sicut
311 1540 423 1584 illud
445 1550 509 1585 est
535 1559 544 1585 :
574 1559 594 1582 «
622 1540 888 1585 Suavitatem
910 1540 1044 1584 fecisti
1067 1556 1167 1585 cum
1186 1555 1310 1584 servo
1327 1549 1429 1584 tuo:
1457 1557 1479 1581 »

90 1620 134 1655 et
150 1620 298 1670 postea
319 1610 426 1656 dicit
447 1630 456 1656 z
486 1630 506 1653 «
534 1611 799 1656 Suavitatem
821 1610 929 1655 doce
957 1612 1053 1654 me?
1068 1629 1088 1652 »
1113 1609 1243 1664 Quod
1266 1614 1324 1656 ita
1349 1626 1481 1670 expo-

88 1683 252 1726 suimus
271 1717 282 1737 ,
308 1691 358 1726 ut
374 1681 716 1741 intelligeremus
743 1682 877 1726 verba
895 1681 1160 1741 proficientis
1177 1716 1188 1737 ,
1214 1690 1258 1726 et
1275 1680 1376 1726 addi
1398 1681 1480 1726 sibi

90 1753 146 1797 ad
166 1752 211 1796 id
223 1752 343 1814 quod
364 1761 586 1812 acceperat
607 1751 881 1812 postulantis.

148 1825 203 1866 V.
228 1842 248 1865 «
273 1823 431 1867 Anima
450 1837 545 1866 mea
576 1822 622 1865 in
640 1822 841 1865 manibus
865 1821 952 1865 tuis
984 1824 1189 1882 semper⁵.
1225 1840 1245 1863 »
1269 1821 1482 1868 Nonnulli

89 1893 259 1939 codices
280 1893 446 1937 habent
472 1911 480 1937 ε
510 1911 529 1934 «
557 1895 609 1936 In
631 1892 833 1936 manibus
853 1892 962 1936 meis
989 1911 998 1936 :
1023 1910 1043 1933 »
1068 1893 1144 1937 sed
1166 1892 1313 1952 plures
1339 1912 1348 1938 :
1383 1912 1403 1935 «
1429 1897 1482 1938 In

92 1983 113 2006 »
149 1964 234 2008 tuis
250 1983 259 2008 ε
279 1982 299 2005 »
316 1972 359 2007 et
370 1963 455 2007 hoc
469 1962 646 2023 quidem
663 1962 843 2022 planum
858 1972 936 2006 est.
952 1964 976 2006 J
981 1971 1177 2007 ustorum
1190 1963 1306 2007 enim
1324 1964 1481 2008 animae

88 2036 135 2079 in
156 2050 290 2079 manu
312 2034 390 2078 Dei
411 2043 514 2078 sunt
531 2035 546 2060 ⁵
565 2049 574 2075 ι
601 2033 647 2077 in
669 2034 790 2093 cujus
808 2048 941 2077 manu
959 2043 1118 2078 suntet
1139 2049 1218 2078 nos
1248 2043 1292 2078 et
1314 2049 1481 2079 sermo-

89 2120 164 2150 nes
187 2104 365 2149 nostri⁷.
397 2122 418 2146 «
449 2106 506 2148 Et
527 2103 632 2162 legis
648 2138 659 2158 ‚
691 2104 860 2163 inquit,
885 2112 973 2148 tuae
1005 2119 1096 2148 non
1128 2119 1224 2148 sum
1252 2103 1430 2148 oblitus.
1454 2122 1476 2145 »

91 2180 318 2236 Tanquam
342 2175 397 2220 ad
414 2191 504 2220 non
521 2173 861 2219 obliviscendam
878 2175 956 2219 Dei
974 2174 1114 2234 legem
1128 2175 1327 2219 manibus
1346 2175 1479 2235 ipsius

87 2248 319 2308 adjuvetur
336 2247 426 2306 ejus
443 2245 667 2301 memoria,
688 2245 766 2289 ubi
786 2246 877 2305 ejus
896 2254 959 2289 est
974 2245 1133 2289 anima.
1159 2264 1179 2287 «
1203 2246 1358 2290 Anima
1375 2261 1478 2291 vero

93 2338 112 2360 »
147 2333 244 2362 mea
266 2318 311 2361 in
328 2317 530 2361 manibus
553 2316 658 2360 meis
675 2351 686 2371 ,
716 2334 736 2356 »
757 2315 1283 2376 quomodointelligatur,
1303 2316 1473 2374 ignoro.

89 2388 203 2433 Justi
231 2388 395 2448 quippe
423 2387 504 2432 ista
535 2386 666 2431 verba
704 2394 827 2441 sunt,
855 2401 945 2430 non
973 2385 1153 2446 injusti,
1180 2385 1399 2430 redeuntis
1422 2384 1478 2430 ad

138 2490 148 2507 ¹
172 2486 250 2516 Luc.
270 2494 337 2525 xxi,
356 2495 465 2526 19.-
484 2489 497 2506 ²
511 2482 592 2515 Psal.
616 2493 681 2523 mn,
700 2482 731 2514 6⁴
754 2498 796 2504 —-
817 2479 831 2504 ³
853 2481 899 2513 Id.
929 2492 1037 2522 cxvm,
1062 2481 1134 2513 108.
1155 2498 1198 2504 —-
1214 2480 1229 2511 4
1244 2481 1292 2514 Id.
1312 2492 1363 2521 Lu,
1381 2481 1413 2514 8.
1434 2496 1476 2506 -·-

89 2538 104 2563 5
127 2540 301 2581 1d cxvm,
323 2550 395 2581 109.
414 2555 458 2563 -—
476 2537 492 2562 ⁶
513 2541 588 2581 Sap.
604 2549 653 2580 ιιι,
675 2549 703 2570 1.
725 2554 767 2560 —-
785 2537 860 2570 71d.
883 2548 944 2579 vu,
970 2536 1022 2570 16.
