1848 3261
421 255 660 282 EMRRA‘HO
695 258 736 282 im
771 256 973 283 PsALMUM
1006 258 1041 282 c.
1362 249 1412 284 13

32 320 161 364 tristis
177 330 255 375 cst,
279 335 378 363 cum
400 335 488 379 quo
510 320 588 363 1516
610 320 808 364 luturum
829 336 872 363 56
890 335 978 364 6556
991 319 1189 364 lactatur?
1208 321 1292 366 Sed
1304 322 1412 382 quid

31 400 122 434 erat
142 390 214 434 illa
235 406 332 444 vox,
366 390 445 433 nisi
467 406 597 434 sonus
621 391 880 435 infirmitatis
909 393 1096 435 nostrae?
1116 391 1246 435 Multi
1269 392 1412 436 adhuc

29 461 191 504 infirmi
213 460 521 505 contristantur
554 460 702 504 futura
725 470 864 505 morte
886 481 895 505 :
921 461 993 505 sed
1027 462 1215 505 habeant
1246 471 1414 506 rectum

30 546 131 588 cor3
154 531 295 574 vitent
316 539 523 585 mortem,
558 539 772 590 quantum
800 541 1004 590 possunt,
1029 532 1104 592 sed
1132 532 1166 576 si
1195 548 1286 576 non
1312 548 1414 592 pos-

31 610 149 656 sunt,
172 600 321 646 dicant
338 600 456 661 quod
480 601 571 660 ipse
594 601 801 645 Dominus
818 617 905 645 non
923 611 1100 661 propter
1116 618 1175 656 se,
1199 601 1415 662 sedprop-

31 680 96 715 ter
118 687 195 715 nos
218 672 338 715 dixit.
374 670 491 724 Quid
513 672 626 715 enim
657 672 793 715 dixit?
825 692 844 714 «
875 676 1023 727 Pater,
1056 673 1091 716 si
1119 673 1211 716 fieri
1243 682 1411 732 potest,

35 761 52 781 »
88 750 275 786 transeat
297 757 316 784 a
343 756 411 784 me
427 740 537 784 calix
553 741 632 785 iste
648 744 677 784 ¹.
708 759 727 782 n
756 744 868 785 Ecce
885 742 1019 786 habes
1033 742 1304 787 voluntatem
1327 743 1412 786 hu-

29 827 203 855 manam
225 827 466 871 expressam
486 834 497 869 3
521 813 619 856 vide
638 814 728 872 jam
752 822 919 856 rectum
942 829 1016 857 cor
1045 833 1054 858 ε
1081 834 1096 853 «
1121 817 1300 869 Verum,
1325 829 1414 858 non

33 901 52 922 »
87 882 207 942 quod
229 898 309 941 ego
324 882 424 927 volo
438 918 447 935 ,
467 883 541 926 sed
565 882 685 942 quod
699 893 746 926 tu
763 884 825 927 vis
840 919 850 938 ,
868 887 1043 927 Pater.»
1066 885 1108 929 Si
1123 900 1224 942 ergo
1248 895 1414 929 rectum

29 969 103 997 cor
123 954 318 1013 sequitur
349 957 487 997 Deum
507 989 518 1008 ,
541 969 724 1012 pravum
748 970 822 997 cor
841 955 997 998 resistit
1020 958 1122 999 Deo.
1150 956 1328 1015 Aliquid
1350 954 1413 998 illi

28 1023 252 1082 contingat
285 1023 528 1078 adversum,
564 1024 750 1068 clamat:
784 1028 897 1069 Deus
927 1025 1033 1085 quid
1061 1026 1140 1069 tibi
1164 1025 1276 1069 feci?
1307 1025 1414 1086 quid

28 1095 246 1140 commisi?
268 1095 375 1154 quid
397 1096 601 1154 peccavi?
628 1098 679 1140 Se
700 1097 868 1155 justum
897 1096 992 1140 vult
1009 1097 1160 1151 videri,
1182 1100 1321 1141 Deum
1343 1098 1413 1140 in-

20 1167 203 1226 justum.
227 1165 342 1218 Quid
370 1175 517 1209 tamen
540 1167 750 1225 pravum?
774 1170 933 1210 Parum
956 1177 1018 1211 est
1050 1168 1153 1227 quia
1176 1177 1314 1211 tortus
1333 1177 1411 1223 est,

27 1245 70 1280 et
86 1245 245 1279 tortam
267 1234 461 1293 regulam
484 1245 624 1294 putat.
652 1236 829 1294 Corrige
850 1246 913 1291 te,
940 1246 983 1280 et
1003 1237 1169 1282 invenis
1198 1247 1364 1281 rectum
1390 1253 1414 1281 a

28 1314 116 1366 quo
136 1315 183 1349 tu
205 1305 461 1364 depravasti.
489 1304 568 1349 Ille
586 1307 717 1365 juste,
743 1315 789 1349 tu
807 1307 964 1366 injuste
983 1327 991 1351 ε
1013 1317 1057 1351 et
1077 1306 1175 1351 ideo
1190 1324 1415 1367 perversus

27 1392 85 1432 es,
111 1377 212 1437 quia
229 1377 451 1420 hominem
468 1378 637 1436 justum
659 1377 780 1430 dicis,
803 1387 846 1420 et
868 1381 1006 1421 Deum
1027 1379 1253 1438 injustum.
1271 1381 1413 1431 Quem

26 1447 250 1491 hominem
270 1448 438 1507 justum
468 1446 596 1489 dicis?
629 1448 686 1488 Te
719 1446 877 1505 ipsum.
914 1447 1097 1499 Quando
1129 1448 1245 1490 enim
1278 1448 1411 1492 dicis:

29 1517 146 1570 Quid
166 1517 245 1561 tibi
259 1517 358 1571 feci,
374 1517 540 1575 justum
559 1525 601 1559 te
624 1525 763 1574 putas.
791 1516 875 1560 Sed
893 1517 1152 1576 respondeat
1171 1518 1249 1561 tibi
1274 1521 1385 1562 Deus
1404 1539 1412 1562 2

27 1591 191 1632 Verum
217 1587 337 1641 dicis,
364 1587 472 1630 mihi
496 1585 605 1630 nihil
635 1587 802 1642 fecisti,
842 1588 984 1631 omnia
1017 1589 1132 1632 enim
1154 1589 1235 1632 tibi
1257 1588 1411 1634 fecisti.

30 1659 73 1705 Si
94 1660 210 1702 enim
230 1658 337 1702 mihi
359 1657 523 1717 aliquid
551 1656 720 1701 fecisses
735 1693 746 1707 ,
778 1658 943 1702 bonum
978 1658 1163 1703 fecisses.
1190 1659 1416 1720 Quidquid

27 1730 142 1774 enim
166 1729 278 1772 116116
300 1729 364 1783 fit,
390 1728 496 1771 mihi
514 1728 563 1771 fit
588 1747 596 1772 ε
623 1728 724 1786 quia
747 1743 798 1771 ex
826 1740 1044 1788 praecepto
1067 1746 1163 1774 meo
1186 1732 1249 1773 fit.
1277 1731 1414 1783 Quid-

0 1851 4 1857 ,
29 1799 136 1860 quid
157 1808 301 1843 autem
324 1797 425 1841 mali
448 1799 512 1852 fit,
539 1798 618 1842 tibi
638 1799 702 1852 fit,
730 1814 820 1842 non
843 1799 949 1842 mihi
972 1800 1021 1843 fit
1048 1819 1055 1844 :
1082 1802 1181 1860 quia
1206 1817 1294 1844 non
1312 1800 1416 1845 facit

28 1870 170 1914 malus
208 1868 374 1930 aliquid
404 1869 486 1912 nisi
516 1869 612 1924 sibi,
644 1869 745 1929 quia
773 1870 856 1913 hoc
888 1886 976 1913 non
1005 1887 1084 1929 ego
1107 1871 1256 1930 jubeo.
1296 1871 1416 1915 Tales

30 1941 207 2002 quando
225 1940 435 1994 videritis,
459 1939 624 1995 fratres,
651 1940 871 1999 corripite,
899 1943 1083 2000 arguite,
1110 1943 1310 2001 corrigite
1338 1963 1345 1987 :
1373 1953 1415 1987 et

31 2012 166 2056 sinon
190 2010 366 2070 potestis
390 2010 606 2069 corripere
634 2020 709 2054 aut
736 2011 966 2070 corrigere,
993 2011 1129 2056 nolite
1146 2014 1412 2072 consentire,

30 2093 81 2128 ut
96 2083 264 2142 possitis
287 2083 428 2126 dicere
446 2101 455 2125 ;
485 2101 504 2123 «
524 2084 623 2126 Non
641 2081 821 2126 adhaesit
835 2083 941 2126 mihi
959 2099 1033 2128 cor
1050 2099 1249 2144 pravum.
1273 2103 1292 2126 »

90 2156 189 2197 VII.
219 2172 238 2195 «
272 2155 384 2197 Cum
407 2151 644 2197 declinaret
666 2169 688 2196 a
706 2167 775 2196 me
797 2152 1012 2212 malignus
1027 2189 1037 2208 ,
1065 2170 1154 2199 nou
1181 2171 1416 2214 cognosce-

39 2245 58 2266 »
95 2224 211 2268 bam.
224 2244 240 2264 »
256 2223 369 2277 Quid
378 2233 455 2279 est,
466 2243 485 2265 «
497 2226 592 2269 Non
602 2224 913 2282 cognoscebam
927 2226 969 2266 ⁶3»
988 2228 1086 2270 Non
1098 2227 1411 2286 approbabam,

32 2312 121 2340 11011
143 2294 392 2351 laudabam,
412 2311 500 2339 nou
523 2296 630 2338 mihi
644 2295 857 2354 placebat.
880 2298 1150 2355 Cognoscere
1167 2298 1281 2342 enim
1302 2298 1416 2342 inve-

33 2366 176 2409 nimus
191 2366 235 2409 111
253 2365 482 2425 Scripturis
502 2364 736 2425 aliquando
755 2364 855 2419 dici,
873 2382 950 2424 pro
964 2382 1011 2410 eo
1031 2367 1150 2427 quod
1168 2377 1231 2412 est
1246 2367 1415 2427 placere

35 2436 176 2480 1101115.
211 2435 327 2488 Quid
367 2436 479 2479 enim
506 2434 611 2479 latet
640 2438 794 2490 Deum,
832 2434 1008 2480 fratres?
1038 2437 1262 2498 Numquid
1295 2439 1416 2483 novit

33 2509 194 2567 justos,
219 2516 262 2549 et
284 2521 370 2549 non
394 2506 513 2550 novit
540 2505 748 2566 injustos?
771 2505 886 2559 Quid
909 2507 1070 2566 cogitas
1093 2508 1212 2568 quod
1245 2508 1318 2553 ille
1342 2525 1416 2554 nes

86 2599 91 2613 ¹
116 2591 228 2623 Matth.
249 2603 334 2631 xxvi,
362 2591 411 2632 35,
443 2591 493 2632 3¹.)-
