1848 3261
387 226 443 266 96
818 235 852 264 s.
888 233 1118 265 Auens‘rim
1151 236 1332 265 Emscom

383 301 638 363 Apostolus,
667 320 688 346 «
712 303 868 347 Omnia
888 302 1054 347 munda
1075 302 1249 346 mundis
1265 337 1275 357 ,
1300 301 1536 346 immundis
1560 310 1705 346 autem
1722 310 1766 346 et

386 394 404 416 >›
438 373 688 418 infidelibus
716 373 826 418 nihil
847 383 909 418 est
937 372 1168 418 mundum.
1193 391 1212 414 »
1251 373 1294 417 Si
1313 372 1551 417 immundis
1585 381 1628 416 et
1665 371 1768 415 infi-

381 443 552 489 delibus
574 443 683 488 nihil
704 453 767 488 est
788 443 1026 499 mundum,
1052 459 1201 504 quaero
1219 457 1392 486 eausam
1421 461 1429 486 :
1459 461 1478 484 «
1501 441 1584 487 Sed
1598 441 1769 501 polluta

384 533 404 557 »
440 525 566 570 sunt,
583 516 723 575 inquit
741 550 751 570 ,
768 530 918 559 eorum
933 523 977 558 et
998 529 1119 558 mens
1137 523 1181 558 et
1203 512 1507 558 conscie11tia1.
1531 530 1551 554 »
1577 513 1619 556 Si
1654 511 1767 556 nihil

382 595 446 630 est
467 585 683 629 mundum
706 586 763 629 eis
785 620 795 640 ,
827 600 908 629 nee
941 587 1054 628 Deus
1083 604 1091 628 :
1127 584 1208 628 nisi
1229 583 1342 628 forte
1367 583 1529 642 putatis
1551 581 1772 626 mundum

381 655 517 700 videri
537 659 676 701 Deum
692 654 776 698 illis
788 690 799 710 ,
820 654 896 715 qui
914 654 1110 714 quotidie
1124 653 1429 713 blasphemant
1445 669 1561 697 eum.
1585 653 1628 698 Si
1645 668 1772 697 mun-

384 725 466 770 dus
488 735 566 781 est,
594 725 763 785 placeat
789 744 798 770 :
821 725 855 769 si
877 725 1020 785 placet
1036 760 1047 779 ‚
1080 723 1300 769 laudetur.
1329 724 1372 769 Si
1395 734 1541 768 autem
1564 723 1771 783 blasphe-

383 806 528 841 matur
546 832 556 852 ,
577 795 775 856 displicet
791 831 801 851 ,
827 805 869 840 et
892 797 924 840 si
947 795 1170 854 displicet,
1197 811 1359 855 quomo
1381 795 1459 839 tibi
1478 804 1618 854 potest
1641 810 1773 839 mun-

384 868 465 911 dus
479 882 583 921 esse,
599 867 675 926 qui
692 864 916 925 displicet?
934 864 1050 918 Quid
1065 880 1167 924 ergo
1187 881 1406 924 rogamus,
1427 884 1447 907 <c
1470 865 1773 910 Sanctificetur

331 943 334 945 ’
388 956 408 979 »
435 953 596 997 nomen
608 939 764 981 tuum?
782 955 802 978 »
819 939 876 981 Ut
892 935 977 981 illis
1000 936 1267 992 hominibus,
1289 937 1364 997 qui
1377 951 1453 996 per
1468 935 1774 980 infidelitatem

387 1007 586 1053 nondum
601 1007 788 1061 habent,
804 1022 963 1051 nomen
982 1007 1058 1051 Dei
1078 1016 1274 1051 sanctum
1294 1008 1348 1052 sit
1363 1042 1373 1062 ,
1394 1007 1555 1067 quibus
1577 1006 1776 1051 nondum

389 1089 452 1123 est
468 1078 541 1122 ille
554 1087 743 1132 sanctus,
759 1077 835 1137 qui
857 1092 933 1136 per
945 1093 1005 1131 se⁷
1021 1078 1119 1120 etin
1134 1093 1192 1133 se,
1210 1079 1309 1122 etin
1327 1079 1482 1122 sanctis
1499 1077 1584 1121 suis
1602 1086 1776 1121 sanctus

390 1160 468 1194 est.
485 1153 701 1207 Rogamus
715 1163 794 1208 pro
810 1162 965 1205 genere
986 1149 1202 1203 humano,
1230 1164 1432 1207 rogamus
1454 1164 1534 1208 pro
1561 1148 1666 1193 orbe
1686 1157 1775 1191 ter-

391 1235 560 1275 rarum,
598 1234 677 1278 pro
711 1218 911 1262 omnibus
947 1217 1147 1277 gentibus
1165 1253 1176 1272 ,
1217 1217 1414 1277 quotidie
1451 1217 1702 1261 sedentibus
1735 1226 1779 1262 et

392 1289 741 1349 disputantibus,
767 1289 974 1348 quianon
995 1297 1058 1332 est
1076 1297 1218 1332 rectus
1236 1291 1372 1343 Deus,
1399 1297 1441 1333 et
1459 1303 1547 1332 non
1571 1297 1685 1332 recte
1700 1289 1776 1348 ju-

392 1361 508 1405 dicat
528 1363 642 1404 Deus
658 1380 668 1416 3
687 1368 737 1402 ut
754 1357 989 1418 aliquando
1011 1359 1091 1418 ipsi
1113 1373 1157 1402 se
1181 1359 1424 1417 corrigant,
1451 1367 1495 1402 et
1516 1367 1679 1403 rectum
1703 1374 1777 1404 cor

392 1430 447 1475 ad
470 1430 586 1475 illius
608 1428 913 1474 rectitudinem
946 1428 1131 1486 dueant3
1158 1438 1201 1473 et
1224 1429 1493 1473 adhaerentes
1526 1429 1589 1484 ei,
1626 1429 1778 1474 directi

394 1501 449 1547 ad
466 1510 631 1546 rectum
647 1536 658 1556 ,
683 1516 771 1545 11011
787 1501 878 1559 jam
893 1499 1164 1558 vituperent,
1186 1498 1261 1543 sed
1279 1498 1448 1559 placeat
1465 1500 1591 1544 rectis
1608 1510 1774 1545 rectus:

393 1573 497 1633 quia
515 1607 526 1628 ,
555 1591 575 1614 «
614 1576 750 1624 Quam
784 1571 927 1615 bonus
963 1573 1078 1614 Deus
1109 1570 1263 1626 Israel,
1299 1570 1373 1614 sed
1394 1571 1520 1615 rectis
1547 1572 1678 1616 eorde
1695 1575 1727 1616 2.
1755 1590 1776 1614 »

394 1646 508 1701 Ergo
526 1657 627 1687 eum
640 1641 806 1686 videret
824 1641 902 1685 iste
915 1641 991 1701 qui
1008 1650 1154 1685 cantat
1169 1676 1180 1696 ‚
1203 1641 1282 1685 iste
1299 1641 1389 1701 ipse
1408 1657 1486 1686 nos
1513 1642 1593 1702 ipsi
1611 1677 1621 1698 ,
1637 1642 1683 1687 id
1698 1651 1776 1698 est,

395 1729 551 1773 corpus
565 1712 745 1767 Christi,
762 1712 957 1756 membra
969 1711 1128 1756 Christi
1145 1732 1155 1769 3
1171 1727 1271 1756 cum
1284 1711 1450 1757 videret
1467 1722 1629 1773 quanta
1646 1729 1781 1773 praes-

395 1785 532 1829 titerit
562 1788 676 1830 Deus
709 1783 855 1842 generi
888 1783 1110 1837 humano,
1145 1782 1215 1827 eui
1247 1792 1372 1827 antea
1405 1793 1481 1827 aut
1508 1783 1679 1840 nullus,
1706 1793 1782 1829 aut

396 1856 527 1901 falsus
545 1891 556 1911 ,
583 1864 657 1900 aut
678 1870 767 1898 non
788 1863 877 1898 tam
898 1869 1081 1912 magnus
1097 1852 1325 1897 videbatur
1349 1856 1484 1909 Deus,
1509 1855 1555 1898 in
1578 1855 1780 1914 operibus

397 1927 487 1986 ejus
505 1941 606 1969 eum
626 1924 802 1977 videns,
828 1943 847 1965 «
872 1923 1056 1968 Domine
1083 1927 1197 1968 Deus
1227 1939 1349 1967 meus
1366 1958 1377 1979 ,
1412 1924 1581 1984 inquit,
1607 1926 1780 1983 magni-

401 2015 420 2038 »
456 1997 608 2040 ticatns
633 2010 676 2038 es
694 1994 820 2038 nimis
841 2012 849 2038 :
872 2012 891 2035 n
909 1993 953 2037 id
972 2003 1055 2049 est,
1077 1994 1153 2054 qui
1170 1993 1368 2038 nondum
1393 2003 1436 2038 te
1453 1994 1751 2054 intelligebam
1766 2030 1777 2052 ,

398 2066 593 2125 intelligo
614 2075 656 2109 te
683 2079 904 2123 magnum.
941 2067 1125 2123 Magnus
1157 2079 1324 2124 semper
1341 2100 1351 2118 ,
1387 2065 1517 2109 etiam
1546 2065 1743 2110 occultus
1769 2085 1779 2111 :

398 2138 473 2181 sed
485 2137 593 2181 mihi
618 2145 722 2180 tunc
745 2150 924 2193 magnus
942 2170 952 2190 ‚
987 2134 1165 2194 quando
1188 2135 1438 2194 apparuisti.
1479 2137 1783 2195 Magnificatus

399 2224 441 2253 es
465 2224 567 2267 ergo
590 2223 640 2251 ex
653 2222 723 2250 me
749 2225 758 2251 :
783 2221 871 2266 quo
902 2205 1033 2250 modo
1059 2225 1076 2246 α
1103 2206 1327 2250 Mirificata
1344 2214 1407 2249 est
1436 2206 1613 2250 scientia
1635 2216 1709 2251 tua
1733 2223 1784 2251 ex

402 2298 422 2321 »
457 2280 574 2337 me33
602 2297 621 2319 n
649 2278 756 2322 mira
773 2277 886 2320 enim
908 2274 1019 2320 faeta
1035 2285 1098 2320 est
1114 2291 1165 2319 ex
1180 2290 1263 2319 me.
1281 2279 1372 2333 Ego
1391 2274 1509 2320 illam
1531 2277 1663 2321 miror
1684 2293 1784 2322 eon-

398 2365 544 2394 versus
573 2349 628 2393 ad
651 2347 770 2392 illam
797 2366 806 2392 :
832 2346 904 2390 illa
927 2356 1071 2390 autem
1097 2346 1176 2390 etsi
1202 2362 1292 2390 non
1305 2356 1548 2402 convertar,
1582 2348 1661 2391 etsi
1686 2357 1784 2408 post

399 2419 723 2465 conversionem
754 2427 920 2462 avertar
936 2452 946 2472 ,
985 2417 1150 2475 integra
1184 2426 1424 2476 permanet.
1463 2417 1547 2462 Sed
1581 2433 1662 2477 ego
1694 2420 1785 2479 jam

400 2506 582 2549 magnus
604 2489 744 2534 faetus
765 2488 810 2531 in
830 2503 901 2543 ea,
929 2496 972 2531 et
994 2503 1044 2531 ex
1066 2487 1293 2533 deminuto
1308 2489 1447 2533 factus
1464 2488 1630 2548 integer
1647 2490 1693 2535 in
1715 2506 1780 2546 ea,

450 2583 458 2598 ¹
479 2576 540 2608 Tit.
556 2587 580 2617 i,
603 2576 652 2608 15.
673 2592 713 2599 -
737 2580 749 2598 ²
768 2573 835 2607 Psal
866 2584 962 2616 Lxxu,
982 2583 1014 2607 2.
1035 2591 1076 2598 -—
1103 2572 1116 2597 3
1131 2574 1177 2608 ld.
1197 2583 1354 2616 cxxxvru,
1373 2573 1406 2608 6.
