1848 3261
401 219 488 262 530
823 225 860 259 s.
894 227 1127 260 Anousnm
1158 228 1342 259 zmscom

398 293 578 359 quendo
597 295 1026 358 propinquaverunt,
1038 294 1218 358 quando
1239 294 1419 340 interior
1437 303 1502 340 est
1522 294 1786 356 propinqua-

396 369 459 415 tio
480 367 655 413 Domini
677 382 832 413 eorum
850 403 861 424 ,
885 384 908 413 a
926 384 1015 429 quo
1033 367 1283 413 nullatenus
1306 366 1599 412 deseruntur?

454 442 579 485 VIII.
611 441 809 501 Denique
830 440 1027 500 sequitur
1053 459 1063 487 :
1093 459 1113 483 «
1137 443 1280 499 Prope
1313 454 1356 483 es
1388 448 1465 494 tu,
1499 438 1714 494 Domine,
1744 445 1789 483 et

399 531 419 555 »
453 527 604 557 omnes
623 512 705 557 viae
722 520 810 555 tuae
826 510 984 556 veritas
996 514 1056 555 1.»
1073 511 1217 556 Etiam
1238 510 1285 555 in
1299 509 1658 555 tribulationibus
1681 508 1785 565 suis,

393 580 515 644 quod
529 597 598 627 eas
620 597 710 627 non
731 581 948 637 immerito
965 582 1209 642 patiuntur,
1225 582 1418 626 tribuere
1435 585 1525 626 Deo
1541 581 1785 636 veritatem,

394 663 645 699 sanctorum
675 662 741 698 est
766 654 924 698 usitata
958 652 1186 699 confessio.
1214 657 1280 699 Ita
1313 653 1463 713 regina
1491 652 1704 706 Esther2‚
1729 651 1790 695 ita

393 734 568 772 sanctus
586 725 766 771 Daniel3
784 761 796 781 ,
821 726 879 771 ita
899 735 985 771 tres
1007 726 1087 770 viri
1108 726 1152 770 in
1174 725 1374 770 camino4
1390 760 1402 780 ,
1422 725 1481 769 ita
1499 738 1651 769 eorum
1669 738 1790 767 sane-

393 797 528 842 titatis
549 795 621 841 alii
638 796 742 842 socii
764 798 1046 842 confitentur.
1073 796 1215 850 Quaeri
1235 805 1380 840 autem
1398 804 1542 856 potest
1565 792 1790 856 quomodo

392 868 464 913 hic
482 867 650 912 dictum
672 867 725 912 sit
748 887 758 914 z
782 886 803 910 «
826 869 988 913 Omnes
1019 868 1101 912 viae
1134 876 1223 912 tuae
1249 867 1406 912 veritas
1431 886 1440 912 :
1473 886 1492 909 »
1514 881 1615 911 cum
1637 866 1682 909 in
1706 864 1790 909 alio

393 938 566 984 Psalmo
587 937 759 998 legatur
783 956 792 983 :
825 956 843 979 α
865 939 1086 984 Universae
1120 938 1204 982 viae
1232 938 1408 983 Domini
1430 935 1724 981 misericordia
1748 943 1792 978 et

396 1027 418 1052 »
452 1010 610 1055 veritas
627 1012 660 1054 ⁵.
683 1028 704 1052 »
739 1009 825 1055 Sed
856 1024 957 1068 erga
989 1018 1159 1054 sanctos
1185 1017 1230 1054 et
1257 1009 1471 1053 universae
1498 1007 1580 1051 viae
1616 1005 1792 1051 Domini

395 1080 690 1125 misericordia
720 1090 763 1125 et
792 1080 1007 1125 universae
1028 1080 1110 1125 viae
1133 1080 1306 1124 Domini
1329 1079 1486 1123 veritas
1507 1113 1522 1134 ,
1557 1077 1659 1138 quia
1683 1084 1726 1120 et
1746 1076 1792 1119 in

391 1150 634 1213 judicando
669 1151 900 1207 subvenit,
938 1161 1070 1212 atque
1097 1152 1157 1195 ita
1185 1165 1275 1196 non
1309 1150 1431 1195 deest
1468 1146 1789 1205 misericordia,

395 1216 439 1268 et
462 1223 509 1267 in
530 1222 776 1267 miserando
798 1221 844 1266 id
872 1223 1049 1267 exhibet
1072 1222 1194 1283 quod
1211 1222 1437 1282 promisit,
1457 1236 1512 1265 ne
1537 1220 1692 1264 veritas
1714 1218 1793 1262 de-

395 1295 463 1339 sit.
489 1296 604 1353 Erga
627 1309 777 1339 omnes
800 1303 947 1338 autem
973 1303 1015 1337 et
1043 1309 1152 1354 quos
1173 1293 1349 1348 liberat,
1381 1301 1424 1337 et
1447 1307 1557 1352 quos
1586 1290 1789 1345 damnat,

397 1381 547 1411 omnes
566 1365 648 1410 viae
672 1365 846 1410 Domini
874 1364 1168 1410 misericordia
1195 1374 1239 1409 et
1259 1364 1416 1409 veritas
1443 1382 1453 1408 :
1479 1363 1581 1424 quia
1603 1362 1681 1406 ubi
1703 1377 1792 1406 non

396 1437 640 1491 miseretur,
664 1435 870 1481 vindictae
895 1436 1052 1479 veritas
1074 1435 1318 1479 exhibetur.
1344 1433 1507 1479 Multos
1529 1433 1694 1493 quippe
1715 1433 1797 1476 im-

398 1508 574 1552 meritos
600 1506 788 1561 liberat,
818 1506 1085 1551 immeritum
1109 1515 1255 1549 autem
1279 1505 1499 1549 neminem
1522 1503 1715 1548 damnat.

459 1581 537 1623 IX.
568 1597 588 1620 «
619 1577 687 1622 Ab
715 1577 840 1620 initio
868 1577 1078 1635 cognovi,
1111 1576 1283 1636 inquit,
1312 1574 1368 1619 de
1392 1574 1647 1618 testimoniis
1676 1574 1760 1618 tuis
1779 1608 1790 1628 ,

404 1668 426 1692 »
460 1648 562 1710 quja
597 1648 645 1692 in
675 1656 889 1691 aeternum
927 1645 1122 1691 fundasti
1154 1662 1203 1690 ea
1222 1647 1255 1691 6.
1294 1664 1316 1687 »
1349 1645 1474 1700 Quod
1511 1660 1674 1704 graecus
1706 1644 1790 1700 ait,

403 1728 565 1774 καταρχὰς
586 1718 723 1779 aliqui
746 1717 882 1763 nostri
908 1737 928 1759 «
954 1717 1023 1762 Ab
1046 1717 1170 1761 initio
1190 1752 1201 1772 ,
1229 1735 1250 1758 »
1276 1716 1410 1777 aliqui
1441 1735 1461 1757 «
1483 1716 1613 1760 Initio
1629 1750 1639 1770 ,
1668 1734 1689 1756 »
1716 1715 1795 1759 ali-

403 1791 480 1851 qui
501 1809 521 1833 «
547 1793 600 1833 In
619 1789 768 1843 initiis,
793 1788 1096 1847 »interpretati
1120 1796 1236 1831 sunt.
1261 1786 1347 1832 Sed
1368 1787 1444 1847 qui
1465 1785 1691 1846 pluraliter
1710 1786 1794 1831 hoc

405 1860 549 1906 dicere
571 1859 844 1913 maluerunt,
870 1873 1055 1916 graecam
1077 1856 1346 1902 locutionem
1375 1857 1509 1900 secuti
1527 1865 1644 1900 sunt.
1671 1857 1794 1900 Lati-

404 1948 473 1977 nae
486 1940 631 1976 autem
647 1929 932 1989 linguaeillud
954 1929 1099 1989 potius
1122 1928 1329 1973 usitatum
1344 1937 1423 1981 est,
1444 1936 1494 1971 ut
1511 1928 1610 1971 «Ab
1628 1928 1751 1972 initio
1770 1946 1791 1969 »

405 2002 475 2048 vel
495 2021 515 2045 «
535 2002 666 2047 Initio
694 2021 711 2042 »
737 1999 907 2044 dicatur
923 2034 934 2055 ,
959 1997 1081 2060 quod
1113 2007 1274 2052 καταρχάς
1295 2013 1433 2057 graece
1462 1998 1585 2058 quasi
1614 1996 1795 2057 plurali-

404 2083 470 2118 ter
487 2109 498 2128 ,
533 2071 609 2117 sed
631 2069 937 2116 adverbialiter
957 2069 1120 2114 dicitur
1145 2088 1153 2114 :
1180 2067 1310 2129 quale
1333 2078 1397 2113 est
1419 2067 1536 2128 apud
1558 2084 1636 2113 nos
1655 2104 1666 2124 ,
1692 2084 1794 2113 cum

405 2144 588 2190 dicimus
612 2162 622 2188 ε
647 2142 763 2188 Alias
796 2141 880 2185 hoc
904 2140 1015 2186 facio
1037 2161 1048 2188 a
1073 2139 1287 2200 pluralem
1314 2155 1547 2184 numerum
1575 2138 1795 2184 foeminini

406 2215 572 2276 generis
601 2212 745 2263 dicere
766 2212 991 2267 videmur,
1017 2210 1093 2255 sed
1114 2210 1369 2255 adverbium
1403 2219 1492 2265 est,
1518 2220 1560 2255 et
1582 2210 1795 2269 significat

404 2285 489 2331 alio
514 2294 725 2344 tempore.
767 2281 882 2336 Quid
912 2290 976 2326 est
998 2297 1123 2341 ergo,
1149 2301 1169 2323 «
1194 2281 1262 2325 Ab
1285 2281 1410 2325 initio
1431 2281 1642 2339 cognovi,
1680 2298 1700 2321 »
1724 2279 1795 2325 vel

401 2358 547 2418 potius
566 2363 618 2399 ut
638 2363 682 2398 et
701 2368 780 2398 nos
803 2352 1106 2397 adverbialiter
1118 2351 1164 2395 id
1185 2351 1396 2406 dicamus,
1417 2371 1434 2392 «
1458 2352 1589 2395 Initio
1606 2349 1793 2410 cognovi

407 2446 428 2470 »
464 2426 519 2471 de
535 2423 791 2470 testimoniis
812 2422 914 2479 tuiS,
933 2422 1037 2483 quia
1049 2423 1095 2466 in
1111 2431 1327 2467 aeternum
1345 2420 1539 2466 fundasti
1560 2436 1610 2465 ea
1626 2423 1642 2463 ‘?
1658 2438 1678 2462 >›
1697 2423 1794 2464 Tes-

451 2530 460 2547 ¹
482 2522 562 2555 Psal.
581 2533 692 2563 cxvm,
716 2520 790 2553 151.
810 2537 850 2543 —
873 2526 884 2542 ²
899 2519 1027 2552 Esther.
1047 2530 1112 2559 xiv,
1133 2517 1166 2550 6.
1188 2535 1229 2541 —
1246 2516 1350 2551 3Dan.
1372 2529 1416 2561 vx,
1437 2527 1491 2551 22.
1510 2535 1551 2541 —-
1571 2516 1588 2548 4
1605 2518 1652 2550 Id.
1672 2529 1719 2560 ιιι,
1735 2515 1791 2559 24.

403 2597 444 2602 -
464 2576 478 2602 5
496 2578 579 2611 Psal.
600 2589 685 2618 xxiv,
713 2588 763 2610 10.
779 2590 822 2599 -·
839 2572 855 2598 ⁶
875 2576 909 2608 Id
941 2585 1045 2615 cxviii,
1072 2573 1144 2606 152.
