1848 3261
417 234 472 272 98
840 243 874 269 s.
909 241 1142 271 Auousrmx
1171 243 1352 271 EPISCOPI

414 323 457 352 es
485 325 494 352 ε
518 305 618 352 vide
638 305 758 366 quod
779 321 849 364 es3
884 314 928 350 et
945 307 980 350 si
1010 307 1088 352 tibi
1110 306 1309 366 displicet
1325 341 1337 362 ‚
1362 321 1510 366 quaere
1531 314 1582 351 ut
1607 320 1699 349 non
1723 305 1794 349 sis.

418 378 460 424 Si
482 378 597 422 enim
617 393 718 423 cum
739 376 857 421 foeda
880 377 956 433 sis,
983 378 1062 422 tibi
1082 377 1164 437 ipsi
1194 377 1337 422 adhuc
1362 376 1560 436 displices
1577 412 1588 432 ,
1614 375 1800 436 pulchro

408 450 498 508 jam
521 449 676 509 places.
693 449 809 502 Quid
826 463 926 506 ergo
940 450 956 489 ἶ)
972 450 1188 502 Quoniam
1205 447 1404 508 displicet
1420 448 1501 492 tibi
1515 447 1690 492 foeditas
1707 455 1796 502 tua,

411 521 563 580 incipis
586 521 625 563 ei
655 520 700 563 in
732 518 1004 564 confessione
1029 539 1037 564 ε
1066 521 1175 564 sicut
1199 519 1302 563 alibi
1331 518 1518 573 dicitur,
1563 537 1583 560 «
1616 518 1800 577 Incipite

411 609 431 631 »
467 591 654 635 Domino
689 591 733 633 in
773 589 1039 634 confessione
1056 593 1088 634 1.
1129 609 1148 631 »
1192 590 1335 633 Primo
1374 604 1524 632 accusa
1556 587 1801 632 foeditatem

412 671 531 706 tuam
556 659 755 705 :foeditas
777 661 892 703 enim
914 660 1069 704 animae
1092 659 1146 704 de
1169 660 1378 719 peccatis,
1397 659 1453 703 de
1478 659 1798 719 iniquitatibus.

406 730 664 777 Accusando
690 729 932 775 foeditatem
950 740 1070 775 tuam
1092 731 1236 790 incipe
1254 731 1473 785 confiteri,
1495 745 1518 774 a
1531 727 1802 773 confessione

408 803 560 862 incipis
579 802 777 846 decorari
802 821 810 846 ε
836 818 925 863 quo
947 801 1180 847 decorante
1196 837 1208 857 ‚
1236 802 1317 846 nisi
1341 801 1533 861 specioso
1556 799 1696 845 forma
1711 815 1802 860 prae

412 874 509 919 filiis
532 874 788 918 hominum?
929 867 934 872 ’

470 947 523 988 V.
547 947 604 988 Ut
624 953 768 988 autern
794 953 837 987 et
853 942 1056 988 decoram
1074 942 1235 987 faceret
1252 978 1262 997 ‚
1288 942 1428 987 audeo
1446 941 1591 986 dicere
1607 976 1617 996 ‚
1643 940 1804 986 amavit

412 1024 454 1059 et
478 1013 656 1059 foedam.
682 1014 799 1067 Quid
821 1023 905 1069 est,
926 1014 1141 1057 amavitet
1164 1012 1357 1057 foedam?
1375 1033 1394 1054 «
1417 1013 1590 1056 Etenim
1608 1011 1805 1056 Christus

417 1106 434 1128 »
472 1101 549 1144 pro
570 1085 710 1145 impiis
733 1094 929 1128 mortuus
953 1086 1058 1133 est2.
1097 1102 1116 1123 »
1145 1087 1285 1137 Quam
1305 1084 1439 1128 vitam
1467 1083 1546 1127 tibi
1569 1081 1810 1141 servatjus-

410 1157 572 1200 tificato
589 1190 599 1209 ‚
625 1155 699 1215 qui
714 1170 838 1198 suam
860 1163 1046 1198 mortem
1060 1153 1240 1197 donavit
1258 1163 1302 1196 et
1315 1154 1474 1211 impio?
1492 1155 1603 1197 Ecce
1621 1151 1808 1211 pulcher

411 1226 483 1270 iile
503 1237 545 1270 et
566 1226 782 1284 speciosus
806 1224 943 1268 forma
971 1240 1060 1283 prae
1084 1223 1181 1267 filiis
1211 1223 1439 1267 hominum
1457 1258 1467 1277 ,
1500 1223 1600 1283 quia
1617 1221 1804 1282 justissi-

413 1312 508 1340 mus
539 1312 629 1356 prae
654 1295 752 1339 filiis
779 1295 1039 1350 hominum,
1065 1295 1272 1354 quoniam
1295 1294 1502 1338 veniebat
1532 1293 1588 1337 ad
1614 1292 1804 1348 foedam,

412 1377 461 1411 ut
494 1366 654 1411 faceret
695 1365 920 1425 pulchram
937 1399 948 1420 ⁷
975 1366 1148 1422 (dicam
1172 1374 1214 1408 et
1243 1365 1349 1419 hoc,
1376 1365 1476 1424 quia
1501 1365 1548 1408 in
1578 1364 1808 1423 Scripturis

410 1437 638 1494 invenim)
662 1435 807 1480 foedus
821 1435 960 1480 factus
984 1444 1062 1478 est.
1089 1438 1187 1480 Non
1203 1450 1270 1477 me
1287 1436 1332 1478 in
1349 1435 1432 1479 hoc
1455 1433 1642 1479 audiatis
1661 1469 1674 1490 ‚
1691 1448 1747 1478 ne
1763 1435 1810 1478 in

412 1509 495 1553 hoc
514 1513 694 1552 verbum
707 1517 867 1551 temere
879 1505 1024 1566 lapsus
1037 1506 1132 1549 sim.
1160 1506 1417 1550 sicutenim
1436 1504 1629 1550 dixeram
1650 1525 1659 1550 :
1679 1508 1812 1549 Ama-

414 1581 476 1625 vit
494 1589 536 1624 et
558 1578 721 1624 foedam
744 1600 755 1637 3
776 1594 865 1624 non
881 1588 1027 1621 autem
1049 1577 1173 1637 quasi
1191 1587 1484 1635 congruenter
1504 1576 1697 1621 dixeram
1714 1575 1811 1636 qui-

417 1651 599 1697 busdam
621 1650 747 1694 illum‘
768 1649 1013 1694 amantibus
1029 1684 1040 1704 ,
1065 1649 1146 1692 nisi
1169 1649 1276 1692 mihi
1309 1648 1428 1692 testis
1462 1647 1740 1708 procederet3
1768 1656 1812 1692 et

420 1723 508 1767 dixi
521 1721 641 1783 quod
653 1721 759 1765 dixit
774 1714 1020 1780 Apostolus.
1037 1720 1111 1763 Vis
1126 1735 1248 1764 nosse
1264 1718 1384 1779 quod
1397 1719 1551 1763 amarit
1562 1728 1606 1763 et
1621 1717 1813 1763 foedam?

425 1814 444 1836 (ι
480 1793 676 1839 Christus
698 1809 776 1852 pro
813 1791 955 1851 impiis
986 1800 1184 1835 mortuus
1220 1800 1312 1835 est:
1347 1809 1366 1832 »
1387 1790 1445 1834 sic
1469 1799 1514 1834 et
1537 1789 1671 1835 modo
1693 1788 1815 1850 quod

423 1866 532 1919 dixi,
567 1868 623 1910 Ut
644 1865 810 1908 veniret
833 1862 888 1906 ad
916 1861 1109 1917 foedam⁷
1147 1860 1294 1906 foedus
1322 1859 1463 1905 factus
1485 1871 1579 1916 est,
1606 1860 1814 1906 deformis

425 1936 563 1981 factus
581 1945 644 1991 est
658 1971 668 1990 ‚
695 1934 915 1994 quomodo
934 1934 1131 1993 probabo
1148 1954 1159 1991 3
1184 1932 1361 1993 quando
1379 1934 1469 1993 jam
1490 1932 1596 1976 mihi
1614 1931 1813 1991 praedixit

424 2007 624 2052 divinum
640 2005 859 2064 eioquium
869 2040 878 2059 ,
890 2024 909 2046 «
924 2004 1147 2063 speciosus
1162 2002 1301 2048 forma
1315 2019 1405 2062 prae
1420 2002 1518 2047 filiis
1531 2003 1815 2047 hominum?»
1835 2019 1838 2022 ’

429 2077 512 2123 Sed
533 2078 579 2120 iu
599 2077 692 2135 ipso
714 2075 861 2119 divino
885 2074 1061 2135 eloquio
1080 2090 1228 2119 rursus
1247 2074 1412 2129 habeo,
1440 2093 1458 2116 «
1479 2074 1678 2118 Vidimus
1694 2088 1813 2127 eum,

430 2168 448 2191 »
485 2157 528 2192 ct
550 2163 638 2191 non
670 2146 859 2190 habebat
892 2146 1078 2205 speciem
1098 2180 1109 2201 ‚
1140 2160 1283 2205 neque
1315 2144 1558 2188 decoremss.
1591 2145 1816 2203 Speciosus

431 2239 450 2261 »
487 2219 625 2263 forma
648 2234 736 2277 prae
765 2216 860 2260 filiis
891 2217 1116 2260 hominum
1143 2235 1151 2260 :
1187 2215 1384 2259 Vidimus
1406 2230 1528 2267 eum,
1563 2224 1606 2258 et
1625 2231 1714 2259 non
1733 2215 1815 2258 ha-

432 2310 450 2331 »
480 2290 611 2334 bebat
625 2288 825 2348 speciem,
839 2303 980 2347 neque
994 2287 1210 2343 decorem.
1220 2287 1342 2330 »Non
1356 2284 1464 2329 dixit
1478 2304 1486 2329 :
1500 2285 1813 2341 Nonviclimus‚

428 2360 580 2404 etideo
608 2357 904 2402 nesciebamus
925 2366 1072 2400 utrum
1090 2355 1271 2399 haberet
1295 2355 1482 2414 speciem
1506 2355 1576 2399 vel
1596 2353 1814 2413 decorem3

432 2452 451 2474 «
476 2435 587 2475 Ecce
599 2430 807 2481 vidimus,
824 2437 867 2472 et
880 2444 967 2472 non
979 2428 1170 2472 habebat
1182 2427 1386 2486 speciem,
1399 2442 1542 2486 neque
1561 2426 1829 2471 decorem.».

430 2503 512 2547 Ubi
527 2518 628 2561 ergo
649 2500 773 2546 illum
789 2499 896 2545 vidit
915 2499 990 2559 qui
1012 2497 1141 2553 dixit,
1161 2517 1182 2540 «
1205 2497 1428 2557 Speciosus
1445 2495 1583 2541 forma
1600 2512 1689 2556 prae
1711 2495 1812 2541 filiis

481 2595 487 2610 ¹
507 2588 585 2620 Psal.
609 2598 714 2627 cmvi,
730 2595 761 2628 7.
780 2602 819 2607 -·-
835 2592 848 2607 ²
873 2587 964 2617 Rom.
982 2596 1015 2626 v,
1034 2587 1066 2616 6.
1088 2601 1129 2607 —
1148 2582 1161 2609 3
1184 2584 1255 2616 Isa'i.
1276 2594 1339 2623 Lm,
1360 2592 1390 2616 2.
