1848 3261
389 217 475 257 416
824 228 858 256 s.
894 225 1125 257 Aucnsnm
1156 227 1337 256 Emscom

908 396 1125 437 SERMO
1169 397 1249 435 IX.

440 554 476 595 Ι.
509 553 673 595 PSALM1
697 550 826 608 hujus
852 565 952 609 quae
982 549 1207 595 tractanda
1237 549 1590 610 subsequuntur,
1618 549 1774 594 admo-

380 630 486 666 nent
507 635 586 664 nos
611 635 784 664 causam
813 629 972 664 nostrae
1000 621 1183 665 miseriae
1220 620 1451 665 recordari.
1470 620 1646 665 Etenim
1673 637 1776 665 cum

379 691 553 735 dixisset
568 725 579 746 ,
605 709 626 731 «
650 691 914 750 Concupivit
941 691 1084 734 anima
1107 706 1203 735 mea
1226 690 1471 736 desiderare
1498 691 1776 751 justificatio-

381 780 401 803 »
436 776 512 805 nes
545 769 640 804 tuas
677 761 725 804 in
756 760 876 804 omni
907 763 1135 820 tempore1
1161 782 1172 818 3
1208 780 1228 802 »
1265 761 1353 805 sive
1386 761 1548 805 scilicet
1573 762 1619 804 in
1646 762 1776 805 rebus

377 830 618 891 prosperis,
655 830 742 874 sive
763 829 811 873 in
834 831 1050 887 adversis,
1084 832 1185 889 quia
1211 840 1254 873 et
1281 831 1327 874 in
1363 830 1588 875 laboribus
1615 839 1659 874 et
1693 830 1774 875 do-

377 903 544 947 loribus
565 901 698 945 dehet
726 901 944 945 delectare
959 901 1126 961 justitia
1147 922 1158 958 3
1183 916 1262 945 nec
1283 902 1344 945 ita
1379 911 1443 945 est
1478 911 1672 961 tempore
1704 902 1773 946 dj-

376 973 549 1031 ligenda
589 971 827 1032 tranquillo
853 1005 866 1026 ,
902 980 953 1015 ut
989 971 1247 1015 turbulento
1283 980 1477 1030 tempore
1517 970 1740 1016 deseratur
1759 1008 1771 1028 ,

379 1044 455 1088 sed
476 1043 778 1104 amplectenda
801 1044 923 1087 estin
945 1043 1065 1087 omni
1087 1053 1283 1103 tempore
1305 1062 1314 1087 ι
1341 1043 1553 1087 continuo
1570 1044 1771 1103 subjecit,

381 1133 401 1155 «
436 1115 674 1172 Increpasti
693 1113 927 1172 superbos,
948 1113 1170 1157 maledicti
1187 1114 1262 1173 qui
1277 1113 1498 1158 declinant
1517 1130 1540 1158 a
1558 1114 1774 1158 mandatis

379 1202 399 1225 »
435 1184 520 1227 tuis
533 1186 565 1227 ².
594 1202 614 1224 »
652 1184 838 1243 Superbi
865 1184 982 1227 enim
1006 1183 1226 1228 declinant
1243 1200 1267 1228 a
1284 1184 1499 1229 mandatis
1522 1187 1614 1229 Dei.
1642 1184 1775 1229 Aliud

377 1264 441 1298 est
462 1255 626 1315 quippe
645 1255 849 1300 mandata
872 1256 950 1299 Dei
972 1272 1049 1315 per
1070 1257 1366 1300 infirmitatem
1392 1255 1461 1301 vel
1484 1256 1774 1313 ignorantiam

375 1342 466 1371 non
482 1325 663 1385 implere
691 1344 699 1369 :
721 1326 842 1368 aliud
864 1327 920 1367 ab
941 1327 999 1368 eis
1021 1343 1098 1384 per
1123 1328 1373 1385 superbiam
1391 1327 1609 1369 declinare
1627 1347 1638 1383 3
1664 1327 1775 1370 sicut

374 1397 576 1442 fecerunt
603 1397 678 1456 qui
700 1411 779 1439 nos
807 1395 1047 1439 mortaliter
1068 1396 1114 1439 in
1146 1397 1241 1441 haec
1270 1396 1384 1440 mala
1405 1406 1665 1455 genuerunt.
1686 1401 1774 1442 De-

375 1467 550 1511 lectavit
565 1467 681 1510 enim
693 1482 780 1521 eos,
800 1486 819 1508 «
837 1466 966 1511 Eritis
981 1467 1092 1511 sicut
1104 1466 1164 1511 dii
1176 1470 1189 1493 ¹
1209 1487 1217 1512 :
1235 1486 1255 1509 »
1276 1483 1324 1511 ac
1340 1468 1399 1511 sic
1417 1484 1440 1511 a
1453 1469 1660 1512 mandato
1675 1469 1769 1525 Dei,

377 1537 497 1598 quod
514 1538 597 1582 sibi
616 1553 717 1581 eum
738 1537 965 1581 mandasse
990 1538 1206 1593 sciebant,
1232 1548 1276 1582 et
1297 1538 1418 1598 quod
1434 1537 1638 1583 facillime
1651 1538 1773 1584 nulla

378 1608 632 1652 infirmitate
655 1616 886 1651 revocante
901 1642 912 1662 ,
937 1607 1201 1666 impediente
1217 1644 1228 1664 ,
1245 1608 1467 1664 tardante,
1489 1609 1671 1668 implere
1692 1625 1773 1669 po-

379 1688 549 1734 terant,
572 1693 650 1737 per
666 1679 780 1721 hanc
802 1677 1049 1736 superbiam
1067 1677 1358 1723 declinarunt.
1380 1682 1437 1723 Et
1459 1695 1558 1724 ecce
1580 1689 1672 1724 tota
1692 1680 1773 1725 ista

378 1752 487 1796 dura
505 1760 548 1796 et
568 1749 719 1794 infelix
745 1765 941 1793 aerumna
964 1750 1236 1806 mortalium,
1262 1752 1455 1812 quodam
1479 1751 1611 1796 modo
1629 1754 1771 1797 haere-

378 1823 532 1866 ditaria
575 1831 638 1866 est
672 1821 910 1880 increpatio
946 1821 1252 1880 superborum.
1287 1822 1473 1874 Quando
1508 1823 1622 1866 enim
1664 1822 1772 1868 dixit

379 1897 492 1938 Deus
510 1929 520 1948 ‚
550 1912 570 1935 «
596 1892 759 1947 Adam,
786 1892 864 1935 ubi
895 1893 993 1935 es⁴'?
1019 1910 1038 1933 »
1066 1908 1155 1936 non
1178 1892 1256 1936 ubi
1278 1903 1387 1937 esset
1408 1893 1662 1951 ignorabat,
1694 1894 1771 1939 sed

380 1964 617 2023 superbum
638 1963 892 2022 increpabat
918 1979 926 2003 :
948 1972 991 2006 et
1013 1963 1091 2007 ubi
1115 1973 1221 2008 tunc
1243 1973 1351 2007 esset
1372 1964 1418 2007 id
1440 1974 1504 2008 est
1523 2000 1534 2020 ‚
1560 1964 1615 2009 ad
1637 1980 1771 2025 quam

380 2035 594 2079 miseriam
607 2034 885 2094 pervenisset,
903 2049 992 2078 non
1005 2034 1112 2078 scire
1128 2034 1347 2093 cupiebat,
1364 2035 1440 2078 sed
1459 2035 1770 2094 interrogando

380 2105 607 2165 increpans
641 2103 918 2149 admonebat.
946 2103 1056 2148 Vide
1088 2114 1234 2148 autem
1272 2104 1646 2164 quemadmodum
1669 2122 1770 2150 cum

384 2175 580 2232 dixisset,
611 2195 628 2216 «
656 2176 893 2235 Increpasti
920 2175 1129 2235 superbos
1156 2195 1164 2219 :
1195 2194 1214 2216 »
1241 2191 1330 2219 non
1354 2176 1434 2230 ait,
1455 2175 1675 2220 Maledicti
1694 2177 1770 2237 qui

383 2245 710 2291 declinaverunt
732 2262 755 2289 a
777 2245 989 2290 mandatis
1014 2245 1123 2303 tuis,
1143 2254 1192 2289 ut
1207 2245 1318 2289 illud
1343 2255 1512 2290 tantum
1527 2246 1771 2305 primorum

383 2317 610 2362 hominum
633 2327 861 2378 peccatum
888 2319 1055 2362 veniret
1070 2318 1116 2360 in
1134 2326 1325 2360 mentem
1355 2337 1362 2362 :
1384 2318 1460 2361 sed
1479 2318 1559 2373 ait,
1590 2337 1609 2360 «
1630 2317 1770 2363 Male-

387 2407 406 2429 »
443 2387 549 2432 dicti
571 2390 646 2448 qui
661 2387 897 2442 declinant,
918 2407 936 2429 n
956 2388 1196 2447 Oportebat
1218 2388 1334 2431 enim
1352 2397 1402 2432 ut
1421 2404 1569 2433 omnes
1590 2387 1665 2432 illo
1688 2398 1772 2432 ter-

384 2468 581 2503 rerentur
611 2458 806 2518 exemplo
835 2475 858 2503 a
887 2459 1042 2503 divinis
1075 2474 1165 2503 non
1197 2457 1416 2503 declinare
1447 2459 1689 2516 mandatis,
1728 2468 1772 2503 et

432 2574 440 2589 ¹
463 2566 667 2608 Psal.cxv1u,
692 2574 746 2599 20.
768 2583 808 2589 —-
828 2573 841 2589 2
860 2566 942 2599 Ibid.
963 2575 1018 2599 21.
1042 2583 1082 2590 --
1102 2564 1114 2590 3
1132 2568 1212 2599 Gen.
1229 2576 1275 2608 111,
1296 2565 1328 2599 5.
1347 2583 1388 2589 —
1406 2564 1517 2599 41bid.
1536 2578 1569 2609 9.
