1848 3261
280 231 522 262 ENARRAno
555 235 600 262 ΙΝ
634 231 817 262 PALMUM
849 234 1005 272 cxv111,
1040 232 1178 263 SERMO
1207 235 1313 262 xxir.
1396 222 1475 263 491

101 297 281 343 credidi.
312 317 333 340 «
363 299 472 351 Quia
496 308 544 343 tu
566 299 704 358 legem
726 298 906 358 posuisti
924 298 1046 343 mihi.
1075 317 1096 340 »
1123 302 1187 343 Tu
1212 300 1391 344 interior
1411 300 1482 344 in-

98 368 213 412 timis
236 369 343 412 meis
363 403 373 423 ‚
412 378 460 413 tu
479 370 595 413 intus
618 370 663 413 in
684 368 814 413 corde
834 368 974 427 legem
995 369 1175 428 posuisti
1200 370 1308 414 mihi
1328 370 1483 430 spiritu

97 449 197 494 tue,
233 448 445 500 tanquam
473 439 610 499 digito
643 450 746 498 tu03
769 449 820 484 ut
852 455 945 484 eam
974 455 1064 484 non
1097 449 1306 500 tanquam
1333 457 1481 486 servus

96 510 188 554 sine
217 525 362 554 amore
390 520 627 555 metuerem
651 546 661 565 ‚
685 509 758 554 sed
793 519 908 554 casto
930 510 1085 555 timore
1105 519 1156 555 ut
1182 510 1296 554 filius
1326 509 1480 569 dilige-

96 596 186 625 rem
201 616 211 635 ‚
233 591 276 625 et
297 581 529 626 dilectione
551 591 665 626 casta
688 582 899 626 timerem.

155 653 255 695 VII.
281 654 338 696 Et
358 651 457 695 ideo
480 651 577 695 vide
592 651 699 712 quid
718 652 912 712 sequitur
939 670 947 697 :
978 670 998 694 «
1018 654 1160 705 Quam
1176 649 1320 696 dulcia
1341 650 1482 695 fauci-

102 742 119 764 »
155 722 235 766 bus
253 723 357 767 meis
379 722 510 767 verba
527 726 647 778 tua1‚
679 743 696 765 »
722 722 815 778 vel,
837 723 958 784 quod
979 724 1034 767 de
1058 737 1199 781 graeco
1222 731 1286 767 est
1306 737 1482 783 expres—

94 793 181 836 sius
198 827 209 846 ‚
237 811 255 833 «
282 792 469 852 Eloquia
491 802 564 837 tua
587 813 595 838 :
622 809 749 852 super
771 792 858 837 mel
882 802 925 838 et
946 791 1094 837 favum
1117 793 1182 837 ori
1202 808 1315 837 meo.
1337 812 1355 834 »
1378 795 1482 838 Haec

98 871 162 906 est
183 861 256 906 illa
284 863 471 907 suavitas
487 898 497 917 ,
523 879 655 923 quam
677 864 885 908 Dominus
907 862 983 907 dat
997 898 1008 918 ,
1035 872 1085 907 ut
1107 872 1220 907 terra
1241 872 1386 907 nostra
1408 862 1483 908 det

94 932 293 976 fructum
319 948 447 976 suum
465 936 481 959 2
504 954 514 990 3
534 942 583 977 ut
607 933 773 977 bonum
795 948 896 978 vere
918 933 1029 977 bene
1046 968 1056 988 ‚
1088 932 1133 976 id
1154 942 1217 977 est
1232 968 1243 988 ‚
1269 948 1358 978 non
1379 933 1484 978 mali

94 1003 276 1046 earnalis
301 1001 534 1047 formidine
553 1039 563 1059 ‚
591 1003 666 1048 sed
688 1004 792 1048 boni
814 1003 1015 1064 spiritalis
1037 1003 1324 1049 delectatione
1345 1003 1482 1049 facia-

93 1088 206 1116 mus.
241 1072 451 1117 Nonnulli
479 1089 582 1117 sane
613 1073 782 1118 codices
805 1090 894 1118 non
912 1074 1077 1118 habent
1098 1093 1115 1114 «
1143 1077 1310 1118 Favum
1330 1109 1342 1129 ‚
1367 1093 1385 1115 »
1406 1073 1482 1118 sed

94 1142 239 1202 plures
261 1144 440 1187 habent.
466 1144 586 1188 Melli
611 1153 674 1187 est
697 1154 842 1188 autem
864 1144 1010 1187 similis
1033 1153 1179 1203 aperta
1196 1143 1393 1188 doctrina
1415 1159 1483 1188 sa-

93 1213 267 1273 pientiae
291 1233 298 1258 :
326 1214 424 1258 favo
449 1229 551 1257 vero
567 1249 577 1268 ‚
611 1229 711 1273 quae
738 1214 792 1257 de
818 1214 1153 1258 abstrusioribus
1175 1215 1451 1258 sacramentis
1467 1250 1478 1270 ‚

92 1292 301 1343 tanquam
320 1282 374 1327 de
397 1282 515 1327 cellis
536 1284 684 1338 cereis,
706 1299 781 1327 ore
803 1284 1063 1338 disserentis,
1080 1283 1201 1328 velut
1217 1284 1478 1340 mandentis,

93 1355 361 1415 exprimitur.
388 1357 550 1398 Verum
574 1355 637 1398 ori
662 1354 802 1398 cordis
818 1390 828 1409 ‚
854 1370 943 1399 non
964 1355 1103 1399 carnis
1120 1364 1184 1400 est
1206 1354 1359 1400 dulcis.

151 1427 273 1468 VIII.
298 1424 382 1469 Sed
404 1425 511 1484 quid
533 1434 596 1468 est
618 1425 738 1484 quod
759 1425 818 1468 ait
840 1445 848 1469 ε
881 1444 897 1465 «
926 1428 964 1470 Α
986 1425 1201 1470 mandatis
1233 1426 1317 1470 tuis
1347 1426 1480 1471 intel-

99 1515 116 1537 »
151 1495 294 1539 lexi³?
323 1515 340 1536 »
367 1495 500 1539 Aliud
524 1495 639 1538 enim
663 1504 746 1549 est,
774 1495 979 1539 Mandata
1010 1505 1084 1539 tua
1115 1495 1336 1554 intellexi3
1362 1495 1481 1541 aliud

93 1574 155 1609 est
174 1601 185 1620 ⁷
215 1584 232 1606 «
259 1568 296 1609 A
318 1564 532 1609 mandatis
552 1566 638 1608 tuis
660 1564 868 1609 intellexi.
896 1585 913 1606 »
935 1566 1089 1610 Nescio
1106 1565 1215 1626 quid
1236 1581 1339 1625 ergo
1362 1566 1481 1611 aliud

93 1651 138 1680 se
169 1636 382 1694 significat
403 1634 661 1679 intellexisse
683 1651 706 1679 a
730 1635 944 1679 mandatis
971 1635 1048 1679 Dei
1074 1655 1082 1680 ;
1107 1636 1191 1680 hoc
1225 1645 1313 1690 est,
1338 1653 1480 1697 quan-

92 1716 188 1751 tum
226 1707 332 1750 mihi
360 1706 553 1761 videtur,
594 1705 796 1750 faciendo
827 1706 1033 1750 mandata
1066 1706 1144 1750 Dei
1172 1707 1415 1766 pervenisse
1436 1724 1480 1753 se

92 1776 197 1821 dicit
219 1776 273 1820 ad
300 1792 449 1820 earum
477 1791 622 1819 rerum
646 1775 978 1834 intelligentiam
998 1811 1009 1831 ‚
1044 1792 1151 1835 quas
1173 1778 1480 1837 concupiverat

92 1847 215 1891 scire.
247 1850 430 1905 Propter
461 1846 580 1906 quod
609 1846 819 1905 scriptum
849 1855 912 1889 est
939 1865 948 1890 2
977 1865 994 1886 «
1021 1847 1276 1906 Concupisti
1309 1849 1480 1908 sapien-

97 1937 115 1959 »
151 1917 272 1971 tiam,
289 1932 408 1960 serva
423 1916 644 1971 mandata,
661 1925 703 1959 et
717 1916 925 1960 Dominus
942 1916 1158 1975 praebebit
1172 1916 1288 1961 illam
1307 1917 1386 1962 tibi
1398 1919 1437 1964 ⁴:
1457 1941 1476 1962 »

92 2002 148 2030 ne
169 1986 369 2046 quisdam
399 1995 714 2045 praeposterus,
742 1995 976 2046 antequam
999 1987 1159 2031 habeat
1187 1987 1479 2034 humilitatem

92 2056 367 2111 obedientiae,
378 2055 483 2100 velit
500 2055 555 2099 ad
569 2055 845 2100 altitudinem
858 2056 1079 2116 sapientiae
1092 2058 1332 2116 pervenire,
1347 2075 1479 2119 quam

91 2142 245 2187 capere
262 2142 351 2170 non
368 2134 511 2186 potest
527 2161 538 2181 ‚
564 2127 644 2170 nisi
666 2127 818 2171 ordine
840 2128 1195 2172 venerit.Audiat
1216 2144 1317 2187 ergo
1335 2148 1344 2174 ε
1367 2148 1385 2170 «
1404 2129 1478 2175 ΑΙ-

98 2219 116 2240 »
152 2199 262 2242 tiora
279 2207 322 2242 te
342 2213 398 2241 ne
415 2197 655 2257 quaesieris,
682 2207 724 2242 et
746 2197 925 2243 fortiora
941 2208 984 2243 te
1002 2215 1056 2244 ne
1079 2209 1293 2244 scrutatus
1314 2200 1446 2246 fueris
1463 2223 1475 2261 3

100 2289 117 2309 »
152 2267 228 2313 sed
249 2284 348 2328 quae
370 2269 577 2327 praecepit
599 2269 677 2313 tibi
700 2268 908 2313 Dominus
924 2305 935 2325 ,
959 2269 1031 2314 illa
1053 2271 1193 2330 cogita
1216 2286 1384 2330 semper
1402 2273 1433 2315 ⁵.
1455 2291 1474 2313 »

98 2339 165 2383 Sic
178 2339 310 2382 homo
329 2337 384 2382 ad
401 2338 673 2383 occultorum
690 2339 946 2398 sapientiam
967 2342 1163 2400 pervenit
1180 2357 1255 2401 per
1268 2341 1478 2386 obedien-

95 2409 199 2453 tiam
216 2407 538 2454 mandatorum.
565 2412 676 2455 Cum
700 2419 845 2454 autem
865 2409 1038 2455 dixisset
1062 2431 1070 2457 ε
1091 2430 1109 2451 «
1132 2414 1238 2465 Quae
1265 2411 1342 2456 tibi
1364 2427 1478 2472 prae-

144 2514 152 2530 ¹
173 2507 251 2539 Psal.
269 2518 383 2549 cxvm,
413 2507 484 2540 103.
505 2525 547 2532 —-
567 2515 580 2531 ²
600 2508 646 2540 ld.
667 2508 862 2549 Lxxxrv,13.
880 2525 922 2531 ·——
942 2506 956 2531 ³
976 2508 1025 2542 ld.
1050 2520 1158 2551 exvm,
1180 2508 1251 2551 104.
1281 2526 1313 2532 —
1334 2507 1348 2538 4
1374 2509 1472 2545 Eccli.

95 2573 118 2604 1,
136 2562 188 2595 33.
210 2580 251 2586 —
270 2561 284 2586 5
301 2564 348 2595 Id.
373 2574 421 2605 ιιι,
440 2572 495 2596 22.
