1848 3261
297 215 538 245 ENARRATm
569 217 615 245 ΙΝ
647 215 849 245 PsALMUM
879 215 1014 243 cxvm
1034 232 1045 254 ‚
1079 215 1216 245 SERMO
1247 220 1278 244 1.
1391 208 1472 246 381

95 296 181 327 vox
197 281 277 326 ista
300 280 445 326 divina
462 317 473 339 ,
501 299 519 322 α
548 281 670 325 Beati
690 279 957 325 immaculati
979 280 1024 323 in
1039 280 1108 323 via
1126 315 1136 334 ,
1157 282 1232 340 qui
1253 281 1480 327 ambulant

102 371 119 396 »
155 351 200 395 in
222 350 318 409 lege
336 351 510 395 Domini
532 369 540 395 :
564 369 584 392 n
611 360 819 411 tanquam
851 349 1025 405 dicens,
1058 352 1154 402 Quo
1182 350 1276 394 itis?
1309 353 1475 408 Peritis,

96 430 139 466 et
159 422 342 465 nescitis.
367 424 465 467 Non
486 421 585 466 illac
606 422 693 466 itur
716 436 801 481 qua
819 421 1014 480 pergitis,
1047 436 1135 480 quo
1157 422 1381 480 pervenire
1403 422 1479 466 de-

95 491 287 536 sideratis
308 510 316 536 :
339 507 442 535 nam
466 492 617 552 utique
641 491 755 535 beati
776 506 864 534 esse
881 491 1036 550 cupitis
1055 511 1066 548 3
1086 490 1160 535 sed
1182 491 1334 535 misera
1357 501 1473 547 sunt,

96 571 139 606 et
160 561 216 606 ad
236 563 445 622 majorem
465 562 676 605 miseriam
704 561 872 605 ducunt
886 561 1041 605 itinera
1058 561 1136 605 ista
1152 596 1163 616 ,
1180 577 1266 621 qua
1289 562 1474 606 curritis.

97 635 203 676 Tam
220 647 424 690 magnum
449 632 612 676 bonnm
634 647 828 691 quaerere
839 647 916 690 per
933 630 1045 675 mala
1062 630 1197 675 nolite
1216 632 1275 676 :si
1297 631 1351 676 ad
1368 631 1480 676 illud

94 702 320 762 pervenire
342 701 472 746 vultis
492 736 503 758 ,
528 702 615 746 huc
636 702 803 757 venite,
819 702 900 745 hac
912 701 985 746 ite.
1008 701 1098 745 Viae
1116 717 1326 760 perversae
1348 702 1481 746 relin-

95 773 216 833 quite
236 771 573 831 malignitatem,
602 772 679 832 qui
700 788 790 817 non
811 772 986 832 potestis
1014 772 1259 832 relinquere
1288 773 1481 817 beatitu-

95 843 206 889 dinis
224 843 506 888 voluntatem.
530 847 708 888 Frustra
729 843 950 888 tendendo
973 841 1215 902 fatigamini.
1239 879 1250 899 ,
1271 860 1359 903 qno
1382 860 1481 905 per-

95 914 312 960 veniendo
324 914 629 974 inquinamini.
642 916 740 960 Non
750 923 896 959 autem
909 914 1023 958 beati
1034 915 1250 974 inquinati
1261 915 1306 958 in
1318 931 1478 972 errore,

96 987 175 1046 qui
196 986 426 1030 ambulant
446 985 491 1029 in
507 985 787 1045 perversitate
806 985 953 1030 saeculi
980 1004 989 1030 ε
1010 984 1106 1041 sed,
1138 1005 1158 1028 «
1182 987 1301 1031 Beati
1326 987 1482 1032 imma—

98 1074 119 1099 »
156 1056 289 1101 culati
306 1056 351 1100 in
373 1055 463 1107 via,
488 1056 564 1116 qui
587 1055 815 1100 ambulant
836 1057 881 1099 in
901 1055 995 1114 lege
1013 1057 1200 1101 Domini.
1226 1076 1245 1098 »

154 1129 213 1171 II.
237 1125 355 1180 Quid
376 1141 505 1185 porro
523 1125 732 1186 adjungat
750 1126 986 1182 attendite,
1007 1146 1028 1170 «
1054 1127 1176 1171 Beati
1190 1128 1265 1187 qui
1285 1137 1485 1173 scrutan-

98 1216 120 1240 »
156 1205 227 1241 tur
247 1196 493 1240 testimonia
529 1198 648 1257 ejus,
687 1197 732 1239 in
759 1205 852 1241 toto
875 1196 1003 1241 corde
1025 1198 1258 1257 exquirunt
1279 1213 1379 1242 eum
1397 1200 1428 1242 ¹.
1459 1217 1480 1241 »

95 1270 194 1314 Non
215 1267 321 1311 mihi
341 1265 515 1311 videtur
538 1266 657 1311 aliud
678 1267 743 1311 his
763 1267 905 1312 verbis
928 1277 1315 1312 commemoratum
1333 1269 1486 1315 beato-

97 1354 195 1383 rum
218 1352 374 1395 genus,
400 1352 532 1397 quam
548 1335 659 1380 illud
679 1337 799 1397 quod
820 1347 920 1382 ante
943 1339 1109 1382 dictum
1136 1349 1213 1384 est.
1239 1342 1350 1385 Nam
1372 1356 1486 1385 scru-

96 1409 180 1454 tari
212 1407 458 1452 testimonia
481 1407 674 1463 Domini,
700 1417 743 1451 et
767 1424 867 1452 eum
898 1408 944 1452 in
966 1418 1059 1454 toto
1081 1410 1211 1454 corde
1233 1411 1457 1471 exquirere
1472 1447 1483 1467 ,

98 1482 182 1525 1100
203 1488 267 1524 est
302 1477 632 1532 immaculatum
653 1479 697 1522 in
719 1479 815 1535 via,
841 1480 885 1523 in
913 1478 1009 1538 lege
1040 1481 1213 1525 Domini
1241 1482 1482 1527 ambulare.

98 1551 297 1611 Denique
330 1549 550 1610 sequitur,
587 1558 630 1593 et
661 1548 791 1604 dicit,
822 1569 839 1590 «
876 1552 974 1595 Non
1003 1551 1117 1594 enim
1140 1551 1216 1611 qui
1250 1562 1484 1612 operantur

102 1641 122 1664 »
158 1621 430 1680 iniquitatem
449 1655 460 1676 ,
479 1621 526 1664 in
544 1620 622 1665 viis
647 1621 738 1680 ejus
760 1619 1139 1665 ambulaverunffl.
1169 1640 1188 1663 »
1218 1623 1260 1667 Si
1282 1638 1385 1682 ergo
1401 1640 1487 1668 am-

99 1693 303 1738 bulantes
316 1692 362 1735 in
382 1691 451 1737 via
464 1727 479 1748 ,
494 1690 540 1735 id
563 1700 648 1747 est,
664 1690 816 1750 inlege
831 1692 1018 1747 Domini,
1035 1692 1114 1752 ipsi
1128 1702 1231 1737 sunt
1247 1704 1487 1740 scrutantes

100 1763 346 1809 testimonia
367 1763 459 1823 ejus
476 1796 487 1817 ,
511 1762 613 1806 etin
639 1770 730 1806 toto
754 1761 884 1807 corde
913 1763 1189 1822 exquirentes
1221 1779 1321 1809 eum
1342 1786 1353 1823 3
1381 1782 1487 1826 pro-

101 1834 217 1880 fecto
232 1834 308 1894 qui
321 1842 556 1892 operantur
568 1831 859 1892 iniquitatem,
874 1848 964 1877 non
979 1843 1227 1878 scrutantur
1241 1836 1488 1881 testimonia

102 1906 209 1966 ejus.
235 1907 293 1949 Et
313 1913 461 1947 tamen
482 1903 682 1947 novimus
700 1903 916 1962 operarios
929 1904 1167 1964 iniquitatis
1185 1905 1241 1949 ad
1261 1906 1345 1951 hoc
1364 1923 1487 1952 scru-

103 1976 185 2021 tari
198 1974 442 2019 testimonia
457 1973 645 2029 Domini,
664 1973 766 2034 quia
781 1973 952 2018 malunt
970 1973 1087 2019 docti
1105 1991 1192 2020 0550
1207 1993 1337 2037 quam
1352 1979 1457 2038 justi
1475 1998 1484 2023 ε

103 2047 305 2092 novimus
324 2054 368 2089 et
390 2044 495 2090 alios
517 2043 572 2089 ad
593 2045 676 2089 1100
694 2044 876 2089 scrutari
902 2046 1145 2091 testimonia
1174 2048 1373 2105 Domini,
1398 2065 1489 2094 non

103 2116 224 2180 quod
240 2118 330 2177 jam
352 2125 467 2160 recte
488 2115 636 2160 vivant
655 2150 665 2171 ,
699 2116 774 2160 sed
796 2125 846 2160 ut
867 2116 1002 2161 sciant
1023 2117 1396 2178 quemadmodum
1419 2121 1487 2164 vi-

104 2205 205 2235 vere
226 2188 430 2232 debeant.
465 2187 586 2231 Tales
609 2203 711 2247 ergo
739 2187 937 2232 nondum
972 2189 1238 2235 immaculati
1261 2192 1490 2237 ambulant

105 2260 152 2304 in
171 2260 265 2318 lege
286 2257 486 2313 Domini,
511 2274 560 2303 ac
576 2274 652 2318 per
665 2259 749 2303 hoc
771 2260 967 2303 nondum
983 2260 1113 2304 beati.
1134 2263 1366 2314 Quomodo
1387 2278 1490 2321 ergo

106 2329 441 2388 intelligendum
456 2338 535 2385 est,
557 2348 573 2369 «
592 2330 711 2373 Beati
728 2330 802 2390 qui
815 2339 1063 2375 scrutantur
1074 2333 1318 2377 testimonia
1331 2334 1444 2393 ejus,
1464 2353 1484 2376 »

108 2417 209 2447 cum
223 2401 445 2446 videamus
458 2402 654 2446 homines
666 2403 757 2461 ejus
767 2403 946 2447 scrutari
960 2404 1203 2447 testimonia
1220 2420 1307 2448 non
1321 2405 1485 2462 beatos,

109 2472 211 2534 quia
230 2487 319 2516 11011
334 2471 779 2519 immaculatOSPNam
810 2472 970 2518 Scribae
988 2482 1030 2517 ct
1047 2474 1251 2519 Pharisaei
1267 2490 1398 2535 super
1417 2492 1490 2521 ca-

161 2563 168 2579 ·
190 2557 268 2589 psal.
288 2567 400 2600 cwrn,
420 2566 451 2590 2.
471 2574 513 2582 -τ
532 2565 545 2581 2
565 2557 646 2590 Ibid.
668 2556 698 2591 3.
