<?xml version="1.0" encoding="UTF-8"?>
<!DOCTYPE html PUBLIC "-//W3C//DTD XHTML 1.0 Transitional//EN"
    "http://www.w3.org/TR/xhtml1/DTD/xhtml1-transitional.dtd">
<html xmlns="http://www.w3.org/1999/xhtml" xml:lang="en" lang="en">
 <head>
  <title>
</title>
<meta http-equiv="Content-Type" content="text/html;charset=utf-8" />
  <meta name='ocr-system' content='tesseract 3.04.00' />
  <meta name='ocr-capabilities' content='ocr_page ocr_carea ocr_par ocr_line ocrx_word'/>
</head>
<body>
  <div class='ocr_page' id='page_1' title='image "./operaomniaaccura11auguuoft_0424.png"; bbox 0 0 1848 3261; ppageno 0'>
   <div class='ocr_carea' id='block_1_1' title="bbox 397 228 1356 269">
    <p class='ocr_par' dir='ltr' id='par_1_1' title="bbox 397 228 1356 269">
     <span class='ocr_line' id='line_1_1' title="bbox 397 228 1356 269; baseline -0.002 -1"><span class='ocrx_word' id='word_1_1' title='bbox 397 228 482 269; x_wconf 74' lang='lat'>412</span> <span class='ocrx_word' id='word_1_2' title='bbox 840 240 874 267; x_wconf 74' lang='grc' dir='ltr'>ὅ.</span> <span class='ocrx_word' id='word_1_3' title='bbox 909 237 1142 267; x_wconf 71' lang='lat' dir='ltr'>AUGUSTINI</span> <span class='ocrx_word' id='word_1_4' title='bbox 1173 238 1356 266; x_wconf 70' lang='lat' dir='ltr'>Emscorl</span> 
     </span>
    </p>
   </div>
   <div class='ocr_carea' id='block_1_2' title="bbox 393 301 1785 2476">
    <p class='ocr_par' dir='ltr' id='par_1_2' title="bbox 393 301 1782 787">
     <span class='ocr_line' id='line_1_2' title="bbox 394 301 1780 358; baseline -0.003 -8"><span class='ocrx_word' id='word_1_5' title='bbox 394 313 496 350; x_wconf 90' lang='lat' dir='ltr'>sunt</span> <span class='ocrx_word' id='word_1_6' title='bbox 515 303 669 349; x_wconf 86' lang='lat' dir='ltr'>incolae</span> <span class='ocrx_word' id='word_1_7' title='bbox 687 303 733 348; x_wconf 88' lang='lat' dir='ltr'>in</span> <span class='ocrx_word' id='word_1_8' title='bbox 749 313 863 350; x_wconf 87' lang='lat' dir='ltr'>terra</span> <span class='ocrx_word' id='word_1_9' title='bbox 882 323 890 350; x_wconf 91' lang='lat'>:</span> <span class='ocrx_word' id='word_1_10' title='bbox 911 306 1006 350; x_wconf 83' lang='lat' dir='ltr'>haec</span> <span class='ocrx_word' id='word_1_11' title='bbox 1019 305 1135 349; x_wconf 86' lang='lat' dir='ltr'>enim</span> <span class='ocrx_word' id='word_1_12' title='bbox 1147 303 1351 348; x_wconf 87' lang='lat' dir='ltr'>mandata</span> <span class='ocrx_word' id='word_1_13' title='bbox 1368 311 1412 348; x_wconf 89' lang='lat' dir='ltr'>et</span> <span class='ocrx_word' id='word_1_14' title='bbox 1422 303 1457 348; x_wconf 88' lang='lat' dir='ltr'>si</span> <span class='ocrx_word' id='word_1_15' title='bbox 1473 301 1674 358; x_wconf 84' lang='lat' dir='ltr'>audiunt,</span> <span class='ocrx_word' id='word_1_16' title='bbox 1689 316 1780 347; x_wconf 89' lang='lat' dir='ltr'>non</span> 
     </span>
     <span class='ocr_line' id='line_1_3' title="bbox 394 373 1779 435; baseline -0.003 -15"><span class='ocrx_word' id='word_1_17' title='bbox 394 375 593 435; x_wconf 67' lang='lat' dir='ltr'>sapiunt,</span> <span class='ocrx_word' id='word_1_18' title='bbox 618 375 719 434; x_wconf 87' lang='lat' dir='ltr'>quia</span> <span class='ocrx_word' id='word_1_19' title='bbox 741 384 910 420; x_wconf 83' lang='lat' dir='ltr'>terrena</span> <span class='ocrx_word' id='word_1_20' title='bbox 927 376 1116 435; x_wconf 91' lang='lat' dir='ltr'>sapiunt.</span> <span class='ocrx_word' id='word_1_21' title='bbox 1134 377 1332 428; x_wconf 87' lang='lat' dir='ltr'>Quorum</span> <span class='ocrx_word' id='word_1_22' title='bbox 1344 383 1490 419; x_wconf 88' lang='lat' dir='ltr'>autem</span> <span class='ocrx_word' id='word_1_23' title='bbox 1511 373 1779 419; x_wconf 86' lang='lat' dir='ltr'>conversatio</span> 
     </span>
     <span class='ocr_line' id='line_1_4' title="bbox 394 443 1780 505; baseline -0.002 -16"><span class='ocrx_word' id='word_1_24' title='bbox 394 446 440 489; x_wconf 86' lang='lat' dir='ltr'>in</span> <span class='ocrx_word' id='word_1_25' title='bbox 457 444 576 489; x_wconf 88' lang='lat' dir='ltr'>coelis</span> <span class='ocrx_word' id='word_1_26' title='bbox 599 447 684 489; x_wconf 86' lang='lat' dir='ltr'>est¹</span> <span class='ocrx_word' id='word_1_27' title='bbox 706 480 716 499; x_wconf 83' lang='lat'>‚</span> <span class='ocrx_word' id='word_1_28' title='bbox 741 445 787 488; x_wconf 89' lang='lat' dir='ltr'>in</span> <span class='ocrx_word' id='word_1_29' title='bbox 812 454 1027 505; x_wconf 88' lang='lat' dir='ltr'>quantum</span> <span class='ocrx_word' id='word_1_30' title='bbox 1045 445 1115 490; x_wconf 90' lang='lat' dir='ltr'>hic</span> <span class='ocrx_word' id='word_1_31' title='bbox 1137 453 1465 500; x_wconf 75' lang='lat' dir='ltr'>conversantur,</span> <span class='ocrx_word' id='word_1_32' title='bbox 1488 443 1685 504; x_wconf 89' lang='lat' dir='ltr'>profecto</span> <span class='ocrx_word' id='word_1_33' title='bbox 1702 457 1780 502; x_wconf 90' lang='lat' dir='ltr'>pe-</span> 
     </span>
     <span class='ocr_line' id='line_1_5' title="bbox 393 514 1779 575; baseline -0.002 -15"><span class='ocrx_word' id='word_1_34' title='bbox 393 515 681 575; x_wconf 85' lang='lat' dir='ltr'>regrinantur.</span> <span class='ocrx_word' id='word_1_35' title='bbox 709 518 863 560; x_wconf 85' lang='lat' dir='ltr'>Petant</span> <span class='ocrx_word' id='word_1_36' title='bbox 883 516 1030 575; x_wconf 89' lang='lat' dir='ltr'>itaque</span> <span class='ocrx_word' id='word_1_37' title='bbox 1057 532 1112 560; x_wconf 89' lang='lat' dir='ltr'>ne</span> <span class='ocrx_word' id='word_1_38' title='bbox 1135 515 1460 561; x_wconf 82' lang='lat' dir='ltr'>abscondantur</span> <span class='ocrx_word' id='word_1_39' title='bbox 1495 515 1550 559; x_wconf 90' lang='lat' dir='ltr'>ab</span> <span class='ocrx_word' id='word_1_40' title='bbox 1573 514 1631 559; x_wconf 91' lang='lat' dir='ltr'>eis</span> <span class='ocrx_word' id='word_1_41' title='bbox 1653 528 1779 558; x_wconf 88' lang='lat' dir='ltr'>man-</span> 
     </span>
     <span class='ocr_line' id='line_1_6' title="bbox 394 582 1780 644; baseline -0.002 -14"><span class='ocrx_word' id='word_1_42' title='bbox 394 586 493 630; x_wconf 85' lang='lat' dir='ltr'>data</span> <span class='ocrx_word' id='word_1_43' title='bbox 509 586 612 640; x_wconf 88' lang='lat' dir='ltr'>Dei,</span> <span class='ocrx_word' id='word_1_44' title='bbox 634 600 711 644; x_wconf 90' lang='lat' dir='ltr'>per</span> <span class='ocrx_word' id='word_1_45' title='bbox 732 601 830 644; x_wconf 82' lang='lat' dir='ltr'>quae</span> <span class='ocrx_word' id='word_1_46' title='bbox 852 586 906 629; x_wconf 87' lang='lat' dir='ltr'>ab</span> <span class='ocrx_word' id='word_1_47' title='bbox 927 587 1012 631; x_wconf 86' lang='lat' dir='ltr'>hoc</span> <span class='ocrx_word' id='word_1_48' title='bbox 1039 586 1230 632; x_wconf 84' lang='lat' dir='ltr'>incolatu</span> <span class='ocrx_word' id='word_1_49' title='bbox 1263 587 1526 640; x_wconf 78' lang='lat' dir='ltr'>liberentur,</span> <span class='ocrx_word' id='word_1_50' title='bbox 1557 582 1780 643; x_wconf 85' lang='lat' dir='ltr'>diligendo</span> 
     </span>
     <span class='ocr_line' id='line_1_7' title="bbox 394 654 1782 716; baseline -0.002 -15"><span class='ocrx_word' id='word_1_51' title='bbox 394 660 557 711; x_wconf 85' lang='lat' dir='ltr'>Deum,</span> <span class='ocrx_word' id='word_1_52' title='bbox 583 670 683 699; x_wconf 87' lang='lat' dir='ltr'>cum</span> <span class='ocrx_word' id='word_1_53' title='bbox 706 671 795 716; x_wconf 89' lang='lat' dir='ltr'>quo</span> <span class='ocrx_word' id='word_1_54' title='bbox 827 656 873 699; x_wconf 90' lang='lat' dir='ltr'>in</span> <span class='ocrx_word' id='word_1_55' title='bbox 895 666 1110 701; x_wconf 78' lang='lat' dir='ltr'>aeternum</span> <span class='ocrx_word' id='word_1_56' title='bbox 1132 667 1289 715; x_wconf 66' lang='lat' dir='ltr'>erunt,</span> <span class='ocrx_word' id='word_1_57' title='bbox 1313 667 1357 702; x_wconf 91' lang='lat' dir='ltr'>et</span> <span class='ocrx_word' id='word_1_58' title='bbox 1385 655 1607 715; x_wconf 86' lang='lat' dir='ltr'>diligendo</span> <span class='ocrx_word' id='word_1_59' title='bbox 1635 654 1782 715; x_wconf 79' lang='lat' dir='ltr'>proxi-</span> 
     </span>
     <span class='ocr_line' id='line_1_8' title="bbox 393 725 1229 787; baseline 0.002 -17"><span class='ocrx_word' id='word_1_60' title='bbox 393 742 515 770; x_wconf 87' lang='lat' dir='ltr'>mum</span> <span class='ocrx_word' id='word_1_61' title='bbox 533 761 543 781; x_wconf 92' lang='lat'>,</span> <span class='ocrx_word' id='word_1_62' title='bbox 569 735 618 770; x_wconf 92' lang='lat' dir='ltr'>ut</span> <span class='ocrx_word' id='word_1_63' title='bbox 640 725 727 770; x_wconf 88' lang='lat' dir='ltr'>illic</span> <span class='ocrx_word' id='word_1_64' title='bbox 745 727 799 770; x_wconf 89' lang='lat' dir='ltr'>sit</span> <span class='ocrx_word' id='word_1_65' title='bbox 826 727 902 770; x_wconf 89' lang='lat' dir='ltr'>ubi</span> <span class='ocrx_word' id='word_1_66' title='bbox 921 737 963 773; x_wconf 90' lang='lat' dir='ltr'>et</span> <span class='ocrx_word' id='word_1_67' title='bbox 984 729 1066 787; x_wconf 88' lang='lat' dir='ltr'>ipsi</span> <span class='ocrx_word' id='word_1_68' title='bbox 1086 737 1229 772; x_wconf 85' lang='lat' dir='ltr'>erunt.</span> 
     </span>
    </p>

    <p class='ocr_par' dir='ltr' id='par_1_3' title="bbox 393 795 1785 2476">
     <span class='ocr_line' id='line_1_9' title="bbox 454 795 1780 857; baseline 0 -18"><span class='ocrx_word' id='word_1_69' title='bbox 454 800 536 840; x_wconf 89' lang='grc' dir='ltr'><strong>ΙΙΙ.</strong></span> <span class='ocrx_word' id='word_1_70' title='bbox 562 796 678 849; x_wconf 86' lang='lat' dir='ltr'>Quid</span> <span class='ocrx_word' id='word_1_71' title='bbox 701 806 845 841; x_wconf 90' lang='lat' dir='ltr'>autem</span> <span class='ocrx_word' id='word_1_72' title='bbox 859 797 1080 856; x_wconf 85' lang='lat' dir='ltr'>diligendo</span> <span class='ocrx_word' id='word_1_73' title='bbox 1103 798 1320 857; x_wconf 77' lang='lat' dir='ltr'>diligitur,</span> <span class='ocrx_word' id='word_1_74' title='bbox 1341 797 1376 841; x_wconf 92' lang='lat' dir='ltr'>si</span> <span class='ocrx_word' id='word_1_75' title='bbox 1392 798 1482 857; x_wconf 87' lang='lat' dir='ltr'>ipsa</span> <span class='ocrx_word' id='word_1_76' title='bbox 1495 795 1671 840; x_wconf 86' lang='lat' dir='ltr'>dilectio</span> <span class='ocrx_word' id='word_1_77' title='bbox 1691 810 1780 839; x_wconf 89' lang='lat' dir='ltr'>non</span> 
     </span>
     <span class='ocr_line' id='line_1_10' title="bbox 394 865 1782 927; baseline -0.002 -16"><span class='ocrx_word' id='word_1_78' title='bbox 394 866 613 924; x_wconf 78' lang='lat' dir='ltr'>diligitur?</span> <span class='ocrx_word' id='word_1_79' title='bbox 636 865 761 910; x_wconf 89' lang='lat' dir='ltr'>Unde</span> <span class='ocrx_word' id='word_1_80' title='bbox 782 876 1100 927; x_wconf 86' lang='lat' dir='ltr'>consequenter</span> <span class='ocrx_word' id='word_1_81' title='bbox 1117 869 1196 911; x_wconf 88' lang='lat' dir='ltr'>iste</span> <span class='ocrx_word' id='word_1_82' title='bbox 1218 867 1360 911; x_wconf 89' lang='lat' dir='ltr'>incola</span> <span class='ocrx_word' id='word_1_83' title='bbox 1377 867 1422 910; x_wconf 90' lang='lat' dir='ltr'>in</span> <span class='ocrx_word' id='word_1_84' title='bbox 1435 876 1546 910; x_wconf 89' lang='lat' dir='ltr'>terra</span> <span class='ocrx_word' id='word_1_85' title='bbox 1559 901 1569 920; x_wconf 86' lang='lat'>,</span> <span class='ocrx_word' id='word_1_86' title='bbox 1586 880 1687 909; x_wconf 92' lang='lat' dir='ltr'>cum</span> <span class='ocrx_word' id='word_1_87' title='bbox 1704 865 1782 909; x_wconf 91' lang='lat' dir='ltr'>Dei</span> 
     </span>
     <span class='ocr_line' id='line_1_11' title="bbox 394 933 1781 995; baseline -0.001 -15"><span class='ocrx_word' id='word_1_88' title='bbox 394 937 599 981; x_wconf 82' lang='lat' dir='ltr'>mandata</span> <span class='ocrx_word' id='word_1_89' title='bbox 620 952 674 980; x_wconf 88' lang='lat' dir='ltr'>ne</span> <span class='ocrx_word' id='word_1_90' title='bbox 695 937 776 980; x_wconf 87' lang='lat' dir='ltr'>sibi</span> <span class='ocrx_word' id='word_1_91' title='bbox 799 937 1172 982; x_wconf 85' lang='lat' dir='ltr'>absconderentur</span> <span class='ocrx_word' id='word_1_92' title='bbox 1193 946 1376 991; x_wconf 84' lang='lat' dir='ltr'>orasset,</span> <span class='ocrx_word' id='word_1_93' title='bbox 1395 936 1442 979; x_wconf 91' lang='lat' dir='ltr'>in</span> <span class='ocrx_word' id='word_1_94' title='bbox 1463 935 1622 995; x_wconf 89' lang='lat' dir='ltr'>quibus</span> <span class='ocrx_word' id='word_1_95' title='bbox 1644 933 1781 979; x_wconf 90' lang='lat' dir='ltr'>dilec-</span> 
     </span>
     <span class='ocr_line' id='line_1_12' title="bbox 394 1004 1782 1067; baseline -0.002 -17"><span class='ocrx_word' id='word_1_96' title='bbox 394 1007 455 1051; x_wconf 90' lang='lat' dir='ltr'>tio</span> <span class='ocrx_word' id='word_1_97' title='bbox 477 1008 724 1067; x_wconf 82' lang='lat' dir='ltr'>praecipitur</span> <span class='ocrx_word' id='word_1_98' title='bbox 754 1006 824 1052; x_wconf 85' lang='lat' dir='ltr'>vel</span> <span class='ocrx_word' id='word_1_99' title='bbox 845 1007 935 1052; x_wconf 90' lang='lat' dir='ltr'>sola</span> <span class='ocrx_word' id='word_1_100' title='bbox 960 1007 1029 1052; x_wconf 88' lang='lat' dir='ltr'>vel</span> <span class='ocrx_word' id='word_1_101' title='bbox 1055 1007 1269 1065; x_wconf 78' lang='lat' dir='ltr'>maxime3</span> <span class='ocrx_word' id='word_1_102' title='bbox 1314 1015 1358 1051; x_wconf 88' lang='lat' dir='ltr'>et</span> <span class='ocrx_word' id='word_1_103' title='bbox 1379 1006 1512 1066; x_wconf 92' lang='lat' dir='ltr'>ipsius</span> <span class='ocrx_word' id='word_1_104' title='bbox 1539 1004 1782 1049; x_wconf 86' lang='lat' dir='ltr'>dilectionis</span> 
     </span>
     <span class='ocr_line' id='line_1_13' title="bbox 395 1077 1781 1138; baseline -0.002 -16"><span class='ocrx_word' id='word_1_105' title='bbox 395 1078 672 1123; x_wconf 86' lang='lat' dir='ltr'>dilectionem</span> <span class='ocrx_word' id='word_1_106' title='bbox 693 1094 736 1122; x_wconf 89' lang='lat' dir='ltr'>se</span> <span class='ocrx_word' id='word_1_107' title='bbox 757 1078 868 1123; x_wconf 84' lang='lat' dir='ltr'>velle</span> <span class='ocrx_word' id='word_1_108' title='bbox 889 1080 1051 1123; x_wconf 84' lang='lat' dir='ltr'>habere</span> <span class='ocrx_word' id='word_1_109' title='bbox 1067 1078 1330 1138; x_wconf 80' lang='lat' dir='ltr'>proclamat,</span> <span class='ocrx_word' id='word_1_110' title='bbox 1356 1077 1504 1121; x_wconf 89' lang='lat' dir='ltr'>dicens</span> <span class='ocrx_word' id='word_1_111' title='bbox 1521 1095 1530 1121; x_wconf 81' lang='lat' dir='ltr'>z</span> <span class='ocrx_word' id='word_1_112' title='bbox 1560 1095 1578 1117; x_wconf 94' lang='lat'>«</span> <span class='ocrx_word' id='word_1_113' title='bbox 1604 1078 1781 1121; x_wconf 91' lang='lat' dir='ltr'>Concu-</span> 
     </span>
     <span class='ocr_line' id='line_1_14' title="bbox 396 1146 1782 1210; baseline -0.001 -20"><span class='ocrx_word' id='word_1_114' title='bbox 396 1167 416 1190; x_wconf 82' lang='lat'>»</span> <span class='ocrx_word' id='word_1_115' title='bbox 452 1149 562 1207; x_wconf 88' lang='lat' dir='ltr'>pivit</span> <span class='ocrx_word' id='word_1_116' title='bbox 583 1149 726 1193; x_wconf 87' lang='lat' dir='ltr'>anima</span> <span class='ocrx_word' id='word_1_117' title='bbox 747 1165 843 1193; x_wconf 88' lang='lat' dir='ltr'>mea</span> <span class='ocrx_word' id='word_1_118' title='bbox 865 1149 1108 1194; x_wconf 89' lang='lat' dir='ltr'>desiderare</span> <span class='ocrx_word' id='word_1_119' title='bbox 1125 1149 1454 1210; x_wconf 86' lang='lat' dir='ltr'>justificationes</span> <span class='ocrx_word' id='word_1_120' title='bbox 1477 1157 1571 1191; x_wconf 88' lang='lat' dir='ltr'>tuas</span> <span class='ocrx_word' id='word_1_121' title='bbox 1596 1147 1642 1190; x_wconf 93' lang='lat' dir='ltr'>in</span> <span class='ocrx_word' id='word_1_122' title='bbox 1663 1146 1782 1191; x_wconf 90' lang='lat' dir='ltr'>omni</span> 
     </span>
     <span class='ocr_line' id='line_1_15' title="bbox 396 1218 1781 1278; baseline 0 -18"><span class='ocrx_word' id='word_1_123' title='bbox 396 1237 416 1260; x_wconf 86' lang='lat'>»</span> <span class='ocrx_word' id='word_1_124' title='bbox 453 1228 649 1278; x_wconf 83' lang='lat' dir='ltr'>tempore</span> <span class='ocrx_word' id='word_1_125' title='bbox 676 1221 707 1262; x_wconf 76' lang='lat'>².</span> <span class='ocrx_word' id='word_1_126' title='bbox 742 1237 762 1260; x_wconf 87' lang='lat'>»</span> <span class='ocrx_word' id='word_1_127' title='bbox 799 1219 1048 1265; x_wconf 86' lang='lat' dir='ltr'>Laudabilis</span> <span class='ocrx_word' id='word_1_128' title='bbox 1081 1230 1144 1265; x_wconf 89' lang='lat' dir='ltr'>est</span> <span class='ocrx_word' id='word_1_129' title='bbox 1174 1221 1253 1265; x_wconf 88' lang='lat' dir='ltr'>ista</span> <span class='ocrx_word' id='word_1_130' title='bbox 1281 1218 1630 1278; x_wconf 88' lang='lat' dir='ltr'>concupiscentia</span> <span class='ocrx_word' id='word_1_131' title='bbox 1645 1252 1657 1273; x_wconf 86' lang='lat'>‚</span> <span class='ocrx_word' id='word_1_132' title='bbox 1690 1232 1781 1261; x_wconf 92' lang='lat' dir='ltr'>non</span> 
     </span>
     <span class='ocr_line' id='line_1_16' title="bbox 393 1287 1777 1346; baseline -0.001 -15"><span class='ocrx_word' id='word_1_133' title='bbox 393 1287 669 1333; x_wconf 87' lang='lat' dir='ltr'>damnabilis.</span> <span class='ocrx_word' id='word_1_134' title='bbox 690 1292 786 1334; x_wconf 82' lang='lat' dir='ltr'>Non</span> <span class='ocrx_word' id='word_1_135' title='bbox 801 1290 855 1334; x_wconf 90' lang='lat' dir='ltr'>de</span> <span class='ocrx_word' id='word_1_136' title='bbox 876 1291 957 1334; x_wconf 86' lang='lat' dir='ltr'>hac</span> <span class='ocrx_word' id='word_1_137' title='bbox 974 1291 1139 1335; x_wconf 89' lang='lat' dir='ltr'>dictum</span> <span class='ocrx_word' id='word_1_138' title='bbox 1162 1300 1241 1345; x_wconf 87' lang='lat' dir='ltr'>est,</span> <span class='ocrx_word' id='word_1_139' title='bbox 1263 1309 1282 1332; x_wconf 78' lang='grc' dir='ltr'>α</span> <span class='ocrx_word' id='word_1_140' title='bbox 1297 1292 1397 1335; x_wconf 82' lang='grc' dir='ltr'>Νο11</span> <span class='ocrx_word' id='word_1_141' title='bbox 1407 1288 1708 1346; x_wconf 80' lang='lat' dir='ltr'>concupisces3</span> <span class='ocrx_word' id='word_1_142' title='bbox 1728 1305 1737 1331; x_wconf 88' lang='lat'>:</span> <span class='ocrx_word' id='word_1_143' title='bbox 1757 1304 1777 1327; x_wconf 87' lang='lat'>»</span> 
     </span>
     <span class='ocr_line' id='line_1_17' title="bbox 394 1357 1782 1420; baseline -0.002 -17"><span class='ocrx_word' id='word_1_144' title='bbox 394 1359 469 1404; x_wconf 88' lang='lat' dir='ltr'>sed</span> <span class='ocrx_word' id='word_1_145' title='bbox 486 1359 541 1403; x_wconf 82' lang='lat' dir='ltr'>de</span> <span class='ocrx_word' id='word_1_146' title='bbox 554 1359 627 1403; x_wconf 81' lang='lat' dir='ltr'>illa</span> <span class='ocrx_word' id='word_1_147' title='bbox 643 1376 729 1419; x_wconf 86' lang='lat' dir='ltr'>qua</span> <span class='ocrx_word' id='word_1_148' title='bbox 743 1375 843 1404; x_wconf 86' lang='lat' dir='ltr'>caro</span> <span class='ocrx_word' id='word_1_149' title='bbox 861 1361 1130 1420; x_wconf 88' lang='lat' dir='ltr'>concupiscit</span> <span class='ocrx_word' id='word_1_150' title='bbox 1147 1361 1350 1404; x_wconf 88' lang='lat' dir='ltr'>adversus</span> <span class='ocrx_word' id='word_1_151' title='bbox 1363 1358 1603 1419; x_wconf 77' lang='lat' dir='ltr'>spiritum⁴.</span> <span class='ocrx_word' id='word_1_152' title='bbox 1621 1360 1684 1401; x_wconf 92' lang='lat' dir='ltr'>De</span> <span class='ocrx_word' id='word_1_153' title='bbox 1699 1357 1782 1401; x_wconf 88' lang='lat' dir='ltr'>hac</span> 
     </span>
     <span class='ocr_line' id='line_1_18' title="bbox 394 1427 1781 1491; baseline -0.002 -17"><span class='ocrx_word' id='word_1_154' title='bbox 394 1439 539 1474; x_wconf 88' lang='lat' dir='ltr'>autem</span> <span class='ocrx_word' id='word_1_155' title='bbox 561 1431 676 1475; x_wconf 88' lang='lat' dir='ltr'>bona</span> <span class='ocrx_word' id='word_1_156' title='bbox 688 1430 1039 1490; x_wconf 87' lang='lat' dir='ltr'>concupiscentia</span> <span class='ocrx_word' id='word_1_157' title='bbox 1056 1447 1142 1491; x_wconf 81' lang='lat' dir='ltr'>qua</span> <span class='ocrx_word' id='word_1_158' title='bbox 1159 1429 1426 1489; x_wconf 87' lang='lat' dir='ltr'>concupiscit</span> <span class='ocrx_word' id='word_1_159' title='bbox 1444 1429 1620 1488; x_wconf 88' lang='lat' dir='ltr'>spiritus</span> <span class='ocrx_word' id='word_1_160' title='bbox 1632 1427 1781 1472; x_wconf 88' lang='lat' dir='ltr'>adver-</span> 
     </span>
     <span class='ocr_line' id='line_1_19' title="bbox 393 1499 1781 1561; baseline -0.001 -17"><span class='ocrx_word' id='word_1_161' title='bbox 393 1516 464 1544; x_wconf 89' lang='lat' dir='ltr'>sus</span> <span class='ocrx_word' id='word_1_162' title='bbox 484 1516 658 1545; x_wconf 89' lang='lat' dir='ltr'>carnem</span> <span class='ocrx_word' id='word_1_163' title='bbox 675 1503 688 1527; x_wconf 86' lang='lat'>⁵</span> <span class='ocrx_word' id='word_1_164' title='bbox 701 1536 711 1556; x_wconf 92' lang='lat'>,</span> <span class='ocrx_word' id='word_1_165' title='bbox 728 1516 874 1561; x_wconf 77' lang='lat' dir='ltr'>quaere</span> <span class='ocrx_word' id='word_1_166' title='bbox 896 1501 975 1544; x_wconf 89' lang='lat' dir='ltr'>ubi</span> <span class='ocrx_word' id='word_1_167' title='bbox 996 1501 1206 1560; x_wconf 87' lang='lat' dir='ltr'>scriptum</span> <span class='ocrx_word' id='word_1_168' title='bbox 1224 1501 1276 1544; x_wconf 90' lang='lat' dir='ltr'>sit</span> <span class='ocrx_word' id='word_1_169' title='bbox 1290 1521 1301 1557; x_wconf 79' lang='lat'>3</span> <span class='ocrx_word' id='word_1_170' title='bbox 1317 1509 1359 1544; x_wconf 89' lang='lat' dir='ltr'>et</span> <span class='ocrx_word' id='word_1_171' title='bbox 1382 1499 1573 1543; x_wconf 89' lang='lat' dir='ltr'>invenies</span> <span class='ocrx_word' id='word_1_172' title='bbox 1589 1534 1601 1554; x_wconf 87' lang='lat'>,</span> <span class='ocrx_word' id='word_1_173' title='bbox 1620 1518 1641 1540; x_wconf 90' lang='lat'>«</span> <span class='ocrx_word' id='word_1_174' title='bbox 1661 1499 1781 1543; x_wconf 89' lang='lat' dir='ltr'>Con-</span> 
     </span>
     <span class='ocr_line' id='line_1_20' title="bbox 397 1569 1783 1631; baseline 0.001 -20"><span class='ocrx_word' id='word_1_175' title='bbox 397 1589 417 1611; x_wconf 88' lang='lat'>»</span> <span class='ocrx_word' id='word_1_176' title='bbox 453 1571 716 1630; x_wconf 88' lang='lat' dir='ltr'>cupiscentia</span> <span class='ocrx_word' id='word_1_177' title='bbox 739 1571 885 1631; x_wconf 83' lang='lat' dir='ltr'>itaque</span> <span class='ocrx_word' id='word_1_178' title='bbox 908 1571 1128 1630; x_wconf 82' lang='lat' dir='ltr'>sapientiae</span> <span class='ocrx_word' id='word_1_179' title='bbox 1150 1570 1328 1614; x_wconf 87' lang='lat' dir='ltr'>deducit</span> <span class='ocrx_word' id='word_1_180' title='bbox 1345 1569 1400 1613; x_wconf 87' lang='lat' dir='ltr'>ad</span> <span class='ocrx_word' id='word_1_181' title='bbox 1422 1570 1654 1629; x_wconf 66' lang='lat' dir='ltr'>regnumG.</span> <span class='ocrx_word' id='word_1_182' title='bbox 1684 1587 1703 1609; x_wconf 85' lang='lat'>›&gt;</span> <span class='ocrx_word' id='word_1_183' title='bbox 1725 1570 1783 1612; x_wconf 91' lang='lat' dir='ltr'>Et</span> 
     </span>
     <span class='ocr_line' id='line_1_21' title="bbox 393 1638 1777 1701; baseline -0.002 -17"><span class='ocrx_word' id='word_1_184' title='bbox 393 1641 532 1685; x_wconf 86' lang='lat' dir='ltr'>multa</span> <span class='ocrx_word' id='word_1_185' title='bbox 554 1641 636 1685; x_wconf 91' lang='lat' dir='ltr'>alia</span> <span class='ocrx_word' id='word_1_186' title='bbox 669 1642 946 1701; x_wconf 87' lang='lat' dir='ltr'>reperiuntur</span> <span class='ocrx_word' id='word_1_187' title='bbox 966 1642 1093 1686; x_wconf 83' lang='lat' dir='ltr'>bonae</span> <span class='ocrx_word' id='word_1_188' title='bbox 1116 1641 1480 1700; x_wconf 83' lang='lat' dir='ltr'>concupiscentiae</span> <span class='ocrx_word' id='word_1_189' title='bbox 1516 1638 1777 1684; x_wconf 85' lang='lat' dir='ltr'>testimonia.</span> 
     </span>
     <span class='ocr_line' id='line_1_22' title="bbox 396 1709 1782 1772; baseline -0.001 -18"><span class='ocrx_word' id='word_1_190' title='bbox 396 1710 480 1755; x_wconf 91' lang='lat' dir='ltr'>Sed</span> <span class='ocrx_word' id='word_1_191' title='bbox 499 1712 582 1756; x_wconf 91' lang='lat' dir='ltr'>hoc</span> <span class='ocrx_word' id='word_1_192' title='bbox 604 1727 704 1755; x_wconf 88' lang='lat' dir='ltr'>sane</span> <span class='ocrx_word' id='word_1_193' title='bbox 738 1713 941 1767; x_wconf 86' lang='lat' dir='ltr'>interest,</span> <span class='ocrx_word' id='word_1_194' title='bbox 975 1711 1097 1772; x_wconf 88' lang='lat' dir='ltr'>quod</span> <span class='ocrx_word' id='word_1_195' title='bbox 1117 1727 1207 1755; x_wconf 91' lang='lat' dir='ltr'>non</span> <span class='ocrx_word' id='word_1_196' title='bbox 1230 1720 1398 1756; x_wconf 87' lang='lat' dir='ltr'>tacetur</span> <span class='ocrx_word' id='word_1_197' title='bbox 1420 1710 1528 1770; x_wconf 89' lang='lat' dir='ltr'>quid</span> <span class='ocrx_word' id='word_1_198' title='bbox 1550 1709 1782 1768; x_wconf 89' lang='lat' dir='ltr'>concupis-</span> 
     </span>
     <span class='ocr_line' id='line_1_23' title="bbox 393 1781 1782 1842; baseline -0.002 -16"><span class='ocrx_word' id='word_1_199' title='bbox 393 1791 516 1826; x_wconf 81' lang='lat' dir='ltr'>catur</span> <span class='ocrx_word' id='word_1_200' title='bbox 531 1817 542 1837; x_wconf 94' lang='lat'>,</span> <span class='ocrx_word' id='word_1_201' title='bbox 565 1782 742 1842; x_wconf 86' lang='lat' dir='ltr'>quando</span> <span class='ocrx_word' id='word_1_202' title='bbox 764 1783 879 1826; x_wconf 88' lang='lat' dir='ltr'>bona</span> <span class='ocrx_word' id='word_1_203' title='bbox 898 1791 1263 1827; x_wconf 84' lang='lat' dir='ltr'>commemoratur</span> <span class='ocrx_word' id='word_1_204' title='bbox 1281 1781 1630 1840; x_wconf 87' lang='lat' dir='ltr'>concupiscentia</span> <span class='ocrx_word' id='word_1_205' title='bbox 1651 1796 1659 1820; x_wconf 93' lang='lat'>:</span> <span class='ocrx_word' id='word_1_206' title='bbox 1681 1794 1782 1823; x_wconf 93' lang='lat' dir='ltr'>cum</span> 
     </span>
     <span class='ocr_line' id='line_1_24' title="bbox 394 1851 1778 1915; baseline -0.002 -18"><span class='ocrx_word' id='word_1_207' title='bbox 394 1863 540 1897; x_wconf 90' lang='lat' dir='ltr'>autem</span> <span class='ocrx_word' id='word_1_208' title='bbox 562 1870 651 1898; x_wconf 89' lang='lat' dir='ltr'>non</span> <span class='ocrx_word' id='word_1_209' title='bbox 674 1855 847 1898; x_wconf 88' lang='lat' dir='ltr'>additur</span> <span class='ocrx_word' id='word_1_210' title='bbox 864 1853 972 1915; x_wconf 90' lang='lat' dir='ltr'>quid</span> <span class='ocrx_word' id='word_1_211' title='bbox 993 1853 1341 1912; x_wconf 87' lang='lat' dir='ltr'>concupiscatur,</span> <span class='ocrx_word' id='word_1_212' title='bbox 1367 1851 1442 1896; x_wconf 91' lang='lat' dir='ltr'>sed</span> <span class='ocrx_word' id='word_1_213' title='bbox 1469 1851 1559 1895; x_wconf 86' lang='lat' dir='ltr'>sola</span> <span class='ocrx_word' id='word_1_214' title='bbox 1583 1851 1778 1910; x_wconf 83' lang='lat' dir='ltr'>ponitur,</span> 
     </span>
     <span class='ocr_line' id='line_1_25' title="bbox 393 1920 1778 1984; baseline -0.002 -17"><span class='ocrx_word' id='word_1_215' title='bbox 393 1924 565 1968; x_wconf 87' lang='lat' dir='ltr'>nonnisi</span> <span class='ocrx_word' id='word_1_216' title='bbox 578 1924 689 1968; x_wconf 79' lang='lat' dir='ltr'>mala</span> <span class='ocrx_word' id='word_1_217' title='bbox 705 1924 977 1984; x_wconf 80' lang='lat' dir='ltr'>intelligitur.</span> <span class='ocrx_word' id='word_1_218' title='bbox 998 1924 1117 1968; x_wconf 90' lang='lat' dir='ltr'>Sicut</span> <span class='ocrx_word' id='word_1_219' title='bbox 1130 1923 1174 1967; x_wconf 87' lang='lat' dir='ltr'>in</span> <span class='ocrx_word' id='word_1_220' title='bbox 1193 1923 1276 1967; x_wconf 88' lang='lat' dir='ltr'>hoc</span> <span class='ocrx_word' id='word_1_221' title='bbox 1290 1920 1410 1982; x_wconf 86' lang='lat' dir='ltr'>quod</span> <span class='ocrx_word' id='word_1_222' title='bbox 1424 1921 1778 1975; x_wconf 87' lang='lat' dir='ltr'>commemoravi,</span> 
     </span>
     <span class='ocr_line' id='line_1_26' title="bbox 398 1991 1778 2055; baseline -0.003 -18"><span class='ocrx_word' id='word_1_223' title='bbox 398 2014 418 2037; x_wconf 94' lang='lat'>«</span> <span class='ocrx_word' id='word_1_224' title='bbox 452 1996 814 2054; x_wconf 85' lang='lat' dir='ltr'>Concupiscentia</span> <span class='ocrx_word' id='word_1_225' title='bbox 836 1996 984 2055; x_wconf 85' lang='lat' dir='ltr'>itaque</span> <span class='ocrx_word' id='word_1_226' title='bbox 1005 1993 1226 2054; x_wconf 68' lang='lat' dir='ltr'>sapientiae</span> <span class='ocrx_word' id='word_1_227' title='bbox 1243 1993 1423 2036; x_wconf 84' lang='lat' dir='ltr'>deducit</span> <span class='ocrx_word' id='word_1_228' title='bbox 1443 1991 1499 2035; x_wconf 86' lang='lat' dir='ltr'>ad</span> <span class='ocrx_word' id='word_1_229' title='bbox 1526 2006 1711 2050; x_wconf 85' lang='lat' dir='ltr'>regnum</span> <span class='ocrx_word' id='word_1_230' title='bbox 1729 2010 1737 2034; x_wconf 93' lang='lat'>:</span> <span class='ocrx_word' id='word_1_231' title='bbox 1758 2008 1778 2031; x_wconf 74' lang='lat' dir='ltr'>n</span> 
     </span>
     <span class='ocr_line' id='line_1_27' title="bbox 393 2061 1783 2125; baseline -0.003 -16"><span class='ocrx_word' id='word_1_232' title='bbox 393 2066 426 2109; x_wconf 90' lang='lat' dir='ltr'>si</span> <span class='ocrx_word' id='word_1_233' title='bbox 447 2081 536 2110; x_wconf 86' lang='lat' dir='ltr'>non</span> <span class='ocrx_word' id='word_1_234' title='bbox 558 2066 752 2121; x_wconf 88' lang='lat' dir='ltr'>adderet,</span> <span class='ocrx_word' id='word_1_235' title='bbox 778 2066 998 2125; x_wconf 80' lang='lat' dir='ltr'>sapientiae</span> <span class='ocrx_word' id='word_1_236' title='bbox 1015 2100 1026 2120; x_wconf 87' lang='lat'>,</span> <span class='ocrx_word' id='word_1_237' title='bbox 1047 2063 1171 2108; x_wconf 86' lang='lat' dir='ltr'>nullo</span> <span class='ocrx_word' id='word_1_238' title='bbox 1189 2062 1320 2107; x_wconf 91' lang='lat' dir='ltr'>modo</span> <span class='ocrx_word' id='word_1_239' title='bbox 1342 2061 1506 2106; x_wconf 87' lang='lat' dir='ltr'>diceret</span> <span class='ocrx_word' id='word_1_240' title='bbox 1521 2097 1532 2116; x_wconf 94' lang='lat'>,</span> <span class='ocrx_word' id='word_1_241' title='bbox 1561 2080 1582 2103; x_wconf 93' lang='lat'>«</span> <span class='ocrx_word' id='word_1_242' title='bbox 1607 2063 1783 2106; x_wconf 89' lang='lat' dir='ltr'>Concu—</span> 
     </span>
     <span class='ocr_line' id='line_1_28' title="bbox 395 2131 1785 2196; baseline 0 -19"><span class='ocrx_word' id='word_1_243' title='bbox 395 2154 416 2177; x_wconf 85' lang='lat'>»</span> <span class='ocrx_word' id='word_1_244' title='bbox 451 2137 656 2196; x_wconf 87' lang='lat' dir='ltr'>piscentia</span> <span class='ocrx_word' id='word_1_245' title='bbox 670 2136 870 2196; x_wconf 89' lang='lat' dir='ltr'>perducit</span> <span class='ocrx_word' id='word_1_246' title='bbox 883 2136 935 2181; x_wconf 85' lang='lat' dir='ltr'>ad</span> <span class='ocrx_word' id='word_1_247' title='bbox 955 2151 1153 2194; x_wconf 82' lang='lat' dir='ltr'>regnum.</span> <span class='ocrx_word' id='word_1_248' title='bbox 1175 2152 1196 2175; x_wconf 85' lang='lat'>»</span> <span class='ocrx_word' id='word_1_249' title='bbox 1217 2137 1274 2178; x_wconf 86' lang='lat' dir='ltr'>At</span> <span class='ocrx_word' id='word_1_250' title='bbox 1289 2148 1392 2177; x_wconf 81' lang='lat' dir='ltr'>vero</span> <span class='ocrx_word' id='word_1_251' title='bbox 1414 2131 1647 2191; x_wconf 86' lang='lat' dir='ltr'>Apostolus</span> <span class='ocrx_word' id='word_1_252' title='bbox 1661 2132 1785 2191; x_wconf 90' lang='lat' dir='ltr'>quod</span> 
     </span>
     <span class='ocr_line' id='line_1_29' title="bbox 393 2203 1778 2267; baseline -0.004 -16"><span class='ocrx_word' id='word_1_253' title='bbox 393 2209 561 2267; x_wconf 84' lang='lat' dir='ltr'>posuit,</span> <span class='ocrx_word' id='word_1_254' title='bbox 593 2227 613 2249; x_wconf 84' lang='lat'>«</span> <span class='ocrx_word' id='word_1_255' title='bbox 645 2207 1055 2267; x_wconf 82' lang='lat' dir='ltr'>Concupiscentiam</span> <span class='ocrx_word' id='word_1_256' title='bbox 1080 2204 1324 2248; x_wconf 83' lang='lat' dir='ltr'>nesciebam</span> <span class='ocrx_word' id='word_1_257' title='bbox 1342 2239 1351 2257; x_wconf 92' lang='lat'>,</span> <span class='ocrx_word' id='word_1_258' title='bbox 1381 2203 1460 2247; x_wconf 91' lang='lat' dir='ltr'>nisi</span> <span class='ocrx_word' id='word_1_259' title='bbox 1485 2206 1572 2246; x_wconf 84' lang='lat' dir='ltr'>Lex</span> <span class='ocrx_word' id='word_1_260' title='bbox 1600 2203 1778 2257; x_wconf 86' lang='lat' dir='ltr'>diceret,</span> 
     </span>
     <span class='ocr_line' id='line_1_30' title="bbox 397 2272 1782 2336; baseline -0.005 -14"><span class='ocrx_word' id='word_1_261' title='bbox 397 2296 417 2318; x_wconf 84' lang='lat'>»</span> <span class='ocrx_word' id='word_1_262' title='bbox 452 2281 549 2322; x_wconf 83' lang='lat' dir='ltr'>Non</span> <span class='ocrx_word' id='word_1_263' title='bbox 567 2278 872 2336; x_wconf 81' lang='lat' dir='ltr'>concupisces⁷</span> <span class='ocrx_word' id='word_1_264' title='bbox 899 2293 907 2317; x_wconf 93' lang='lat'>:</span> <span class='ocrx_word' id='word_1_265' title='bbox 936 2295 956 2317; x_wconf 90' lang='lat'>»</span> <span class='ocrx_word' id='word_1_266' title='bbox 980 2291 1070 2320; x_wconf 91' lang='lat' dir='ltr'>non</span> <span class='ocrx_word' id='word_1_267' title='bbox 1088 2274 1240 2334; x_wconf 87' lang='lat' dir='ltr'>utique</span> <span class='ocrx_word' id='word_1_268' title='bbox 1264 2272 1432 2317; x_wconf 87' lang='lat' dir='ltr'>addidit</span> <span class='ocrx_word' id='word_1_269' title='bbox 1445 2274 1570 2333; x_wconf 84' lang='lat' dir='ltr'>cujus</span> <span class='ocrx_word' id='word_1_270' title='bbox 1588 2273 1650 2315; x_wconf 90' lang='lat' dir='ltr'>rei</span> <span class='ocrx_word' id='word_1_271' title='bbox 1672 2288 1782 2316; x_wconf 91' lang='lat' dir='ltr'>con-</span> 
     </span>
     <span class='ocr_line' id='line_1_31' title="bbox 394 2342 1782 2408; baseline -0.005 -16"><span class='ocrx_word' id='word_1_272' title='bbox 394 2349 718 2407; x_wconf 85' lang='lat' dir='ltr'>cupiscentiam,</span> <span class='ocrx_word' id='word_1_273' title='bbox 744 2347 814 2392; x_wconf 82' lang='lat' dir='ltr'>vel</span> <span class='ocrx_word' id='word_1_274' title='bbox 836 2347 943 2408; x_wconf 84' lang='lat' dir='ltr'>quid</span> <span class='ocrx_word' id='word_1_275' title='bbox 964 2362 1053 2390; x_wconf 90' lang='lat' dir='ltr'>non</span> <span class='ocrx_word' id='word_1_276' title='bbox 1075 2344 1374 2403; x_wconf 71' lang='lat' dir='ltr'>concupisces,</span> <span class='ocrx_word' id='word_1_277' title='bbox 1399 2352 1568 2388; x_wconf 89' lang='lat' dir='ltr'>certum</span> <span class='ocrx_word' id='word_1_278' title='bbox 1585 2351 1648 2386; x_wconf 89' lang='lat' dir='ltr'>est</span> <span class='ocrx_word' id='word_1_279' title='bbox 1665 2342 1782 2386; x_wconf 88' lang='lat' dir='ltr'>enim</span> 
     </span>
     <span class='ocr_line' id='line_1_32' title="bbox 395 2413 1777 2476; baseline -0.003 -14"><span class='ocrx_word' id='word_1_280' title='bbox 395 2434 484 2463; x_wconf 94' lang='lat' dir='ltr'>non</span> <span class='ocrx_word' id='word_1_281' title='bbox 501 2418 696 2476; x_wconf 82' lang='lat' dir='ltr'>intelligi,</span> <span class='ocrx_word' id='word_1_282' title='bbox 714 2434 814 2463; x_wconf 89' lang='lat' dir='ltr'>cum</span> <span class='ocrx_word' id='word_1_283' title='bbox 827 2419 885 2462; x_wconf 83' lang='lat' dir='ltr'>ita</span> <span class='ocrx_word' id='word_1_284' title='bbox 899 2417 1074 2472; x_wconf 89' lang='lat' dir='ltr'>dicitur,</span> <span class='ocrx_word' id='word_1_285' title='bbox 1090 2416 1171 2460; x_wconf 89' lang='lat' dir='ltr'>nisi</span> <span class='ocrx_word' id='word_1_286' title='bbox 1189 2414 1348 2459; x_wconf 88' lang='lat' dir='ltr'>malam</span> <span class='ocrx_word' id='word_1_287' title='bbox 1361 2413 1777 2473; x_wconf 87' lang='lat' dir='ltr'>concupiscentiam.</span> 
     </span>
    </p>
   </div>
   <div class='ocr_carea' id='block_1_3' title="bbox 397 2507 1776 2613">
    <p class='ocr_par' dir='ltr' id='par_1_4' title="bbox 397 2507 1776 2613">
     <span class='ocr_line' id='line_1_33' title="bbox 443 2507 1776 2557; baseline -0.005 -13"><span class='ocrx_word' id='word_1_288' title='bbox 443 2521 452 2537; x_wconf 87' lang='lat'>¹</span> <span class='ocrx_word' id='word_1_289' title='bbox 470 2512 582 2557; x_wconf 78' lang='lat' dir='ltr'>Philip.</span> <span class='ocrx_word' id='word_1_290' title='bbox 603 2526 652 2556; x_wconf 87' lang='grc'>111,</span> <span class='ocrx_word' id='word_1_291' title='bbox 668 2523 722 2546; x_wconf 81' lang='lat'>20.</span> <span class='ocrx_word' id='word_1_292' title='bbox 741 2530 780 2537; x_wconf 72' lang='lat'>—</span> <span class='ocrx_word' id='word_1_293' title='bbox 794 2514 902 2546; x_wconf 84' lang='lat' dir='ltr'>²Psal.</span> <span class='ocrx_word' id='word_1_294' title='bbox 923 2525 1032 2554; x_wconf 75' lang='lat' dir='ltr'>cxviii,</span> <span class='ocrx_word' id='word_1_295' title='bbox 1051 2509 1180 2544; x_wconf 80' lang='lat'>20.—-3</span> <span class='ocrx_word' id='word_1_296' title='bbox 1199 2510 1296 2542; x_wconf 80' lang='lat' dir='ltr'>Exod.</span> <span class='ocrx_word' id='word_1_297' title='bbox 1317 2521 1371 2550; x_wconf 79' lang='lat' dir='ltr'>xx,</span> <span class='ocrx_word' id='word_1_298' title='bbox 1395 2519 1445 2552; x_wconf 82' lang='lat'>17.</span> <span class='ocrx_word' id='word_1_299' title='bbox 1465 2525 1506 2535; x_wconf 91' lang='lat'>—</span> <span class='ocrx_word' id='word_1_300' title='bbox 1523 2507 1540 2538; x_wconf 77' lang='grc'>4</span> <span class='ocrx_word' id='word_1_301' title='bbox 1557 2509 1652 2542; x_wconf 87' lang='lat' dir='ltr'>Rom.</span> <span class='ocrx_word' id='word_1_302' title='bbox 1674 2519 1730 2549; x_wconf 80' lang='lat' dir='ltr'>vn,</span> <span class='ocrx_word' id='word_1_303' title='bbox 1745 2518 1776 2549; x_wconf 76' lang='lat'>7.</span> 
     </span>
     <span class='ocr_line' id='line_1_34' title="bbox 397 2568 1354 2613; baseline -0.007 -8"><span class='ocrx_word' id='word_1_304' title='bbox 397 2587 437 2594; x_wconf 89' lang='lat'>—</span> <span class='ocrx_word' id='word_1_305' title='bbox 456 2569 470 2594; x_wconf 83' lang='lat'><strong><em>5</em></strong></span> <span class='ocrx_word' id='word_1_306' title='bbox 489 2571 555 2604; x_wconf 73' lang='lat' dir='ltr'>Gal.</span> <span class='ocrx_word' id='word_1_307' title='bbox 577 2582 611 2613; x_wconf 76' lang='lat' dir='ltr'>V,</span> <span class='ocrx_word' id='word_1_308' title='bbox 641 2581 690 2612; x_wconf 86' lang='lat'>¹7·</span> <span class='ocrx_word' id='word_1_309' title='bbox 711 2587 752 2593; x_wconf 91' lang='lat'>-</span> <span class='ocrx_word' id='word_1_310' title='bbox 769 2568 785 2594; x_wconf 86' lang='lat'>6</span> <span class='ocrx_word' id='word_1_311' title='bbox 804 2572 876 2613; x_wconf 82' lang='lat' dir='ltr'>Sap.</span> <span class='ocrx_word' id='word_1_312' title='bbox 892 2581 940 2609; x_wconf 81' lang='lat' dir='ltr'>v1‚</span> <span class='ocrx_word' id='word_1_313' title='bbox 957 2578 1011 2603; x_wconf 86' lang='lat'>21.</span> <span class='ocrx_word' id='word_1_314' title='bbox 1032 2586 1073 2593; x_wconf 89' lang='lat'>·-</span> <span class='ocrx_word' id='word_1_315' title='bbox 1092 2575 1105 2602; x_wconf 84' lang='lat'><strong>7</strong></span> <span class='ocrx_word' id='word_1_316' title='bbox 1125 2570 1219 2601; x_wconf 85' lang='lat' dir='ltr'>Rom.</span> <span class='ocrx_word' id='word_1_317' title='bbox 1247 2577 1302 2608; x_wconf 86' lang='lat' dir='ltr'>vu,</span> <span class='ocrx_word' id='word_1_318' title='bbox 1322 2576 1354 2607; x_wconf 80' lang='lat'>7.</span> 
     </span>
    </p>
   </div>
  </div>
 </body>
</html>
