1848 3261
338 192 420 231 134
710 177 721 185 ⁸
772 201 805 230 s.
841 202 1070 231 Anatis-nm
1102 204 1281 230 EPISCOPI

333 283 482 314 omnes
500 268 546 311 in
567 267 686 313 disco
705 302 716 323 ‚
741 282 891 312 omnes
913 276 1072 312 mactat
1088 276 1131 311 et
1152 267 1386 311 manducat
1403 269 1578 325 Petrus3
1606 267 1711 327 quia

333 342 485 383 Petrus
499 346 619 397 petra
635 373 646 393 ‚
666 347 787 398 petra
804 336 1009 382 Ecclesia.
1027 335 1143 391 Quid
1163 345 1227 381 est
1246 346 1434 382 mactare
1455 345 1498 381 et
1519 336 1710 381 mandu—

333 409 455 452 care?
485 408 690 452 Occidere
712 408 759 451 in
781 407 838 451 eis
862 407 982 467 quod
1012 416 1156 462 erant,
1181 415 1224 450 et
1244 407 1290 450 in
1310 423 1386 451 sua
1406 407 1568 452 viscera
1590 423 1711 451 assu-

332 495 464 524 mere.
489 479 732 524 Dissuasisti
751 494 922 538 pagano
956 477 1194 536 sacrilegia,
1218 477 1413 523 occidisti
1438 478 1559 539 quod
1586 488 1706 523 erat:

333 550 435 595 dato
468 558 736 594 sacramento
763 549 922 594 Christi
953 549 1238 609 incorporasti
1258 549 1485 605 Ecclesiae,
1522 548 1711 595 mandu-

332 620 452 666 casti.

391 693 472 735 III.
492 693 602 750 Ipsae
624 704 725 748 ergo
738 689 887 733 bestiae
906 697 1060 749 potant
1075 689 1175 733 istas
1191 704 1322 749 aquas
1337 723 1348 744 ‚
1366 682 1716 748 pertranseuntes

332 772 480 807 tamen
507 780 516 805 :
541 775 631 804 non
664 769 910 815 manentes,
935 759 1012 803 sed
1038 769 1403 819 pertranseuntes.
1425 759 1576 804 Omnis
1602 761 1718 804 enim

332 831 531 877 doctrina
553 846 652 890 quae
672 839 766 875 toto
785 830 866 875 isto
888 839 1084 890 tempore
1106 829 1375 890 dispensatur
1391 866 1403 887 ,
1422 831 1590 874 transit.
1610 829 1718 874 Inde

335 902 441 947 dicit
461 899 693 960 Apostolus
723 919 775 945 :a
806 903 864 945 Et
896 900 1073 944 scientia
1106 899 1354 945 destruetur
1373 935 1384 956 ,
1421 910 1464 945 et
1491 901 1721 960 prophetia

336 992 358 1016 »
395 971 689 1017 evacuabitur.
727 988 749 1012 »
780 975 921 1024 Quare
954 971 1033 1015 ista
1068 972 1422 1015 evacuabuntur?
1454 990 1474 1013 «
1501 973 1566 1015 Ex
1599 980 1722 1030 parte

337 1061 360 1086 >›
394 1043 510 1087 enim
543 1042 730 1096 scimus,
765 1050 807 1084 et
838 1057 889 1084 ex
923 1050 1043 1100 parte
1070 1042 1411 1101 prophetamus:
1442 1056 1542 1085 cum
1575 1050 1721 1085 autem

338 1132 360 1156 »
394 1113 561 1158 venerit
578 1111 698 1172 quod
719 1110 963 1170 perfectum
985 1121 1072 1166 est,
1094 1112 1214 1171 quod
1231 1128 1282 1155 ex
1303 1121 1423 1172 parte
1439 1121 1522 1166 est,
1543 1127 1724 1156 evacua-

339 1203 361 1226 »
395 1184 516 1227 bitur
530 1185 590 1226 1.»
605 1182 693 1227 Nisi
706 1180 818 1226 forte
832 1190 956 1241 putat
970 1182 1167 1226 Charitas
1184 1185 1334 1225 Vestra
1355 1182 1456 1242 quia
1475 1182 1521 1225 in
1535 1181 1609 1226 illa
1625 1182 1724 1226 civi-

338 1264 452 1310 tate,
469 1254 539 1298 cui
554 1253 739 1298 dicitur:
762 1272 782 1295 «
801 1251 1028 1308 Collauda,
1045 1252 1300 1307 Jerusalem,
1319 1253 1570 1307 Dominum,
1593 1251 1724 1297 lauda

343 1344 365 1368 >›
383 1329 524 1370 Deum
538 1334 681 1378 tuum,
700 1323 820 1380 Sion3
837 1323 1045 1382 quoniam
1058 1323 1329 1367 confirmavit
1341 1333 1482 1367 vectes
1499 1332 1726 1383 portarum
1743 1327 1747 1330 ’

341 1415 363 1438 ))
399 1405 575 1440 tuarum
589 1398 606 1420 ‘²
627 1414 638 1441 ς
664 1412 686 1435 »
703 1395 793 1454 jam
811 1393 1077 1438 confirmatis
1098 1393 1296 1437 vectibus
1314 1403 1356 1437 et
1373 1392 1516 1437 clausa
1533 1393 1722 1449 civitate,

340 1465 481 1521 unde,
502 1474 552 1508 ut
566 1464 828 1524 jampridem
846 1462 1055 1507 diximusss
1077 1498 1088 1517 ‚
1104 1478 1233 1508 nemo
1262 1464 1348 1508 exit
1364 1464 1549 1519 amicus,
1577 1472 1621 1507 et
1637 1479 1726 1524 quo

341 1552 471 1582 nemo
491 1537 624 1580 intrat
640 1534 871 1578 inimicus:
898 1532 1018 1594 quod
1042 1534 1178 1578 codex
1198 1534 1259 1578 ibi
1276 1534 1400 1578 nobis
1419 1534 1629 1592 legendus
1645 1545 1724 1591 est,

346 1617 421 1653 aut
442 1605 693 1652 tractandus
715 1620 855 1649 sermo
870 1639 881 1659 ,
912 1603 1286 1664 quemadmodum
1309 1605 1432 1650 vobis
1456 1604 1590 1650 modo
1612 1616 1728 1650 trac-

344 1688 476 1723 tatur.
504 1676 609 1721 Ideo
632 1675 764 1720 modo
793 1684 1022 1730 tractatur,
1054 1684 1104 1718 ut
1125 1674 1187 1718 ibi
1210 1683 1409 1719 teneatur
1431 1694 1440 1720 2
1475 1676 1574 1720 ideo
1596 1675 1729 1720 modo

344 1765 422 1809 per
447 1747 634 1806 syllabas
657 1745 886 1801 dividitur,
909 1755 958 1789 ut
973 1745 1035 1789 ibi
1059 1754 1172 1789 totus
1190 1754 1320 1805 atque
1349 1746 1517 1804 integer
1537 1756 1730 1791 contem-

344 1819 505 1879 pletur.
544 1819 642 1862 Non
663 1816 725 1860 ibi
759 1814 897 1859 deerit
923 1815 1106 1859 verbum
1125 1815 1206 1859 Dei
1234 1835 1242 1860 :
1269 1814 1342 1859 sed
1371 1825 1519 1860 tamen
1541 1832 1631 1861 non
1652 1832 1730 1876 per

346 1890 510 1933 litteras
524 1922 535 1942 ‚
562 1903 652 1931 non
682 1901 758 1946 per
779 1901 906 1930 sonos
925 1922 935 1942 ‚
956 1901 1046 1930 non
1066 1900 1143 1945 per
1160 1884 1331 1930 codices
1348 1921 1358 1940 ‚
1377 1901 1467 1930 non
1489 1902 1566 1946 per
1595 1886 1732 1931 lecto-

343 1974 452 2013 rem,
472 1973 561 2001 non
574 1972 650 2016 per
665 1965 956 2000 tractatorem.
975 1955 1202 2008 Quomodo
1217 1958 1345 2014 ergo?
1370 1956 1491 2001 Sicut
1505 1976 1525 1998 «
1545 1960 1596 2000 In
1612 1957 1728 2016 prin-

343 2048 363 2071 »
387 2028 500 2088 cipio
522 2036 612 2071 erat
629 2027 825 2071 Verbum
838 2062 849 2082 ‚
869 2036 911 2070 et
927 2027 1123 2070 Verbum
1141 2035 1231 2070 erat
1247 2025 1364 2085 apud
1382 2029 1539 2082 Deum,
1557 2036 1599 2071 et
1616 2030 1730 2071 Deus

347 2119 367 2142 »
402 2109 493 2144 erat
514 2099 722 2144 Verbum.
747 2117 767 2139 »
792 2101 889 2143 Non
908 2098 1023 2141 enim
1045 2099 1102 2142 sic
1130 2097 1184 2142 ad
1209 2114 1286 2142 nos
1302 2097 1442 2152 venit,
1462 2107 1513 2141 ut
1529 2098 1631 2142 inde
1648 2097 1734 2142 dis-

343 2170 516 2215 cederet
542 2190 550 2214 :
572 2170 675 2231 quia
697 2189 717 2211 «
741 2172 792 2213 In
814 2169 897 2213 hoc
918 2167 1085 2213 mundo
1105 2178 1196 2212 erat
1210 2203 1221 2224 ‚
1242 2176 1286 2211 et
1315 2167 1505 2211 mundus
1530 2183 1607 2227 per
1629 2183 1732 2212 eum

346 2262 365 2283 »
391 2242 532 2286 factus
555 2242 662 2285 est4.
693 2261 710 2282 »
738 2239 839 2284 Tale
855 2240 1039 2284 verbum
1063 2237 1398 2298 contemplaturi
1412 2253 1577 2282 sumus.
1601 2258 1622 2281 «
1647 2243 1732 2298 Ap-

348 2334 365 2355 »
400 2313 581 2373 parebit*
593 2312 708 2356 enim
721 2315 835 2356 Deus
849 2310 1030 2356 deorum
1051 2312 1097 2355 in
1112 2311 1255 2356 Sion5.
1278 2328 1298 2351 »
1323 2308 1407 2354 Sed
1418 2310 1502 2354 hoc
1519 2308 1732 2370 quando?

390 2435 400 2451 ¹
421 2439 434 2459 1
453 2429 526 2459 Cor.
551 2438 617 2467 xm,
637 2427 723 2459 8-10.
745 2442 787 2449 —
807 2433 820 2448 ²
838 2426 918 2458 Psal.
949 2437 1063 2467 cxrvu,
1085 2434 1144 2466 12,
1171 2425 1221 2456 13.
1248 2442 1290 2447 —-
1312 2423 1325 2448 3
1352 2424 1468 2457 Confer
1491 2423 1731 2456 Enarrationem

344 2484 375 2516 in
400 2483 480 2515 Psal.
509 2493 646 2525 mxxiv,
666 2493 696 2514 n.
722 2493 759 2515 10
774 2507 783 2523 ,
809 2486 842 2514 et
860 2482 892 2514 in
910 2483 989 2514 Psal.
1010 2493 1117 2514 chvn
1134 2482 1171 2513 ad
1190 2493 1221 2512 v.
1255 2482 1292 2513 13
1311 2481 1424 2523 quibus
1442 2481 1518 2513 locis
1542 2480 1606 2513 hoc
1626 2481 1731 2523 ipsum

345 2540 465 2571 dictum
486 2540 640 2581 reperies.
661 2556 702 2562 —-
720 2538 735 2568 4
753 2540 843 2570 Joan.
864 2549 886 2577 1,
912 2549 924 2570 ι
943 2542 976 2569 et
993 2549 1042 2570 10.
1064 2553 1106 2559 ——
1121 2535 1135 2559 5
1154 2536 1232 2569 Psal.
1256 2546 1390 2577 Lxxnu,
1409 2536 1442 2567 8.
