1848 3261
298 258 539 289 munim-mo
570 260 604 287 Π
636 260 681 287 m
713 255 916 287 PsALMUM
946 260 1014 297 cr,
1049 256 1188 286 SERMo
1221 260 1269 287 11.
1408 248 1461 286 57

139 329 257 373 XIV.
276 326 406 372 For'te
422 327 493 370 hic
509 325 641 370 coelos
659 326 788 370 etiam
809 341 899 370 non
920 326 1169 384 importune
1184 323 1463 383 intelligimus

79 401 194 460 ipsos
218 401 384 460 justos,
420 405 588 442 sanctos
618 398 718 452 Dei,
748 398 794 441 in
822 397 982 457 quibus
1004 410 1182 439 manens
1204 398 1317 439 Deus
1344 396 1462 440 into-

79 471 177 514 nuit
212 468 466 528 praeeeptiS,
497 467 737 512 coruscavit
765 467 983 511 miraculis
1003 502 1013 521 ,
1056 465 1337 509 imbrificabit
1374 475 1465 509 ter-

79 555 170 584 ram
190 539 396 598 sapientia
419 537 624 581 veritatis.
644 556 662 578 «
681 536 791 582 Coeli
813 538 928 580 enim
950 544 1261 580 enarraverunt
1282 534 1463 594 gloriam

80 628 101 652 »
136 610 254 654 Dei1.
284 627 304 649 »
333 607 417 652 Sed
439 606 658 666 numquid
689 607 816 650 etiam
837 607 919 666 ipsi
951 606 1188 666 peribunt?
1219 609 1288 650 An
1309 621 1464 650 secun-

77 681 184 724 dum
208 678 441 740 quemdam
470 677 648 723 modum
678 678 920 737 peribunt?
941 678 1190 722 Secundum
1213 693 1343 737 quem
1365 693 1462 722 mo·-

78 750 216 794 dum?
239 748 488 794 Secundum
511 749 833 793 vestimentum.
862 747 975 801 Quid
997 757 1085 803 est,
1107 747 1347 792 secundum
1365 764 1462 793 ves-

77 821 339 864 timentum?
364 819 614 863 Secundum
635 834 805 878 corpus.
825 819 1144 863 Vestimentum
1167 819 1282 862 enim
1307 820 1462 863 animae

75 905 231 948 corpus
252 908 260 933 ε
285 889 494 932 Dominus
517 889 632 932 enim
649 889 954 932 vestimentum
974 889 1239 943 nominavit,
1266 889 1342 932 ubi
1365 891 1424 934 ait
1448 910 1456 935 ε

80 979 100 1003 «
134 962 288 1004 Nonne
308 959 450 1002 anima
470 957 568 1017 plus
590 968 653 1002 est
675 974 807 1018 quam
830 974 923 1003 esea
941 994 951 1014 ,
977 968 1020 1002 et
1036 974 1192 1018 corpus
1215 958 1312 1017 plus
1330 975 1462 1019 quam

77 1048 98 1072 »
132 1030 500 1074 vestimentum2‘?
534 1046 554 1070 )›
589 1028 821 1082 Quomodo
854 1045 957 1088 ergo
985 1030 1095 1089 perit
1122 1029 1462 1074 vestimentum?

79 1120 98 1143 «
133 1101 226 1145 Etsi
248 1100 431 1144 exterior
452 1100 584 1143 homo
607 1109 753 1144 noster
775 1101 1085 1160 corrumpitur,
1103 1100 1177 1144 sed
1198 1101 1379 1145 interior
1399 1116 1464 1146 re-

77 1190 98 1212 »
132 1180 318 1215 novatur
352 1169 406 1213 de
435 1169 504 1213 die
529 1170 574 1213 in
607 1170 770 1214 diem3.
806 1173 969 1230 »Ergo
1005 1172 1086 1230 ipsi
1113 1171 1348 1231 peribunt,
1387 1171 1463 1216 sed

75 1241 316 1287 secundum
348 1256 504 1300 corpus
527 1261 535 1285 :
561 1261 580 1282 «
608 1244 669 1285 Tu
706 1251 852 1286 autem
880 1258 1121 1302 permanes.
1147 1261 1166 1283 »
1197 1243 1239 1287 Si
1262 1258 1364 1302 ergo
1393 1259 1462 1287 se-

75 1311 269 1357 cundum
288 1327 444 1370 corpus
465 1311 688 1370 peribunt,
708 1312 785 1355 ubi
807 1328 910 1372 ergo
928 1312 1184 1358 resurrectio
1204 1314 1342 1357 carnis
1355 1316 1372 1357 Ξ)
1385 1314 1462 1357 ubi

75 1381 322 1441 exemplum
349 1382 647 1426 membrorum
664 1417 674 1437 ,
699 1382 818 1442 quod
842 1383 1058 1442 praecessit
1088 1383 1133 1426 in
1155 1383 1325 1442 capite?
1347 1384 1462 1428 Ubi?

75 1453 149 1496 Vis
179 1451 358 1496 audire?
385 1452 628 1495 Mutabitur
653 1471 661 1496 :
698 1468 787 1496 non
821 1453 903 1497 tale
930 1453 1010 1497 erit
1046 1453 1174 1513 quale
1209 1452 1307 1496 fuit.
1345 1454 1462 1497 Audi

75 1521 333 1582 Apostolum
358 1521 575 1565 dicentem
602 1541 610 1566 :
642 1541 660 1563 ‹<
685 1525 742 1566 Et
758 1523 919 1567 mortui
943 1532 1167 1581 resurgent
1186 1524 1427 1582 incorrupti
1447 1558 1458 1578 ,

80 1613 98 1634 »
134 1602 176 1637 et
198 1608 275 1636 nos
298 1592 643 1635 immutabimur.
672 1610 692 1632 >›
718 1593 950 1645 Quomodo
972 1592 1328 1637 immutabimur?
1349 1595 1461 1638 «Se-

78 1681 98 1704 »
133 1663 323 1706 minatur
359 1677 515 1721 corpus
549 1662 735 1706 animale
754 1698 765 1718 ,
797 1674 946 1723 surget
977 1680 1133 1724 corpus
1161 1664 1350 1724 spiritale
1364 1666 1395 1708 4.
1436 1683 1456 1706 >›

74 1736 190 1792 Ergo
212 1733 450 1776 seminatur
471 1732 678 1787 mortale,
704 1744 900 1793 resurget
920 1735 1165 1780 immortale
1195 1755 1203 1779 z
1226 1735 1462 1779 seminatur

74 1801 357 1861 corruptibile
376 1837 385 1856 ,
413 1812 607 1861 resurget
634 1802 979 1862 incorruptibile.
1000 1805 1291 1848 Mutationem
1312 1804 1460 1865 itaque

75 1882 348 1933 expectamus
376 1892 384 1916 :
416 1873 476 1916 ita
507 1873 715 1931 peribunt
738 1874 862 1926 coeli,
890 1884 933 1919 et
954 1875 1306 1919 immutabuntur
1339 1876 1456 1920 coeli.

76 1944 161 1988 Sed
180 1942 359 1987 fortasse
382 1951 630 1986 sanctorum
655 1959 833 2002 corpora
858 1960 947 1988 non
968 1955 1084 1989 recte
1105 1944 1311 1989 dicuntur
1329 1944 1461 1990 coeli?

75 2014 118 2059 Si
140 2029 229 2058 non
250 2022 426 2072 portant
458 2016 624 2067 Deum,
650 2029 739 2057 non
761 2014 846 2058 sint
875 2015 990 2059 coeli.
1029 2018 1087 2060 Et
1115 2015 1259 2071 unde,
1291 2017 1456 2076 inquit,

72 2084 181 2127 mihi
207 2083 363 2142 probas
385 2083 485 2142 quia
513 2092 690 2142 portant
725 2087 894 2127 Deum?
917 2087 1062 2145 Usque
1087 2084 1278 2130 adeo-ne
1301 2086 1460 2131 excidit

71 2155 152 2199 tibi
168 2190 178 2209 ‚
204 2174 224 2196 «
250 2154 497 2198 Glorificate
529 2163 571 2197 et
590 2164 759 2213 portate
780 2159 919 2200 Deum
938 2156 983 2199 in
1007 2172 1189 2215 corpore
1209 2166 1352 2201 vestro
1367 2160 1409 2200 ⁵?
1435 2176 1455 2200 »

72 2227 188 2282 Ergo
205 2224 312 2267 tales
334 2223 435 2267 coeli
456 2224 678 2283 peribunt,
701 2225 774 2268 sed
798 2241 885 2269 non
908 2227 952 2269 in
976 2236 1188 2271 aeternum
1206 2247 1213 2272 :
1234 2227 1456 2286 peribunt,

72 2302 122 2337 ut
142 2302 381 2337 mutentur.
415 2297 573 2338 Annon
596 2295 678 2339 hoc
701 2294 804 2339 dicit
827 2295 1050 2340 Psalmus?
1072 2300 1186 2355 Lege
1209 2298 1454 2357 sequentia:

77 2383 97 2405 «
131 2366 187 2407 Et
205 2379 352 2407 omnes
375 2364 485 2408 sicut
504 2365 811 2409 vestimentum
826 2376 1116 2421 veterascent,
1139 2376 1181 2411 et
1203 2368 1314 2411 sicut
1336 2383 1457 2426 oper-

77 2452 96 2475 »
132 2434 290 2478 torium
313 2435 500 2478 mutabis
523 2450 593 2479 eos
609 2470 619 2490 ,
649 2445 691 2479 et
726 2437 1015 2480 mutabuntur
1041 2456 1048 2481 :
1078 2440 1141 2480 Tu
1166 2447 1311 2481 autem
1336 2437 1454 2481 idem

122 2537 130 2552 ¹
153 2529 232 2560 Psal.
258 2541 349 2569 xvm,
372 2539 403 2561 2.
425 2547 466 2552 —
486 2537 498 2552 ²
521 2530 634 2562 Matth.
658 2542 702 2571 vi,
723 2531 775 2563 25.
798 2549 839 2554 —
861 2531 873 2555 3
898 2541 916 2563 2
936 2534 995 2565 Cor
1015 2544 1060 2573 iv,
1082 2532 1132 2563 16.
1154 2550 1194 2554 —
1222 2532 1237 2562 4
1266 2544 1277 2563 1
1307 2534 1379 2564 Cor.
1400 2544 1454 2574 xv,

75 2583 114 2626 44
136 2589 168 2616 et
187 2585 226 2617 52
267 2602 307 2608 —-
327 2583 404 2617 ⁵1d.
425 2597 471 2626 vr,
489 2594 539 2616 20.
