<?xml version="1.0" encoding="UTF-8"?>
<!DOCTYPE html PUBLIC "-//W3C//DTD XHTML 1.0 Transitional//EN"
    "http://www.w3.org/TR/xhtml1/DTD/xhtml1-transitional.dtd">
<html xmlns="http://www.w3.org/1999/xhtml" xml:lang="en" lang="en">
 <head>
  <title>
</title>
<meta http-equiv="Content-Type" content="text/html;charset=utf-8" />
  <meta name='ocr-system' content='tesseract 3.04.00' />
  <meta name='ocr-capabilities' content='ocr_page ocr_carea ocr_par ocr_line ocrx_word'/>
</head>
<body>
  <div class='ocr_page' id='page_1' title='image "./operaomniaaccura11auguuoft_0495.png"; bbox 0 0 1848 3261; ppageno 0'>
   <div class='ocr_carea' id='block_1_1' title="bbox 268 230 1468 279">
    <p class='ocr_par' dir='ltr' id='par_1_1' title="bbox 268 230 1468 279">
     <span class='ocr_line' id='line_1_1' title="bbox 268 230 1468 279; baseline 0.001 -9"><span class='ocrx_word' id='word_1_1' title='bbox 268 238 510 270; x_wconf 71' lang='lat' dir='ltr'>ENARRAno</span> <span class='ocrx_word' id='word_1_2' title='bbox 542 242 588 270; x_wconf 78' lang='lat' dir='ltr'>IN</span> <span class='ocrx_word' id='word_1_3' title='bbox 619 238 824 270; x_wconf 73' lang='lat' dir='ltr'>PsALMUM</span> <span class='ocrx_word' id='word_1_4' title='bbox 854 240 1015 279; x_wconf 82' lang='lat' dir='ltr'>cxvm,</span> <span class='ocrx_word' id='word_1_5' title='bbox 1049 240 1187 270; x_wconf 74' lang='lat' dir='ltr'>SERMO</span> <span class='ocrx_word' id='word_1_6' title='bbox 1218 244 1310 270; x_wconf 73' lang='lat' dir='ltr'>xxi.</span> <span class='ocrx_word' id='word_1_7' title='bbox 1382 230 1468 271; x_wconf 80' lang='lat'>483</span> 
     </span>
    </p>
   </div>
   <div class='ocr_carea' id='block_1_2' title="bbox 84 305 1473 2543">
    <p class='ocr_par' dir='ltr' id='par_1_2' title="bbox 84 305 1473 1215">
     <span class='ocr_line' id='line_1_2' title="bbox 90 305 1469 368; baseline 0.003 -19"><span class='ocrx_word' id='word_1_8' title='bbox 90 325 112 349; x_wconf 91' lang='lat'>»</span> <span class='ocrx_word' id='word_1_9' title='bbox 146 321 242 351; x_wconf 91' lang='lat' dir='ltr'>sum</span> <span class='ocrx_word' id='word_1_10' title='bbox 265 321 360 364; x_wconf 84' lang='lat' dir='ltr'>ego.</span> <span class='ocrx_word' id='word_1_11' title='bbox 392 324 411 348; x_wconf 90' lang='lat'>»</span> <span class='ocrx_word' id='word_1_12' title='bbox 438 305 552 360; x_wconf 84' lang='lat' dir='ltr'>Quid</span> <span class='ocrx_word' id='word_1_13' title='bbox 579 306 694 350; x_wconf 89' lang='lat' dir='ltr'>enim</span> <span class='ocrx_word' id='word_1_14' title='bbox 717 321 806 349; x_wconf 91' lang='lat' dir='ltr'>non</span> <span class='ocrx_word' id='word_1_15' title='bbox 832 314 896 349; x_wconf 85' lang='lat' dir='ltr'>est</span> <span class='ocrx_word' id='word_1_16' title='bbox 917 306 1006 365; x_wconf 84' lang='lat' dir='ltr'>ejus</span> <span class='ocrx_word' id='word_1_17' title='bbox 1024 307 1042 349; x_wconf 81' lang='lat' dir='ltr'>P</span> <span class='ocrx_word' id='word_1_18' title='bbox 1059 309 1126 350; x_wconf 86' lang='lat' dir='ltr'>An</span> <span class='ocrx_word' id='word_1_19' title='bbox 1154 307 1266 352; x_wconf 87' lang='lat' dir='ltr'>forte</span> <span class='ocrx_word' id='word_1_20' title='bbox 1290 309 1393 368; x_wconf 84' lang='lat' dir='ltr'>quia</span> <span class='ocrx_word' id='word_1_21' title='bbox 1422 309 1469 353; x_wconf 88' lang='lat' dir='ltr'>in</span> 
     </span>
     <span class='ocr_line' id='line_1_3' title="bbox 85 376 1470 438; baseline 0.001 -16"><span class='ocrx_word' id='word_1_22' title='bbox 85 376 205 422; x_wconf 89' lang='lat' dir='ltr'>coelis</span> <span class='ocrx_word' id='word_1_23' title='bbox 227 392 316 422; x_wconf 88' lang='lat' dir='ltr'>esse</span> <span class='ocrx_word' id='word_1_24' title='bbox 341 376 500 422; x_wconf 82' lang='lat' dir='ltr'>dicitur</span> <span class='ocrx_word' id='word_1_25' title='bbox 530 381 643 422; x_wconf 85' lang='lat' dir='ltr'>Deus</span> <span class='ocrx_word' id='word_1_26' title='bbox 659 413 670 432; x_wconf 83' lang='lat'>‚</span> <span class='ocrx_word' id='word_1_27' title='bbox 699 376 798 420; x_wconf 90' lang='lat' dir='ltr'>ideo</span> <span class='ocrx_word' id='word_1_28' title='bbox 831 376 1077 435; x_wconf 86' lang='lat' dir='ltr'>putandum</span> <span class='ocrx_word' id='word_1_29' title='bbox 1104 387 1167 421; x_wconf 81' lang='lat' dir='ltr'>est</span> <span class='ocrx_word' id='word_1_30' title='bbox 1189 379 1354 438; x_wconf 83' lang='lat' dir='ltr'>aliquid</span> <span class='ocrx_word' id='word_1_31' title='bbox 1379 395 1470 424; x_wconf 93' lang='lat' dir='ltr'>non</span> 
     </span>
     <span class='ocr_line' id='line_1_4' title="bbox 85 445 1471 507; baseline 0.001 -16"><span class='ocrx_word' id='word_1_32' title='bbox 85 462 174 492; x_wconf 87' lang='lat' dir='ltr'>esse</span> <span class='ocrx_word' id='word_1_33' title='bbox 196 449 287 507; x_wconf 86' lang='lat' dir='ltr'>ejus</span> <span class='ocrx_word' id='word_1_34' title='bbox 304 448 346 491; x_wconf 92' lang='lat' dir='ltr'>in</span> <span class='ocrx_word' id='word_1_35' title='bbox 367 450 508 492; x_wconf 81' lang='lat' dir='ltr'>terra?</span> <span class='ocrx_word' id='word_1_36' title='bbox 523 450 635 492; x_wconf 90' lang='lat' dir='ltr'>Cum</span> <span class='ocrx_word' id='word_1_37' title='bbox 651 446 806 490; x_wconf 89' lang='lat' dir='ltr'>clamet</span> <span class='ocrx_word' id='word_1_38' title='bbox 823 445 931 490; x_wconf 88' lang='lat' dir='ltr'>alius</span> <span class='ocrx_word' id='word_1_39' title='bbox 945 446 1138 491; x_wconf 85' lang='lat' dir='ltr'>Psalmus</span> <span class='ocrx_word' id='word_1_40' title='bbox 1151 482 1161 502; x_wconf 87' lang='lat'>,</span> <span class='ocrx_word' id='word_1_41' title='bbox 1181 449 1389 492; x_wconf 86' lang='lat' dir='ltr'>«Domini</span> <span class='ocrx_word' id='word_1_42' title='bbox 1406 458 1471 493; x_wconf 86' lang='lat' dir='ltr'>est</span> 
     </span>
     <span class='ocr_line' id='line_1_5' title="bbox 87 517 1469 578; baseline 0.001 -18"><span class='ocrx_word' id='word_1_43' title='bbox 87 536 109 560; x_wconf 90' lang='lat'>»</span> <span class='ocrx_word' id='word_1_44' title='bbox 143 528 257 563; x_wconf 85' lang='lat' dir='ltr'>terra</span> <span class='ocrx_word' id='word_1_45' title='bbox 278 528 321 563; x_wconf 93' lang='lat' dir='ltr'>et</span> <span class='ocrx_word' id='word_1_46' title='bbox 347 518 577 578; x_wconf 86' lang='lat' dir='ltr'>plenitudo</span> <span class='ocrx_word' id='word_1_47' title='bbox 606 519 716 578; x_wconf 83' lang='lat' dir='ltr'>ejuS‚</span> <span class='ocrx_word' id='word_1_48' title='bbox 735 517 849 561; x_wconf 87' lang='lat' dir='ltr'>orbis</span> <span class='ocrx_word' id='word_1_49' title='bbox 880 527 1028 572; x_wconf 84' lang='lat' dir='ltr'>terrae,</span> <span class='ocrx_word' id='word_1_50' title='bbox 1051 527 1094 561; x_wconf 89' lang='lat' dir='ltr'>et</span> <span class='ocrx_word' id='word_1_51' title='bbox 1123 533 1271 562; x_wconf 87' lang='lat' dir='ltr'>omnes</span> <span class='ocrx_word' id='word_1_52' title='bbox 1289 519 1363 578; x_wconf 93' lang='lat' dir='ltr'>qui</span> <span class='ocrx_word' id='word_1_53' title='bbox 1387 519 1469 569; x_wconf 68' lang='lat' dir='ltr'>ha-</span> 
     </span>
     <span class='ocr_line' id='line_1_6' title="bbox 87 587 1470 649; baseline 0.001 -18"><span class='ocrx_word' id='word_1_54' title='bbox 87 607 109 631; x_wconf 99' lang='lat'>»</span> <span class='ocrx_word' id='word_1_55' title='bbox 144 590 287 634; x_wconf 83' lang='lat' dir='ltr'>bitant</span> <span class='ocrx_word' id='word_1_56' title='bbox 303 590 348 633; x_wconf 90' lang='lat' dir='ltr'>in</span> <span class='ocrx_word' id='word_1_57' title='bbox 370 606 420 634; x_wconf 92' lang='lat' dir='ltr'>eo</span> <span class='ocrx_word' id='word_1_58' title='bbox 435 592 466 634; x_wconf 78' lang='lat'>¹.</span> <span class='ocrx_word' id='word_1_59' title='bbox 485 608 504 631; x_wconf 86' lang='lat'>»</span> <span class='ocrx_word' id='word_1_60' title='bbox 532 589 649 642; x_wconf 85' lang='lat' dir='ltr'>Quid</span> <span class='ocrx_word' id='word_1_61' title='bbox 666 597 730 632; x_wconf 89' lang='lat' dir='ltr'>est</span> <span class='ocrx_word' id='word_1_62' title='bbox 748 603 848 646; x_wconf 85' lang='lat' dir='ltr'>ergo</span> <span class='ocrx_word' id='word_1_63' title='bbox 872 587 993 648; x_wconf 88' lang='lat' dir='ltr'>quod</span> <span class='ocrx_word' id='word_1_64' title='bbox 1026 588 1105 632; x_wconf 90' lang='lat' dir='ltr'>iste</span> <span class='ocrx_word' id='word_1_65' title='bbox 1131 590 1189 633; x_wconf 86' lang='lat' dir='ltr'>ita</span> <span class='ocrx_word' id='word_1_66' title='bbox 1216 605 1260 633; x_wconf 90' lang='lat' dir='ltr'>se</span> <span class='ocrx_word' id='word_1_67' title='bbox 1279 589 1470 649; x_wconf 85' lang='lat' dir='ltr'>quodam</span> 
     </span>
     <span class='ocr_line' id='line_1_7' title="bbox 84 659 1469 719; baseline 0 -15"><span class='ocrx_word' id='word_1_68' title='bbox 84 660 217 706; x_wconf 89' lang='lat' dir='ltr'>modo</span> <span class='ocrx_word' id='word_1_69' title='bbox 240 661 493 706; x_wconf 87' lang='lat' dir='ltr'>familiarius</span> <span class='ocrx_word' id='word_1_70' title='bbox 511 664 602 705; x_wconf 81' lang='lat' dir='ltr'>Deo</span> <span class='ocrx_word' id='word_1_71' title='bbox 629 659 1027 704; x_wconf 81' lang='lat' dir='ltr'>commendandum</span> <span class='ocrx_word' id='word_1_72' title='bbox 1059 661 1254 719; x_wconf 75' lang='lat' dir='ltr'>putavit,</span> <span class='ocrx_word' id='word_1_73' title='bbox 1280 670 1330 704; x_wconf 90' lang='lat' dir='ltr'>ut</span> <span class='ocrx_word' id='word_1_74' title='bbox 1349 660 1469 705; x_wconf 87' lang='lat' dir='ltr'>dice-</span> 
     </span>
     <span class='ocr_line' id='line_1_8' title="bbox 86 730 1473 790; baseline 0.001 -15"><span class='ocrx_word' id='word_1_75' title='bbox 86 740 152 775; x_wconf 87' lang='lat' dir='ltr'>ret</span> <span class='ocrx_word' id='word_1_76' title='bbox 173 751 182 776; x_wconf 76' lang='grc' dir='ltr'>ε</span> <span class='ocrx_word' id='word_1_77' title='bbox 207 751 228 774; x_wconf 91' lang='lat'>«</span> <span class='ocrx_word' id='word_1_78' title='bbox 254 735 371 776; x_wconf 91' lang='lat' dir='ltr'>Tuus</span> <span class='ocrx_word' id='word_1_79' title='bbox 391 748 487 776; x_wconf 90' lang='lat' dir='ltr'>sum</span> <span class='ocrx_word' id='word_1_80' title='bbox 513 746 592 789; x_wconf 84' lang='lat' dir='ltr'>ego</span> <span class='ocrx_word' id='word_1_81' title='bbox 609 766 620 786; x_wconf 89' lang='lat'>‚</span> <span class='ocrx_word' id='word_1_82' title='bbox 648 730 815 775; x_wconf 88' lang='lat' dir='ltr'>salvum</span> <span class='ocrx_word' id='word_1_83' title='bbox 838 746 908 774; x_wconf 89' lang='lat' dir='ltr'>me</span> <span class='ocrx_word' id='word_1_84' title='bbox 929 730 1021 775; x_wconf 87' lang='lat' dir='ltr'>fac:</span> <span class='ocrx_word' id='word_1_85' title='bbox 1045 749 1066 772; x_wconf 92' lang='lat'>»</span> <span class='ocrx_word' id='word_1_86' title='bbox 1084 731 1166 775; x_wconf 86' lang='lat' dir='ltr'>nisi</span> <span class='ocrx_word' id='word_1_87' title='bbox 1184 731 1371 790; x_wconf 83' lang='lat' dir='ltr'>intelligi</span> <span class='ocrx_word' id='word_1_88' title='bbox 1394 747 1473 777; x_wconf 90' lang='lat' dir='ltr'>vo—</span> 
     </span>
     <span class='ocr_line' id='line_1_9' title="bbox 85 800 1473 862; baseline 0.001 -17"><span class='ocrx_word' id='word_1_89' title='bbox 85 801 180 846; x_wconf 87' lang='lat' dir='ltr'>lens</span> <span class='ocrx_word' id='word_1_90' title='bbox 197 802 318 862; x_wconf 91' lang='lat' dir='ltr'>quod</span> <span class='ocrx_word' id='word_1_91' title='bbox 346 802 460 846; x_wconf 88' lang='lat' dir='ltr'>malo</span> <span class='ocrx_word' id='word_1_92' title='bbox 481 818 559 846; x_wconf 89' lang='lat' dir='ltr'>suo</span> <span class='ocrx_word' id='word_1_93' title='bbox 591 817 693 846; x_wconf 87' lang='lat' dir='ltr'>suus</span> <span class='ocrx_word' id='word_1_94' title='bbox 721 817 811 845; x_wconf 88' lang='lat' dir='ltr'>esse</span> <span class='ocrx_word' id='word_1_95' title='bbox 841 800 1054 856; x_wconf 70' lang='lat' dir='ltr'>voluerit,</span> <span class='ocrx_word' id='word_1_96' title='bbox 1079 801 1199 861; x_wconf 90' lang='lat' dir='ltr'>quod</span> <span class='ocrx_word' id='word_1_97' title='bbox 1220 811 1283 846; x_wconf 88' lang='lat' dir='ltr'>est</span> <span class='ocrx_word' id='word_1_98' title='bbox 1316 802 1473 846; x_wconf 88' lang='lat' dir='ltr'>inobe-</span> 
     </span>
     <span class='ocr_line' id='line_1_10' title="bbox 87 871 1468 932; baseline 0.001 -16"><span class='ocrx_word' id='word_1_99' title='bbox 87 871 262 917; x_wconf 87' lang='lat' dir='ltr'>dientiae</span> <span class='ocrx_word' id='word_1_100' title='bbox 276 873 465 932; x_wconf 88' lang='lat' dir='ltr'>primum</span> <span class='ocrx_word' id='word_1_101' title='bbox 482 882 526 917; x_wconf 88' lang='lat' dir='ltr'>et</span> <span class='ocrx_word' id='word_1_102' title='bbox 537 873 771 916; x_wconf 78' lang='lat' dir='ltr'>niaximum</span> <span class='ocrx_word' id='word_1_103' title='bbox 787 871 984 916; x_wconf 80' lang='lat' dir='ltr'>malum?</span> <span class='ocrx_word' id='word_1_104' title='bbox 1000 874 1058 916; x_wconf 90' lang='lat' dir='ltr'>Et</span> <span class='ocrx_word' id='word_1_105' title='bbox 1075 881 1281 932; x_wconf 83' lang='lat' dir='ltr'>tanquam</span> <span class='ocrx_word' id='word_1_106' title='bbox 1296 871 1442 917; x_wconf 84' lang='lat' dir='ltr'>dicens</span> <span class='ocrx_word' id='word_1_107' title='bbox 1459 892 1468 918; x_wconf 90' lang='lat'>:</span> 
     </span>
     <span class='ocr_line' id='line_1_11' title="bbox 85 942 1468 1004; baseline -0.001 -15"><span class='ocrx_word' id='word_1_108' title='bbox 85 946 209 989; x_wconf 91' lang='lat' dir='ltr'>Meus</span> <span class='ocrx_word' id='word_1_109' title='bbox 233 959 320 988; x_wconf 87' lang='lat' dir='ltr'>esse</span> <span class='ocrx_word' id='word_1_110' title='bbox 336 943 470 999; x_wconf 76' lang='lat' dir='ltr'>volui,</span> <span class='ocrx_word' id='word_1_111' title='bbox 491 953 534 988; x_wconf 90' lang='lat' dir='ltr'>et</span> <span class='ocrx_word' id='word_1_112' title='bbox 547 943 765 1003; x_wconf 86' lang='lat' dir='ltr'>perditum</span> <span class='ocrx_word' id='word_1_113' title='bbox 780 959 848 987; x_wconf 91' lang='lat' dir='ltr'>me</span> <span class='ocrx_word' id='word_1_114' title='bbox 864 942 950 987; x_wconf 78' lang='lat' dir='ltr'>feci</span> <span class='ocrx_word' id='word_1_115' title='bbox 972 962 981 988; x_wconf 89' lang='lat'>:</span> <span class='ocrx_word' id='word_1_116' title='bbox 1005 946 1154 988; x_wconf 87' lang='lat' dir='ltr'>«Tuus</span> <span class='ocrx_word' id='word_1_117' title='bbox 1170 959 1264 987; x_wconf 87' lang='lat' dir='ltr'>sum</span> <span class='ocrx_word' id='word_1_118' title='bbox 1282 979 1292 998; x_wconf 80' lang='lat'><strong>‚</strong></span> <span class='ocrx_word' id='word_1_119' title='bbox 1308 944 1468 1004; x_wconf 80' lang='lat' dir='ltr'>inquit,</span> 
     </span>
     <span class='ocr_line' id='line_1_12' title="bbox 88 1014 1467 1074; baseline 0.001 -19"><span class='ocrx_word' id='word_1_120' title='bbox 88 1031 110 1055; x_wconf 89' lang='lat'>»</span> <span class='ocrx_word' id='word_1_121' title='bbox 145 1014 311 1059; x_wconf 87' lang='lat' dir='ltr'>salvum</span> <span class='ocrx_word' id='word_1_122' title='bbox 344 1014 503 1059; x_wconf 85' lang='lat' dir='ltr'>mefac</span> <span class='ocrx_word' id='word_1_123' title='bbox 529 1036 540 1072; x_wconf 76' lang='lat'><em>3</em></span> <span class='ocrx_word' id='word_1_124' title='bbox 566 1015 667 1074; x_wconf 89' lang='lat' dir='ltr'>quia</span> <span class='ocrx_word' id='word_1_125' title='bbox 689 1014 1018 1074; x_wconf 82' lang='lat' dir='ltr'>justificationes</span> <span class='ocrx_word' id='word_1_126' title='bbox 1047 1023 1139 1058; x_wconf 85' lang='lat' dir='ltr'>tuas</span> <span class='ocrx_word' id='word_1_127' title='bbox 1163 1015 1374 1074; x_wconf 81' lang='lat' dir='ltr'>exquisivi</span> <span class='ocrx_word' id='word_1_128' title='bbox 1406 1035 1414 1058; x_wconf 93' lang='grc'>;</span> <span class='ocrx_word' id='word_1_129' title='bbox 1447 1034 1467 1056; x_wconf 87' lang='lat'>»</span> 
     </span>
     <span class='ocr_line' id='line_1_13' title="bbox 85 1083 1472 1145; baseline -0.001 -15"><span class='ocrx_word' id='word_1_130' title='bbox 85 1101 175 1130; x_wconf 88' lang='lat' dir='ltr'>non</span> <span class='ocrx_word' id='word_1_131' title='bbox 202 1085 449 1130; x_wconf 86' lang='lat' dir='ltr'>voluntates</span> <span class='ocrx_word' id='word_1_132' title='bbox 480 1102 622 1139; x_wconf 74' lang='lat' dir='ltr'>meas,</span> <span class='ocrx_word' id='word_1_133' title='bbox 648 1086 808 1145; x_wconf 87' lang='lat' dir='ltr'>quibus</span> <span class='ocrx_word' id='word_1_134' title='bbox 836 1083 899 1128; x_wconf 85' lang='lat' dir='ltr'>fui</span> <span class='ocrx_word' id='word_1_135' title='bbox 919 1100 1038 1129; x_wconf 89' lang='lat' dir='ltr'>meus</span> <span class='ocrx_word' id='word_1_136' title='bbox 1054 1106 1066 1143; x_wconf 78' lang='lat'><em>3</em></span> <span class='ocrx_word' id='word_1_137' title='bbox 1087 1085 1188 1141; x_wconf 79' lang='lat' dir='ltr'>sed,</span> <span class='ocrx_word' id='word_1_138' title='bbox 1216 1104 1236 1127; x_wconf 77' lang='grc' dir='ltr'>ι(</span> <span class='ocrx_word' id='word_1_139' title='bbox 1253 1085 1472 1129; x_wconf 84' lang='lat' dir='ltr'>Justifica-</span> 
     </span>
     <span class='ocr_line' id='line_1_14' title="bbox 88 1156 946 1215; baseline 0.001 -18"><span class='ocrx_word' id='word_1_140' title='bbox 88 1173 109 1197; x_wconf 92' lang='lat'>»</span> <span class='ocrx_word' id='word_1_141' title='bbox 145 1156 283 1200; x_wconf 87' lang='lat' dir='ltr'>tiones</span> <span class='ocrx_word' id='word_1_142' title='bbox 302 1165 421 1211; x_wconf 88' lang='lat' dir='ltr'>tuas,</span> <span class='ocrx_word' id='word_1_143' title='bbox 452 1174 472 1197; x_wconf 89' lang='lat'>»</span> <span class='ocrx_word' id='word_1_144' title='bbox 496 1165 546 1199; x_wconf 85' lang='lat' dir='ltr'>ut</span> <span class='ocrx_word' id='word_1_145' title='bbox 565 1171 698 1199; x_wconf 85' lang='lat' dir='ltr'>essem</span> <span class='ocrx_word' id='word_1_146' title='bbox 715 1157 806 1215; x_wconf 86' lang='lat' dir='ltr'>jam</span> <span class='ocrx_word' id='word_1_147' title='bbox 830 1163 946 1198; x_wconf 87' lang='lat' dir='ltr'>tuus.</span> 
     </span>
    </p>

    <p class='ocr_par' dir='ltr' id='par_1_3' title="bbox 84 1203 1471 2275">
     <span class='ocr_line' id='line_1_15' title="bbox 144 1203 1471 1286; baseline 0.001 -17"><span class='ocrx_word' id='word_1_148' title='bbox 144 1228 243 1270; x_wconf 88' lang='lat' dir='ltr'>VII.</span> <span class='ocrx_word' id='word_1_149' title='bbox 272 1245 292 1268; x_wconf 91' lang='lat'>«</span> <span class='ocrx_word' id='word_1_150' title='bbox 316 1229 387 1270; x_wconf 86' lang='lat' dir='ltr'>Me</span> <span class='ocrx_word' id='word_1_151' title='bbox 402 1226 602 1286; x_wconf 80' lang='lat' dir='ltr'>‚inquit‚</span> <span class='ocrx_word' id='word_1_152' title='bbox 624 1234 963 1285; x_wconf 88' lang='lat' dir='ltr'>expectaverunt</span> <span class='ocrx_word' id='word_1_153' title='bbox 993 1234 1268 1285; x_wconf 34' lang='lat' dir='ltr'>peccatoiQes</span> <span class='ocrx_word' id='word_1_154' title='bbox 1298 1203 1349 1270; x_wconf 86' lang='lat' dir='ltr'>ut</span> <span class='ocrx_word' id='word_1_155' title='bbox 1371 1241 1471 1285; x_wconf 86' lang='lat' dir='ltr'>per-</span> 
     </span>
     <span class='ocr_line' id='line_1_16' title="bbox 88 1294 1467 1352; baseline 0.002 -14"><span class='ocrx_word' id='word_1_156' title='bbox 88 1315 109 1338; x_wconf 93' lang='lat'>»</span> <span class='ocrx_word' id='word_1_157' title='bbox 143 1295 297 1352; x_wconf 86' lang='lat' dir='ltr'>derent</span> <span class='ocrx_word' id='word_1_158' title='bbox 313 1312 408 1341; x_wconf 86' lang='lat' dir='ltr'>me:</span> <span class='ocrx_word' id='word_1_159' title='bbox 428 1297 675 1340; x_wconf 85' lang='lat' dir='ltr'>testimonia</span> <span class='ocrx_word' id='word_1_160' title='bbox 694 1304 841 1340; x_wconf 86' lang='lat' dir='ltr'>autern</span> <span class='ocrx_word' id='word_1_161' title='bbox 865 1305 937 1339; x_wconf 88' lang='lat' dir='ltr'>tua</span> <span class='ocrx_word' id='word_1_162' title='bbox 955 1294 1190 1339; x_wconf 72' lang='lat' dir='ltr'>intellexi2.</span> <span class='ocrx_word' id='word_1_163' title='bbox 1211 1314 1230 1336; x_wconf 90' lang='lat'>»</span> <span class='ocrx_word' id='word_1_164' title='bbox 1252 1296 1366 1348; x_wconf 88' lang='lat' dir='ltr'>Quid</span> <span class='ocrx_word' id='word_1_165' title='bbox 1383 1307 1467 1352; x_wconf 81' lang='lat' dir='ltr'>est,</span> 
     </span>
     <span class='ocr_line' id='line_1_17' title="bbox 89 1365 1471 1426; baseline 0.001 -16"><span class='ocrx_word' id='word_1_166' title='bbox 89 1385 110 1410; x_wconf 93' lang='lat'>«</span> <span class='ocrx_word' id='word_1_167' title='bbox 144 1370 518 1426; x_wconf 76' lang='lat' dir='ltr'>Expectaverunt‚</span> <span class='ocrx_word' id='word_1_168' title='bbox 546 1377 594 1411; x_wconf 89' lang='lat' dir='ltr'>ut</span> <span class='ocrx_word' id='word_1_169' title='bbox 612 1366 871 1426; x_wconf 78' lang='lat' dir='ltr'>perderent?</span> <span class='ocrx_word' id='word_1_170' title='bbox 888 1385 907 1407; x_wconf 88' lang='lat'>»</span> <span class='ocrx_word' id='word_1_171' title='bbox 929 1369 997 1410; x_wconf 88' lang='lat' dir='ltr'>An</span> <span class='ocrx_word' id='word_1_172' title='bbox 1015 1365 1135 1410; x_wconf 86' lang='lat' dir='ltr'>velut</span> <span class='ocrx_word' id='word_1_173' title='bbox 1162 1366 1323 1410; x_wconf 85' lang='lat' dir='ltr'>insidiis</span> <span class='ocrx_word' id='word_1_174' title='bbox 1351 1367 1471 1412; x_wconf 87' lang='lat' dir='ltr'>obse-</span> 
     </span>
     <span class='ocr_line' id='line_1_18' title="bbox 85 1435 1471 1496; baseline -0.001 -15"><span class='ocrx_word' id='word_1_175' title='bbox 85 1436 246 1481; x_wconf 86' lang='lat' dir='ltr'>derunt</span> <span class='ocrx_word' id='word_1_176' title='bbox 272 1437 385 1481; x_wconf 88' lang='lat' dir='ltr'>viam</span> <span class='ocrx_word' id='word_1_177' title='bbox 403 1472 414 1492; x_wconf 77' lang='grc'>,</span> <span class='ocrx_word' id='word_1_178' title='bbox 453 1446 727 1496; x_wconf 83' lang='lat' dir='ltr'>expectantes</span> <span class='ocrx_word' id='word_1_179' title='bbox 758 1446 808 1480; x_wconf 88' lang='lat' dir='ltr'>ut</span> <span class='ocrx_word' id='word_1_180' title='bbox 839 1435 1017 1496; x_wconf 87' lang='lat' dir='ltr'>quando</span> <span class='ocrx_word' id='word_1_181' title='bbox 1046 1436 1269 1491; x_wconf 74' lang='lat' dir='ltr'>transiret,</span> <span class='ocrx_word' id='word_1_182' title='bbox 1299 1437 1471 1482; x_wconf 84' lang='lat' dir='ltr'>occide-</span> 
     </span>
     <span class='ocr_line' id='line_1_19' title="bbox 85 1507 1469 1568; baseline 0 -16"><span class='ocrx_word' id='word_1_183' title='bbox 85 1510 214 1552; x_wconf 80' lang='lat' dir='ltr'>rent?</span> <span class='ocrx_word' id='word_1_184' title='bbox 254 1507 480 1568; x_wconf 88' lang='lat' dir='ltr'>Numquid</span> <span class='ocrx_word' id='word_1_185' title='bbox 511 1524 613 1566; x_wconf 80' lang='lat' dir='ltr'>ergo</span> <span class='ocrx_word' id='word_1_186' title='bbox 643 1517 781 1552; x_wconf 88' lang='lat' dir='ltr'>morte</span> <span class='ocrx_word' id='word_1_187' title='bbox 818 1507 1008 1565; x_wconf 88' lang='lat' dir='ltr'>corporis</span> <span class='ocrx_word' id='word_1_188' title='bbox 1042 1507 1181 1565; x_wconf 88' lang='lat' dir='ltr'>perire</span> <span class='ocrx_word' id='word_1_189' title='bbox 1213 1509 1469 1552; x_wconf 73' lang='lat' dir='ltr'>metuebat?</span> 
     </span>
     <span class='ocr_line' id='line_1_20' title="bbox 84 1577 1471 1639; baseline -0.001 -16"><span class='ocrx_word' id='word_1_190' title='bbox 84 1578 224 1623; x_wconf 85' lang='lat' dir='ltr'>Absit.</span> <span class='ocrx_word' id='word_1_191' title='bbox 251 1582 307 1623; x_wconf 89' lang='lat' dir='ltr'>Et</span> <span class='ocrx_word' id='word_1_192' title='bbox 334 1578 441 1639; x_wconf 84' lang='lat' dir='ltr'>quid</span> <span class='ocrx_word' id='word_1_193' title='bbox 468 1588 557 1632; x_wconf 85' lang='lat' dir='ltr'>est,</span> <span class='ocrx_word' id='word_1_194' title='bbox 594 1597 613 1620; x_wconf 89' lang='lat'>«</span> <span class='ocrx_word' id='word_1_195' title='bbox 645 1581 716 1622; x_wconf 89' lang='lat' dir='ltr'>Me</span> <span class='ocrx_word' id='word_1_196' title='bbox 748 1587 1110 1636; x_wconf 76' lang='lat' dir='ltr'>expectaverunt,</span> <span class='ocrx_word' id='word_1_197' title='bbox 1144 1577 1226 1620; x_wconf 91' lang='lat' dir='ltr'>nisi</span> <span class='ocrx_word' id='word_1_198' title='bbox 1250 1586 1300 1621; x_wconf 91' lang='lat' dir='ltr'>ut</span> <span class='ocrx_word' id='word_1_199' title='bbox 1323 1578 1380 1622; x_wconf 89' lang='lat' dir='ltr'>eis</span> <span class='ocrx_word' id='word_1_200' title='bbox 1416 1578 1471 1622; x_wconf 90' lang='lat' dir='ltr'>ad</span> 
     </span>
     <span class='ocr_line' id='line_1_21' title="bbox 85 1646 1471 1705; baseline -0.001 -12"><span class='ocrx_word' id='word_1_201' title='bbox 85 1648 248 1694; x_wconf 90' lang='lat' dir='ltr'>malum</span> <span class='ocrx_word' id='word_1_202' title='bbox 273 1649 566 1693; x_wconf 78' lang='lat' dir='ltr'>consentiret?</span> <span class='ocrx_word' id='word_1_203' title='bbox 591 1651 711 1691; x_wconf 89' lang='lat' dir='ltr'>Tunc</span> <span class='ocrx_word' id='word_1_204' title='bbox 744 1648 859 1690; x_wconf 89' lang='lat' dir='ltr'>enim</span> <span class='ocrx_word' id='word_1_205' title='bbox 887 1646 1134 1705; x_wconf 84' lang='lat' dir='ltr'>perderent.</span> <span class='ocrx_word' id='word_1_206' title='bbox 1173 1647 1298 1691; x_wconf 84' lang='lat' dir='ltr'>Unde</span> <span class='ocrx_word' id='word_1_207' title='bbox 1325 1657 1471 1692; x_wconf 90' lang='lat' dir='ltr'>autem</span> 
     </span>
     <span class='ocr_line' id='line_1_22' title="bbox 86 1716 1471 1779; baseline -0.001 -15"><span class='ocrx_word' id='word_1_208' title='bbox 86 1736 172 1764; x_wconf 93' lang='lat' dir='ltr'>non</span> <span class='ocrx_word' id='word_1_209' title='bbox 191 1719 368 1779; x_wconf 87' lang='lat' dir='ltr'>perierit</span> <span class='ocrx_word' id='word_1_210' title='bbox 391 1718 521 1762; x_wconf 82' lang='lat' dir='ltr'>dixit:</span> <span class='ocrx_word' id='word_1_211' title='bbox 545 1738 565 1760; x_wconf 88' lang='lat'>«</span> <span class='ocrx_word' id='word_1_212' title='bbox 587 1717 847 1761; x_wconf 81' lang='lat' dir='ltr'>Testimonia</span> <span class='ocrx_word' id='word_1_213' title='bbox 866 1726 940 1760; x_wconf 80' lang='lat' dir='ltr'>tua</span> <span class='ocrx_word' id='word_1_214' title='bbox 966 1716 1175 1759; x_wconf 82' lang='lat' dir='ltr'>intellexi.</span> <span class='ocrx_word' id='word_1_215' title='bbox 1197 1735 1216 1757; x_wconf 87' lang='lat'>»</span> <span class='ocrx_word' id='word_1_216' title='bbox 1240 1718 1323 1762; x_wconf 89' lang='lat' dir='ltr'>Sed</span> <span class='ocrx_word' id='word_1_217' title='bbox 1341 1719 1471 1763; x_wconf 85' lang='lat' dir='ltr'>fami-</span> 
     </span>
     <span class='ocr_line' id='line_1_23' title="bbox 85 1787 1471 1845; baseline -0.001 -10"><span class='ocrx_word' id='word_1_218' title='bbox 85 1791 231 1835; x_wconf 87' lang='lat' dir='ltr'>liarius</span> <span class='ocrx_word' id='word_1_219' title='bbox 246 1791 316 1834; x_wconf 86' lang='lat' dir='ltr'>hic</span> <span class='ocrx_word' id='word_1_220' title='bbox 331 1789 534 1833; x_wconf 69' lang='lat' dir='ltr'>Ecclesiae</span> <span class='ocrx_word' id='word_1_221' title='bbox 558 1789 733 1832; x_wconf 82' lang='lat' dir='ltr'>auribus</span> <span class='ocrx_word' id='word_1_222' title='bbox 753 1803 918 1845; x_wconf 82' lang='lat' dir='ltr'>graecus</span> <span class='ocrx_word' id='word_1_223' title='bbox 940 1787 1123 1831; x_wconf 71' lang='lat' dir='ltr'>verbum</span> <span class='ocrx_word' id='word_1_224' title='bbox 1147 1797 1290 1842; x_wconf 79' lang='lat' dir='ltr'>sonat,</span> <span class='ocrx_word' id='word_1_225' title='bbox 1316 1807 1335 1830; x_wconf 88' lang='lat'>‹&lt;</span> <span class='ocrx_word' id='word_1_226' title='bbox 1358 1792 1471 1833; x_wconf 82' lang='lat' dir='ltr'>Mar-</span> 
     </span>
     <span class='ocr_line' id='line_1_24' title="bbox 89 1856 1465 1918; baseline 0 -15"><span class='ocrx_word' id='word_1_227' title='bbox 89 1881 108 1903; x_wconf 88' lang='lat'>»</span> <span class='ocrx_word' id='word_1_228' title='bbox 145 1861 255 1918; x_wconf 80' lang='lat' dir='ltr'>tyria</span> <span class='ocrx_word' id='word_1_229' title='bbox 277 1869 352 1904; x_wconf 86' lang='lat' dir='ltr'>tua</span> <span class='ocrx_word' id='word_1_230' title='bbox 374 1857 583 1902; x_wconf 75' lang='lat' dir='ltr'>intellexi.</span> <span class='ocrx_word' id='word_1_231' title='bbox 606 1876 624 1898; x_wconf 87' lang='lat'>»</span> <span class='ocrx_word' id='word_1_232' title='bbox 648 1857 759 1910; x_wconf 83' lang='lat' dir='ltr'>Quia</span> <span class='ocrx_word' id='word_1_233' title='bbox 779 1856 942 1900; x_wconf 86' lang='lat' dir='ltr'>scilicet</span> <span class='ocrx_word' id='word_1_234' title='bbox 973 1872 1042 1900; x_wconf 91' lang='lat' dir='ltr'>me</span> <span class='ocrx_word' id='word_1_235' title='bbox 1064 1857 1146 1900; x_wconf 85' lang='lat' dir='ltr'>sibi</span> <span class='ocrx_word' id='word_1_236' title='bbox 1171 1873 1260 1901; x_wconf 91' lang='lat' dir='ltr'>non</span> <span class='ocrx_word' id='word_1_237' title='bbox 1284 1874 1465 1903; x_wconf 87' lang='lat' dir='ltr'>consen-</span> 
     </span>
     <span class='ocr_line' id='line_1_25' title="bbox 88 1927 1468 1984; baseline -0.001 -8"><span class='ocrx_word' id='word_1_238' title='bbox 88 1932 266 1977; x_wconf 85' lang='lat' dir='ltr'>tientem</span> <span class='ocrx_word' id='word_1_239' title='bbox 299 1929 465 1973; x_wconf 90' lang='lat' dir='ltr'>etiamsi</span> <span class='ocrx_word' id='word_1_240' title='bbox 495 1928 768 1980; x_wconf 83' lang='lat' dir='ltr'>occiderent,</span> <span class='ocrx_word' id='word_1_241' title='bbox 807 1936 882 1971; x_wconf 91' lang='lat' dir='ltr'>tua</span> <span class='ocrx_word' id='word_1_242' title='bbox 911 1927 1119 1984; x_wconf 84' lang='lat' dir='ltr'>martyria</span> <span class='ocrx_word' id='word_1_243' title='bbox 1146 1930 1356 1973; x_wconf 90' lang='lat' dir='ltr'>confitens</span> <span class='ocrx_word' id='word_1_244' title='bbox 1378 1946 1468 1975; x_wconf 88' lang='lat' dir='ltr'>non</span> 
     </span>
     <span class='ocr_line' id='line_1_26' title="bbox 86 1995 1471 2062; baseline -0.001 -17"><span class='ocrx_word' id='word_1_245' title='bbox 86 2001 287 2062; x_wconf 86' lang='lat' dir='ltr'>perirem.</span> <span class='ocrx_word' id='word_1_246' title='bbox 324 1999 408 2044; x_wconf 90' lang='lat' dir='ltr'>Sed</span> <span class='ocrx_word' id='word_1_247' title='bbox 437 1997 501 2041; x_wconf 93' lang='lat' dir='ltr'>illi</span> <span class='ocrx_word' id='word_1_248' title='bbox 524 1997 600 2057; x_wconf 83' lang='lat' dir='ltr'>qui</span> <span class='ocrx_word' id='word_1_249' title='bbox 622 2006 671 2040; x_wconf 91' lang='lat' dir='ltr'>ut</span> <span class='ocrx_word' id='word_1_250' title='bbox 694 1995 925 2056; x_wconf 85' lang='lat' dir='ltr'>perderent</span> <span class='ocrx_word' id='word_1_251' title='bbox 943 2032 953 2051; x_wconf 80' lang='lat'>,</span> <span class='ocrx_word' id='word_1_252' title='bbox 977 1998 1264 2055; x_wconf 81' lang='lat' dir='ltr'>expectabant</span> <span class='ocrx_word' id='word_1_253' title='bbox 1293 2000 1471 2058; x_wconf 90' lang='lat' dir='ltr'>quando</span> 
     </span>
     <span class='ocr_line' id='line_1_27' title="bbox 87 2067 1468 2127; baseline -0.001 -11"><span class='ocrx_word' id='word_1_254' title='bbox 87 2071 396 2124; x_wconf 80' lang='lat' dir='ltr'>consentirem,</span> <span class='ocrx_word' id='word_1_255' title='bbox 427 2068 692 2127; x_wconf 85' lang='lat' dir='ltr'>torquebant</span> <span class='ocrx_word' id='word_1_256' title='bbox 723 2067 851 2110; x_wconf 83' lang='lat' dir='ltr'>etiam</span> <span class='ocrx_word' id='word_1_257' title='bbox 877 2082 979 2110; x_wconf 79' lang='lat' dir='ltr'>cuin</span> <span class='ocrx_word' id='word_1_258' title='bbox 1009 2068 1239 2112; x_wconf 84' lang='lat' dir='ltr'>confiterer</span> <span class='ocrx_word' id='word_1_259' title='bbox 1261 2089 1269 2112; x_wconf 89' lang='lat'>:</span> <span class='ocrx_word' id='word_1_260' title='bbox 1295 2086 1374 2114; x_wconf 86' lang='lat' dir='ltr'>nec</span> <span class='ocrx_word' id='word_1_261' title='bbox 1400 2080 1468 2116; x_wconf 85' lang='lat' dir='ltr'>ta-</span> 
     </span>
     <span class='ocr_line' id='line_1_28' title="bbox 87 2135 1466 2202; baseline -0.001 -16"><span class='ocrx_word' id='word_1_262' title='bbox 87 2158 188 2186; x_wconf 90' lang='lat' dir='ltr'>men</span> <span class='ocrx_word' id='word_1_263' title='bbox 207 2140 328 2202; x_wconf 86' lang='lat' dir='ltr'>quod</span> <span class='ocrx_word' id='word_1_264' title='bbox 347 2138 618 2183; x_wconf 82' lang='lat' dir='ltr'>intellexerat</span> <span class='ocrx_word' id='word_1_265' title='bbox 641 2135 930 2196; x_wconf 85' lang='lat' dir='ltr'>relinquebat,</span> <span class='ocrx_word' id='word_1_266' title='bbox 946 2136 1120 2181; x_wconf 91' lang='lat' dir='ltr'>intuens</span> <span class='ocrx_word' id='word_1_267' title='bbox 1143 2147 1186 2182; x_wconf 92' lang='lat' dir='ltr'>et</span> <span class='ocrx_word' id='word_1_268' title='bbox 1206 2138 1357 2184; x_wconf 84' lang='lat' dir='ltr'>videns</span> <span class='ocrx_word' id='word_1_269' title='bbox 1375 2142 1466 2185; x_wconf 92' lang='lat' dir='ltr'>uti-</span> 
     </span>
     <span class='ocr_line' id='line_1_29' title="bbox 87 2208 1317 2275; baseline -0.002 -18"><span class='ocrx_word' id='word_1_270' title='bbox 87 2230 173 2275; x_wconf 91' lang='lat' dir='ltr'>que</span> <span class='ocrx_word' id='word_1_271' title='bbox 193 2213 283 2257; x_wconf 89' lang='lat' dir='ltr'>sine</span> <span class='ocrx_word' id='word_1_272' title='bbox 301 2212 388 2255; x_wconf 86' lang='lat' dir='ltr'>fine</span> <span class='ocrx_word' id='word_1_273' title='bbox 406 2211 537 2254; x_wconf 88' lang='lat' dir='ltr'>finem</span> <span class='ocrx_word' id='word_1_274' title='bbox 554 2245 564 2264; x_wconf 83' lang='lat'>,</span> <span class='ocrx_word' id='word_1_275' title='bbox 584 2209 618 2253; x_wconf 88' lang='lat' dir='ltr'>si</span> <span class='ocrx_word' id='word_1_276' title='bbox 639 2217 929 2268; x_wconf 83' lang='lat' dir='ltr'>perseveraret</span> <span class='ocrx_word' id='word_1_277' title='bbox 949 2223 1084 2267; x_wconf 85' lang='lat' dir='ltr'>usque</span> <span class='ocrx_word' id='word_1_278' title='bbox 1103 2208 1148 2252; x_wconf 91' lang='lat' dir='ltr'>in</span> <span class='ocrx_word' id='word_1_279' title='bbox 1170 2210 1317 2254; x_wconf 86' lang='lat' dir='ltr'>finem.</span> 
     </span>
    </p>

    <p class='ocr_par' dir='ltr' id='par_1_4' title="bbox 87 2277 1469 2543">
     <span class='ocr_line' id='line_1_30' title="bbox 147 2277 1468 2340; baseline 0.001 -13"><span class='ocrx_word' id='word_1_280' title='bbox 147 2285 271 2328; x_wconf 89' lang='lat' dir='ltr'>VIII.</span> <span class='ocrx_word' id='word_1_281' title='bbox 302 2281 498 2340; x_wconf 91' lang='lat' dir='ltr'>Denique</span> <span class='ocrx_word' id='word_1_282' title='bbox 525 2288 696 2323; x_wconf 85' lang='lat' dir='ltr'>secutus</span> <span class='ocrx_word' id='word_1_283' title='bbox 729 2277 946 2338; x_wconf 83' lang='lat' dir='ltr'>adjunxit,</span> <span class='ocrx_word' id='word_1_284' title='bbox 975 2297 994 2320; x_wconf 91' lang='lat'>«</span> <span class='ocrx_word' id='word_1_285' title='bbox 1020 2279 1170 2323; x_wconf 88' lang='lat' dir='ltr'>Omnis</span> <span class='ocrx_word' id='word_1_286' title='bbox 1192 2296 1468 2328; x_wconf 88' lang='lat' dir='ltr'>consumma-</span> 
     </span>
     <span class='ocr_line' id='line_1_31' title="bbox 90 2348 1466 2405; baseline 0.001 -9"><span class='ocrx_word' id='word_1_287' title='bbox 90 2373 113 2397; x_wconf 90' lang='lat'>»</span> <span class='ocrx_word' id='word_1_288' title='bbox 146 2353 275 2399; x_wconf 89' lang='lat' dir='ltr'>tionis</span> <span class='ocrx_word' id='word_1_289' title='bbox 290 2351 381 2396; x_wconf 88' lang='lat' dir='ltr'>vidi</span> <span class='ocrx_word' id='word_1_290' title='bbox 403 2352 533 2394; x_wconf 86' lang='lat' dir='ltr'>finem</span> <span class='ocrx_word' id='word_1_291' title='bbox 550 2385 560 2405; x_wconf 79' lang='lat'><em>‚</em></span> <span class='ocrx_word' id='word_1_292' title='bbox 583 2349 719 2395; x_wconf 85' lang='lat' dir='ltr'>latum</span> <span class='ocrx_word' id='word_1_293' title='bbox 741 2348 992 2392; x_wconf 85' lang='lat' dir='ltr'>mandatum</span> <span class='ocrx_word' id='word_1_294' title='bbox 1016 2358 1143 2393; x_wconf 85' lang='lat' dir='ltr'>tuum</span> <span class='ocrx_word' id='word_1_295' title='bbox 1166 2350 1291 2394; x_wconf 83' lang='lat' dir='ltr'>valde</span> <span class='ocrx_word' id='word_1_296' title='bbox 1307 2353 1338 2395; x_wconf 72' lang='lat'>3.</span> <span class='ocrx_word' id='word_1_297' title='bbox 1354 2371 1373 2393; x_wconf 90' lang='lat'>»</span> <span class='ocrx_word' id='word_1_298' title='bbox 1391 2357 1466 2398; x_wconf 94' lang='lat' dir='ltr'>In-</span> 
     </span>
     <span class='ocr_line' id='line_1_32' title="bbox 87 2420 1469 2483; baseline -0.001 -13"><span class='ocrx_word' id='word_1_299' title='bbox 87 2432 276 2470; x_wconf 88' lang='lat' dir='ltr'>traverat</span> <span class='ocrx_word' id='word_1_300' title='bbox 312 2422 474 2483; x_wconf 89' lang='lat' dir='ltr'>quippe</span> <span class='ocrx_word' id='word_1_301' title='bbox 507 2421 552 2465; x_wconf 91' lang='lat' dir='ltr'>in</span> <span class='ocrx_word' id='word_1_302' title='bbox 583 2421 877 2466; x_wconf 86' lang='lat' dir='ltr'>sanctuarium</span> <span class='ocrx_word' id='word_1_303' title='bbox 905 2420 1010 2474; x_wconf 84' lang='lat' dir='ltr'>Dei,</span> <span class='ocrx_word' id='word_1_304' title='bbox 1048 2430 1088 2464; x_wconf 84' lang='lat' dir='ltr'>et</span> <span class='ocrx_word' id='word_1_305' title='bbox 1126 2420 1395 2467; x_wconf 87' lang='lat' dir='ltr'>intellexerat</span> <span class='ocrx_word' id='word_1_306' title='bbox 1423 2424 1469 2468; x_wconf 90' lang='lat' dir='ltr'>in</span> 
     </span>
     <span class='ocr_line' id='line_1_33' title="bbox 88 2490 1468 2543; baseline -0.001 -1"><span class='ocrx_word' id='word_1_307' title='bbox 88 2497 318 2543; x_wconf 81' lang='lat' dir='ltr'>novissima</span> <span class='ocrx_word' id='word_1_308' title='bbox 335 2495 367 2537; x_wconf 82' lang='lat'>⁴.</span> <span class='ocrx_word' id='word_1_309' title='bbox 392 2493 542 2538; x_wconf 90' lang='lat' dir='ltr'>Omnis</span> <span class='ocrx_word' id='word_1_310' title='bbox 564 2501 710 2537; x_wconf 89' lang='lat' dir='ltr'>autem</span> <span class='ocrx_word' id='word_1_311' title='bbox 728 2490 1042 2536; x_wconf 84' lang='lat' dir='ltr'>consummatio</span> <span class='ocrx_word' id='word_1_312' title='bbox 1064 2491 1171 2534; x_wconf 88' lang='lat' dir='ltr'>mihi</span> <span class='ocrx_word' id='word_1_313' title='bbox 1191 2491 1363 2537; x_wconf 78' lang='lat' dir='ltr'>videtur</span> <span class='ocrx_word' id='word_1_314' title='bbox 1384 2495 1468 2540; x_wconf 90' lang='lat' dir='ltr'>hoc</span> 
     </span>
    </p>
   </div>
   <div class='ocr_carea' id='block_1_3' title="bbox 138 2573 1416 2670">
    <p class='ocr_par' dir='ltr' id='par_1_5' title="bbox 138 2573 1416 2670">
     <span class='ocr_line' id='line_1_34' title="bbox 138 2573 1416 2620; baseline -0.002 -7"><span class='ocrx_word' id='word_1_315' title='bbox 138 2588 146 2604; x_wconf 92' lang='lat'><em>¹</em></span> <span class='ocrx_word' id='word_1_316' title='bbox 167 2580 246 2613; x_wconf 85' lang='lat' dir='ltr'>Psal.</span> <span class='ocrx_word' id='word_1_317' title='bbox 266 2590 356 2620; x_wconf 80' lang='lat' dir='ltr'>xxm,</span> <span class='ocrx_word' id='word_1_318' title='bbox 381 2590 410 2610; x_wconf 88' lang='lat'>1.</span> <span class='ocrx_word' id='word_1_319' title='bbox 430 2595 472 2600; x_wconf 89' lang='lat'><strong>—</strong></span> <span class='ocrx_word' id='word_1_320' title='bbox 490 2585 503 2600; x_wconf 88' lang='lat'>²</span> <span class='ocrx_word' id='word_1_321' title='bbox 526 2578 570 2609; x_wconf 66' lang='lat' dir='ltr'>ld,</span> <span class='ocrx_word' id='word_1_322' title='bbox 593 2588 702 2618; x_wconf 78' lang='lat' dir='ltr'>cxvm,</span> <span class='ocrx_word' id='word_1_323' title='bbox 720 2575 776 2618; x_wconf 83' lang='lat'>95.</span> <span class='ocrx_word' id='word_1_324' title='bbox 800 2592 840 2598; x_wconf 97' lang='lat'><strong>—</strong></span> <span class='ocrx_word' id='word_1_325' title='bbox 865 2573 878 2598; x_wconf 86' lang='lat'>3</span> <span class='ocrx_word' id='word_1_326' title='bbox 900 2575 982 2608; x_wconf 87' lang='lat' dir='ltr'>Ibid.</span> <span class='ocrx_word' id='word_1_327' title='bbox 1003 2576 1059 2618; x_wconf 86' lang='lat'>96.</span> <span class='ocrx_word' id='word_1_328' title='bbox 1082 2592 1121 2599; x_wconf 90' lang='lat'>—-</span> <span class='ocrx_word' id='word_1_329' title='bbox 1144 2574 1159 2605; x_wconf 76' lang='grc'>4</span> <span class='ocrx_word' id='word_1_330' title='bbox 1178 2576 1224 2608; x_wconf 90' lang='lat' dir='ltr'>Id.</span> <span class='ocrx_word' id='word_1_331' title='bbox 1245 2587 1343 2619; x_wconf 65' lang='lat' dir='ltr'>nnn,</span> <span class='ocrx_word' id='word_1_332' title='bbox 1365 2590 1416 2620; x_wconf 85' lang='lat'>17·</span> 
     </span>
     <span class='ocr_line' id='line_1_35' title="bbox 1188 2631 1254 2670; baseline 0.015 -1"><span class='ocrx_word' id='word_1_333' title='bbox 1188 2631 1254 2670; x_wconf 87' lang='lat'>31.</span> 
     </span>
    </p>
   </div>
  </div>
 </body>
</html>
