1848 3261
374 267 452 306 148
798 276 831 303 S.
868 275 1098 304 AtG'csnM
1130 277 1310 304 Episcom

365 341 484 403 quod
509 341 795 386 ambulabant
815 356 899 401 qua
921 341 1042 385 ibant
1064 340 1195 401 pedes
1216 340 1306 400 ejus
1328 340 1684 400 evangelizantes,
1705 349 1749 384 et

365 413 670 458 ministrabant
693 413 731 456 ei
753 413 806 456 de
828 412 1069 457 substantia
1097 428 1188 456 sua.
1224 413 1516 457 Nominantur
1538 412 1624 455 illae
1647 427 1748 455 mu-

363 483 487 528 lieres
512 483 555 528 in
578 483 812 542 Evangelio
829 518 839 538 ,
872 484 949 527 ubi
970 493 1061 527 erat
1089 482 1290 543 quaedam
1314 483 1443 527 etiam
1467 499 1577 527 uxor
1599 484 1748 544 cujus-

366 554 467 599 dam
484 556 644 600 Chuzae
666 555 956 615 procuratoris
976 553 1158 599 Herodis
1171 557 1200 598 ¹.
1215 554 1326 598 Vide
1343 570 1441 614 quae
1457 554 1634 598 fiebant.
1660 557 1751 598 Fu-

364 635 487 671 turus
509 636 600 671 erat
621 626 781 671 Paulus
799 626 907 669 nihil
927 626 1011 670 tale
1034 625 1269 686 aliquando
1292 641 1513 686 quaerens,
1539 634 1580 669 et
1603 626 1750 670 onmia

365 696 708 742 provincialibus
729 696 912 740 donans.
937 696 1021 741 Sed
1043 697 1145 757 quia
1167 696 1294 740 multi
1310 696 1470 740 infirmi
1489 696 1566 740 ista
1589 696 1749 756 quaesi-

363 769 451 812 turi
474 777 612 823 erant,
631 766 765 825 magis
781 766 1053 810 infirmorum
1076 782 1303 827 personam
1329 768 1516 827 suscepit
1532 767 1744 812 Christus.

365 838 601 884 Sublimius
624 836 798 892 Paulus,
817 837 1034 898 numquid
1055 848 1098 882 et
1120 838 1317 883 Christo?
1341 837 1579 883 Sublimius
1601 838 1750 883 Chris·
1804 896 1807 899 Ι

362 918 453 965 tus,
477 908 579 970 quia
607 908 940 953 misericordius.
972 910 1087 953 Cum
1121 909 1235 953 enim
1266 909 1433 954 videret
1458 908 1644 953 Paulum
1668 909 1748 953 ista

360 996 450 1025 non
473 995 563 1024 esse
579 979 864 1040 quaesiturum
880 1014 890 1034 ,
916 978 1106 1038 providit
1122 995 1177 1023 ne
1196 979 1420 1024 damnaret
1442 980 1744 1041 quaesiturum,

361 1060 404 1096 et
440 1051 628 1111 preebuit
661 1049 907 1110 exemplum
941 1049 1115 1094 infirmo
1147 1069 1155 1094 :
1187 1051 1409 1111 quomodo
1444 1066 1544 1094 cum
1578 1050 1748 1095 videret

360 1121 523 1166 multos
551 1136 710 1181 pronos
731 1129 774 1165 et
797 1119 1031 1179 gaudentes
1057 1121 1194 1166 ituros
1221 1120 1276 1165 ad
1303 1121 1559 1179 martyrium
1583 1122 1746 1181 passio-

360 1193 450 1248 nis,
476 1191 745 1236 exultaturos
762 1191 807 1234 in
828 1191 920 1250 ipsa
942 1190 1140 1250 passione
1157 1226 1168 1246 ‚
1194 1191 1348 1247 fortes,
1373 1191 1643 1236 centenarios
1660 1207 1748 1236 ma-

360 1272 481 1307 turos
504 1262 559 1307 ad
581 1263 786 1307 horreum
804 1283 814 1319 3
839 1260 1130 1322 quorumdam
1152 1269 1298 1305 tamen
1319 1261 1591 1306 infirmorum
1606 1297 1616 1317 ,
1637 1278 1747 1323 quos

358 1333 539 1377 videbat
561 1348 684 1392 posse
705 1332 957 1376 conturbari
987 1340 1170 1375 ventura
1192 1332 1409 1391 passione,
1435 1347 1490 1375 ne
1513 1331 1748 1376 deficerent

360 1413 504 1448 tamen
519 1439 529 1459 ,
566 1403 639 1447 sed
661 1396 805 1462 potius
823 1400 1093 1446 voluntatem
1117 1402 1350 1446 humanam
1376 1402 1591 1447 voluntati
1613 1405 1748 1448 Crea-

359 1475 464 1518 toris
485 1475 818 1534 conjungerent,
844 1473 1038 1532 ipsorum
1056 1488 1283 1532 personam
1307 1473 1447 1517 voluit
1468 1474 1682 1533 suscipere
1701 1474 1748 1517 in

358 1545 556 1606 passione
572 1543 766 1589 Christus
784 1579 794 1597 ,
821 1542 968 1607 dicens
991 1561 999 1587 t
1029 1561 1049 1584 «
1076 1543 1221 1586 Tristis
1244 1553 1307 1587 est
1329 1544 1471 1587 anima
1491 1559 1586 1587 mea
1607 1559 1747 1604 usque

362 1632 385 1657 ))
422 1615 477 1659 ad
499 1623 682 1659 mortem
707 1632 716 1658 ι
748 1631 769 1654 ))
796 1622 839 1657 et
861 1613 1040 1667 iterum,
1069 1632 1088 1653 «
1113 1615 1261 1667 Pater,
1283 1614 1316 1657 si
1333 1614 1424 1658 fieri
1445 1623 1602 1673 potest,
1630 1623 1749 1662 tran-

363 1704 386 1727 »
422 1694 510 1730 scat
542 1701 565 1729 a
585 1699 654 1728 me
676 1683 785 1728 calix
806 1684 900 1727 iste.
929 1702 948 1724 »
977 1683 1135 1727 Docuit
1155 1682 1263 1743 quid
1280 1693 1388 1728 esset
1411 1683 1605 1728 dicturus
1622 1684 1747 1728 infir-

360 1772 459 1801 mus
480 1792 490 1812 ,
512 1756 587 1800 sed
608 1762 780 1799 secutus
818 1753 1006 1798 ostendit
1033 1753 1140 1813 quid
1167 1754 1309 1798 faeere
1331 1755 1510 1799 deberet
1530 1755 1742 1800 infirmus.

366 1846 388 1871 α
422 1829 733 1871 Verumtamen
755 1839 845 1868 non
867 1824 986 1884 quod
1009 1839 1088 1882 ego
1110 1823 1209 1868 volo
1223 1860 1233 1879 ,
1261 1824 1335 1868 sed
1353 1825 1473 1885 quod
1496 1834 1541 1869 tu
1558 1825 1643 1880 vis,
1669 1829 1747 1870 Pa-

365 1917 388 1941 »
423 1902 558 1942 te1·‘-'.»
581 1894 812 1950 Quomodo
829 1909 932 1953 ergo
950 1893 995 1937 in
1014 1894 1209 1953 passione
1224 1895 1497 1939 infirmorum
1519 1911 1747 1955 personam

365 1968 595 2023 sustinuit,
635 1966 910 2026 praefigurata
942 1963 1014 2008 illa
1052 1964 1096 2008 in
1126 1980 1306 2025 corpore
1342 1981 1448 2020 suo,
1473 1966 1574 2026 quia
1597 1975 1640 2010 et
1674 1965 1746 2009 illa

365 2039 559 2084 membra
589 2038 709 2097 ejus3
735 2051 877 2096 neque
899 2034 1014 2078 enim
1036 2033 1193 2080 frustra
1215 2035 1381 2080 dietum
1404 2046 1467 2080 est
1488 2055 1497 2080 :
1533 2055 1554 2078 «
1583 2039 1750 2096 Imper-

366 2130 388 2154 »
425 2109 587 2155 fectum
606 2123 752 2153 meum
775 2106 978 2152 viderunt
996 2107 1110 2151 oculi
1129 2108 1192 2151 tui
1213 2142 1223 2162 ,
1248 2107 1353 2156 etin
1371 2106 1484 2151 libro
1502 2116 1578 2151 tuo
1601 2123 1750 2152 omnes

369 2202 388 2224 >›
424 2180 718 2226 scribe11tur2:
739 2197 759 2220 »
777 2178 835 2222 sic
857 2186 900 2221 et
921 2178 965 2221 in
987 2176 1141 2222 loculis
1163 2177 1390 2232 habendis,
1417 2187 1460 2221 et
1476 2178 1521 2221 in
1539 2177 1750 2236 exigenda

365 2250 558 2311 quodam
579 2248 710 2295 modo
733 2264 904 2293 annona
920 2283 930 2303 ‚
966 2263 1065 2308 non
1085 2246 1270 2307 petenda
1285 2282 1295 2301 ,
1322 2247 1396 2291 sed
1418 2247 1653 2307 praebenda
1677 2248 1749 2292 in-

367 2321 602 2380 digentiam
624 2320 824 2379 suscepit.
854 2319 1050 2378 Suscepit
1071 2334 1169 2362 eum
1192 2318 1444 2373 Zacchaeus,
1471 2327 1515 2361 et
1538 2317 1698 2376 gaudet
1713 2319 1745 2362 4.

367 2393 449 2438 Cui
470 2393 554 2437 hoc
581 2392 776 2436 bonum?
794 2388 965 2435 Cliristo
982 2424 992 2444 ,
1017 2405 1071 2434 an
1091 2389 1327 2433 Zacchaeo?
1348 2391 1475 2443 Vere,
1495 2388 1529 2432 si
1551 2404 1640 2433 non
1662 2404 1750 2432 sus-

367 2464 528 2524 ciperet
549 2463 804 2517 Zacchaeus,
832 2477 920 2506 non
942 2470 1034 2505 erat
1062 2461 1140 2505 ubi
1161 2469 1356 2505 maneret
1382 2459 1536 2504 mundi
1557 2458 1749 2505 fabrica-

415 2567 424 2584 ¹
448 2563 524 2594 Luc.
544 2572 613 2604 vm,
633 2560 663 2594 3.
687 2577 725 2583 -
740 2566 752 2583 ²
770 2558 882 2592 Matth.
904 2569 996 2601 ειη,
1011 2558 1065 2600 38,
1086 2557 1138 2601 39.
1156 2555 1221 2581 -3
1240 2557 1320 2590 Psal.
1342 2567 1491 2599 cxxxviii,
1515 2556 1566 2591 16.
1588 2574 1629 2580 -—
1644 2555 1744 2589 Atuc.

365 2628 440 2659 xxx,
463 2618 496 2650 6.
