1848 3261
201 228 441 259 ENARRATIO
473 232 518 258 m
551 228 753 259 PsALMUM
783 232 945 268 cxvm,
980 230 1118 258 §Emito
1151 233 1241 258 xxr.
1337 218 1416 259 481

48 297 130 340 hoe
143 305 222 352 est7
240 296 286 339 in
300 295 474 354 Angelis
488 296 573 340 tuis
595 294 941 340 custodientibus
952 304 1158 339 aeternam
1173 295 1263 339 sine
1278 295 1422 340 deser-

47 367 165 411 tione
187 365 400 410 militiam.

106 440 164 481 ΙΙ.
193 439 385 497 Sequens
407 446 552 481 autem
568 452 714 481 versus
733 445 831 496 post
848 436 1010 481 eoelum
1027 472 1038 492 ,
1069 439 1252 496 pertinet
1274 453 1424 482 conse-

49 517 234 569 quenter
255 508 309 552 ad
330 517 503 552 terram.
525 511 645 552 Unus
661 508 773 552 enim
795 523 941 552 versus
963 517 1027 552 est
1048 524 1199 553 eorum
1222 518 1336 563 octo,
1353 510 1428 568 qui

51 579 107 622 ad
141 580 265 622 istam
286 578 476 622 litteram
508 579 742 637 pertinent.
779 578 964 637 Singulis
997 578 1157 639 quippe
1179 579 1330 622 litteris
1353 579 1431 622 he-

51 648 177 692 braeis
208 647 458 692 subduntur
494 648 667 704 octoni,
699 648 839 693 donee
866 647 1023 692 Psalmi
1055 649 1184 709 hujus
1217 649 1433 708 prolixitas

53 718 323 763 terminetur.
365 738 385 760 «
412 722 463 762 In
502 719 823 777 generationem
852 728 895 762 et
933 719 1252 777 generationem
1279 719 1436 763 veritas

59 808 78 831 »
114 799 187 833 tua
203 824 214 844 ,
239 787 433 833 fundasti
456 799 630 846 terram,
657 800 700 834 et
719 799 946 850 permanet
959 792 1018 833 ¹.»
1037 794 1139 834 Post
1155 789 1317 835 coelum
1336 805 1437 848 ergo

60 869 218 904 terram
241 860 440 904 contuitu
457 859 596 904 fidelis
619 862 775 904 mentis
797 860 1004 919 aspiciens
1019 895 1030 915 ,
1053 861 1217 905 invenit
1238 860 1283 904 in
1301 876 1348 904 ea
1370 876 1441 919 ge-

60 932 302 975 nerationes
320 946 420 990 quae
441 931 486 974 in
507 930 619 975 coelo
640 947 729 976 non
752 940 853 975 sunt
867 966 878 986 ‚
904 941 947 976 et
964 932 1023 976 ait
1043 952 1052 976 ε
1082 951 1100 974 «
1126 935 1177 976 In
1201 931 1442 989 generatio-

63 1020 83 1043 »
119 1017 219 1045 nem
247 1010 290 1046 et
313 1001 637 1060 generationem
667 1002 824 1046 veritas
847 1011 920 1046 tua
947 1022 955 1046 ε
984 1021 1003 1042 »
1030 1003 1118 1046 sive
1140 1018 1288 1046 omnes
1313 1017 1446 1061 gene-

60 1071 246 1115 rationes
268 1072 347 1115 ista
380 1071 638 1130 repetitione
668 1072 939 1129 significans,
964 1088 988 1115 a
1025 1072 1184 1132 quibus
1217 1087 1445 1132 nunquam

61 1140 203 1186 defuit
225 1141 378 1185 veritas
394 1142 470 1185 Dei
492 1142 536 1184 in
559 1142 714 1185 sanctis
735 1143 840 1201 ejus,
857 1141 988 1186 modo
1001 1142 1446 1201 paucioribus,'modo

60 1212 258 1272 pluribus
277 1247 287 1266 ‚
319 1221 368 1255 ut
390 1227 433 1254 se
456 1221 703 1270 temporum
732 1212 915 1256 varietas
945 1212 1101 1256 habuit
1132 1212 1200 1255 vel
1233 1212 1443 1269 habebit3

63 1284 149 1327 sive
167 1282 272 1326 duas
295 1282 505 1342 quasdam
525 1282 816 1340 generationes
835 1281 1017 1341 intelligi
1036 1284 1200 1336 volens,
1218 1298 1349 1326 unam
1372 1283 1451 1326 sei-

63 1353 164 1397 licet
186 1351 240 1396 ad
258 1355 418 1409 Legem
437 1360 481 1394 et
497 1352 751 1410 Prophetas,
771 1351 951 1396 alteram
965 1368 1068 1396 vero
1091 1352 1145 1396 ad
1163 1352 1450 1412 Evangelinm

64 1422 472 1482 pertinentem.Cur
489 1430 634 1464 autem
658 1437 885 1482 nunquam
904 1422 1033 1466 etiam
1054 1422 1144 1466 istis
1168 1422 1454 1481 generationi-

65 1495 148 1538 bus
175 1492 330 1536 veritas
365 1491 498 1547 desit,
537 1491 659 1536 velut
697 1493 891 1552 aperiens
919 1508 1126 1550 causam3
1162 1512 1182 1535 «
1210 1494 1449 1548 Fundasfi,

69 1583 89 1605 »
125 1563 269 1624 inquit
285 1597 295 1617 ,
321 1571 479 1605 terram
500 1597 511 1617 ,
536 1571 579 1605 et
600 1572 826 1621 permanet
847 1582 855 1606 :
883 1581 904 1604 »
930 1578 1001 1607 eos
1024 1563 1100 1622 qui
1122 1563 1167 1607 in
1190 1572 1303 1607 terra
1325 1572 1452 1618 sunt,

67 1643 226 1678 terram
261 1646 534 1691 nuncupans.
572 1650 592 1673 ‹<
626 1631 980 1676 Fundamentum
1010 1641 1156 1676 autem
1180 1632 1297 1676 aliud
1327 1648 1456 1677 nemo

72 1726 92 1748 »
127 1715 269 1766 potest
300 1718 463 1763 ponere
494 1712 652 1763 praeter
684 1703 728 1747 id
759 1704 880 1764 quod
913 1703 1104 1763 positum
1135 1712 1222 1757 est,
1249 1703 1368 1763 quod
1391 1712 1456 1747 est

73 1797 93 1818 »
128 1775 323 1822 Christus
345 1777 468 1818 Jesus
485 1777 517 1817 ².
544 1792 563 1814 »
584 1775 736 1832 Neque
758 1774 872 1817 enim
891 1782 933 1816 et
954 1772 1069 1817 illius
1093 1774 1378 1832 generationis
1401 1772 1457 1818 ad

71 1852 231 1906 Legem
260 1845 585 1904 Prophetasque
607 1844 862 1903 pertinentis
895 1843 1230 1888 fundamentum
1252 1860 1341 1888 non
1363 1854 1457 1889 erat

72 1919 268 1964 Christus
286 1951 296 1971 ‚
320 1914 616 1960 testimonium
638 1914 802 1957 habens
835 1929 857 1957 a
881 1917 993 1971 Lege
1015 1923 1057 1957 et
1080 1916 1344 1974 Prophetis&
1368 1918 1458 1959 Aut

73 2005 176 2033 vero
198 1991 367 2044 Moyses
390 1994 433 2028 et
455 1984 684 2043 Prophetae
707 1983 782 2027 filii
804 1983 1044 2043 deputandi
1066 1994 1168 2029 sunt
1202 1986 1247 2028 in
1269 1986 1456 2029 servitu-

75 2069 162 2104 tem
182 2055 425 2117 generantis
449 2053 616 2098 ancillae
634 2053 787 2108 fuisse,
812 2069 901 2097 non
917 2054 1066 2098 liberae
1085 2090 1095 2110 ‚
1117 2071 1215 2115 quae
1238 2064 1299 2099 est
1320 2065 1458 2100 mater

77 2128 272 2179 nosti·a⁴‚
299 2125 397 2179 eni,
427 2127 602 2168 «Mater
629 2123 729 2168 Sion
750 2158 760 2177 ‚
787 2123 893 2167 dicit
913 2124 1072 2179 homo,
1098 2134 1141 2168 et
1164 2126 1294 2169 homo
1318 2125 1457 2171 faetus

80 2220 100 2242 »
137 2209 200 2244 est
219 2199 263 2242 in
282 2214 330 2241 ea
351 2232 361 2250 ‚
389 2205 432 2239 et
452 2196 543 2254 ipse
564 2193 767 2239 fundavit
788 2210 882 2238 eam
904 2195 1147 2240 Altissimus
1161 2199 1174 2222 ⁵
1193 2197 1210 2237 ‘?
1237 2217 1254 2238 »
1279 2201 1374 2256 Ipse
1396 2208 1460 2243 est

79 2272 195 2316 enim
224 2278 267 2313 et
294 2266 411 2327 apud
434 2269 604 2309 Patrem
628 2265 856 2310 altissimus
875 2301 885 2320 ,
921 2275 964 2310 et
996 2277 1172 2326 propter
1200 2284 1277 2312 nos
1301 2268 1344 2312 in
1377 2269 1459 2314 ista

82 2351 217 2387 matre
253 2339 390 2383 faetus
416 2336 684 2381 humillimus
711 2356 719 2380 :
747 2337 953 2397 quoniam
986 2338 1061 2397 qui
1084 2342 1196 2382 Deus
1215 2348 1305 2383 erat
1332 2356 1462 2400 super

83 2428 199 2466 eam,
219 2430 235 2452 «
257 2412 399 2454 Homo
426 2406 562 2451 factus
590 2417 654 2451 est
680 2407 727 2451 in
752 2423 815 2451 ea.
838 2426 858 2449 »
873 2411 966 2451 Hoc
983 2408 1129 2468 itaque
1145 2408 1462 2466 fundamentQ'

132 2516 141 2533 ¹
162 2508 243 2541 Psal.
276 2517 381 2546 cxviii,
400 2516 454 2546 90.
475 2521 516 2527 —
536 2511 549 2526 ²
568 2516 579 2536 1
608 2506 680 2536 Cor.
703 2515 750 2545 111,
770 2514 818 2535 ιι.
839 2521 880 2526 ——
905 2501 916 2526 3
938 2507 1030 2536 Rom.
1049 2516 1102 2546 ιη,
1122 2514 1175 2538 2¹.
1198 2523 1237 2528 —
1260 2505 1275 2535 4
1297 2507 1399 2539 Galat.
1419 2518 1464 2548 ιν,

86 2564 203 2606 24-26.
221 2580 262 2586 —
284 2561 298 2584 5
318 2560 397 2593 Psal.
415 2571 540 2602 Lxxxvi,
557 2560 588 2592 5.

249 2625 402 2656 cxviii.
1075 2604 1077 2606 ¹
1231 2616 1278 2655 :³31
