1848 3261
459 188 700 220 ENARRATm
732 192 776 219 IN
808 185 1011 218 PsALMUM
1041 191 1156 219 cx1v.
1409 177 1493 217 357

111 273 132 298 »
168 255 349 310 exemit,
374 254 534 315 inquit,
552 256 738 300 animam
761 269 901 299 meam
915 271 938 298 a
953 263 1093 298 morte
1106 257 1136 297 1.
1167 274 1185 296 »
1206 255 1314 299 Mira
1327 269 1394 299 res
1410 263 1490 309 est,

108 326 368 382 charissimi,
395 326 517 386 quod
540 341 640 370 cum
671 326 842 371 dixisset
868 325 915 369 in
936 325 1132 384 requiem
1154 325 1493 369 convertendam

108 397 292 442 animam
320 412 439 440 suam
457 432 468 451 ,
489 399 698 457 quoniam
720 395 937 440 benefecit
958 396 997 439 ei
1026 395 1260 452 Dominus3
1285 396 1490 455 subjecit,

112 488 131 511 «
166 469 381 522 Quoniam
403 470 561 513 exemit
586 470 773 512 animam
802 483 943 511 meam
972 483 996 511 a
1019 476 1173 512 morte.
1203 484 1223 508 »
1248 466 1427 510 Ideo-ne
1449 467 1495 509 in

106 540 299 600 requiem
323 549 661 595 converteretur,
679 541 780 599 quia
801 549 999 598 exempta
1025 548 1088 582 est
1109 554 1133 581 a
1153 546 1292 582 morte
1306 539 1323 579 *ἒ
1339 539 1494 582 Nonne

106 610 241 669 magis
257 610 302 653 in
323 619 461 654 morte
483 610 651 668 requies
674 609 760 653 dici
782 609 920 653 solet?
944 612 1052 662 Quae
1074 609 1251 653 tandem
1270 609 1358 667 ejus
1382 607 1494 652 actio

106 689 170 724 est
184 715 194 734 ‚
220 681 343 739 cujus
365 682 453 723 vita
475 680 644 739 requies
662 715 671 734 ‚
690 689 733 723 et
755 695 869 724 mors
888 679 1144 739 inquietudo
1160 681 1247 723 est?
1264 678 1374 722 Talis
1391 693 1494 737 ergo

107 751 218 794 actio
249 749 381 793 debet
401 764 489 793 esse
514 750 668 793 animae
689 785 699 804 ‚
733 766 831 810 quae
857 749 1010 793 tendat
1031 749 1086 793 ad
1117 749 1308 809 quietam
1330 748 1493 793 securi⁸

105 829 267 874 tatem,
303 835 392 863 non
422 836 520 879 quae
561 829 716 877 augeat
748 820 994 880 inquietum
1022 819 1233 863 laborem.
1276 821 1493 872 Quoniam

105 891 262 935 exemit
279 905 373 934 eam
396 890 450 933 de
472 900 611 934 morte
633 891 709 950 qui
731 891 928 935 misertus
949 892 1039 951 ejus
1061 890 1167 934 dixit
1195 910 1203 936 :
1225 910 1244 932 «
1263 891 1419 934 Venite
1438 890 1493 935 ad

110 981 128 1002 »
163 975 232 1003 me
266 975 414 1003 omnes
441 959 518 1020 qui
550 959 754 1005 laboratis
776 996 786 1016 ‚
813 970 856 1004 et
891 976 971 1019 ego
1000 976 1076 1005 vos
1100 961 1288 1005 reficiam
1316 980 1324 1005 :
1349 960 1492 1004 tollite
1551 980 1555 983 ·

108 1048 127 1072 »
159 1032 317 1090 jugum
340 1046 484 1073 meum
505 1046 633 1089 super
655 1046 751 1085 vos⁷
772 1030 977 1075 etdiscite
991 1048 1013 1074 a
1028 1046 1097 1074 me
1115 1065 1124 1084 ‚
1150 1031 1357 1090 quoniam
1374 1031 1491 1075 mitis

109 1120 126 1141 »
163 1116 257 1144 sum
290 1110 332 1144 et
350 1100 525 1144 humilis
554 1101 705 1155 corde,
732 1110 775 1144 et
796 1101 1023 1145 invenietis
1046 1101 1239 1160 requiem
1263 1100 1492 1145 animabus

110 1191 127 1212 »
162 1172 338 1228 vestris3
363 1173 517 1231 jugum
536 1172 651 1215 enim
670 1187 817 1215 meum
848 1186 977 1215 suave
1005 1180 1082 1215 est.
1127 1180 1170 1214 et
1201 1172 1363 1215 sarcina
1395 1187 1492 1216 mea

107 1259 128 1282 υ
151 1241 254 1285 levis
277 1245 374 1285 est'2.
395 1262 412 1283 »
429 1242 544 1286 Mitis
563 1243 710 1302 itaque
725 1252 767 1287 et
783 1242 974 1296 humilis,
995 1251 1202 1302 tanquam
1215 1242 1330 1286 viam
1348 1243 1492 1287 Chris-

104 1321 196 1356 tum
212 1327 410 1372 sequens,
428 1313 560 1356 debet
573 1328 661 1357 esse
673 1313 828 1356 animae
843 1314 952 1357 actio
966 1313 1125 1356 tenden
1133 1313 1181 1355 tis
1196 1311 1250 1356 ad
1268 1313 1462 1372 requiem
1477 1332 1486 1358 :

103 1398 195 1428 non
216 1392 360 1426 tamen
372 1383 492 1442 pigra
506 1393 547 1428 et
565 1383 774 1428 desidiosa
792 1405 802 1441 3
818 1394 867 1427 ut
884 1399 1059 1427 cursum
1071 1392 1359 1438 consummet,
1377 1383 1489 1428 sicut

103 1454 311 1512 scriptum
325 1462 408 1507 est,
432 1473 447 1493 «
469 1457 519 1497 In
537 1453 871 1498 mansuetudine
889 1470 1018 1513 opera
1031 1463 1106 1497 tua
1123 1454 1322 1513 perfieess.
1349 1474 1366 1495 »
1384 1457 1490 1498 Ete-

103 1524 271 1579 nim,ne
280 1525 571 1569 mansuetudo
579 1525 632 1569 ad
646 1526 870 1584 segnitiem
883 1524 1189 1580 (luceretm·,ad
1192 1526 1393 1585 junctum
1409 1535 1488 1581 est,

107 1613 128 1636 «
162 1596 303 1654 Opera
320 1604 394 1639 tua
416 1595 590 1653 perfice.
612 1598 800 1655 »Neque
823 1596 937 1639 enim
952 1596 1063 1640 sicut
1084 1596 1128 1639 in
1146 1596 1226 1639 ista
1242 1597 1329 1640 vita
1348 1597 1489 1640 somni

103 1665 271 1725 requies
294 1680 370 1709 nos
393 1674 564 1724 reparat
585 1665 640 1709 ad
662 1666 901 1723 actionem3
924 1665 999 1710 sed
1020 1666 1131 1711 actio
1148 1667 1264 1711 bona
1285 1666 1490 1726 perducit

103 1734 158 1780 ad
176 1751 343 1795 semper
363 1735 614 1794 vigilantem
632 1736 837 1795 quietem.

162 1809 260 1849 VII.
299 1805 377 1849 Ille
400 1815 546 1850 autem
567 1815 721 1850 cuncta
744 1815 943 1865 praestat,
969 1815 1125 1851 cuncta
1152 1808 1329 1852 exhibet
1351 1815 1459 1853 Deus
1474 1844 1486 1866 ,

102 1876 157 1919 de
179 1891 267 1935 quo
285 1876 356 1919 hic
385 1874 564 1929 dicitur,
593 1894 611 1916 (ι.
637 1876 855 1928 Quoniam
877 1876 1086 1920 Dominus
1113 1876 1330 1921 benefecit
1352 1880 1457 1923 mihi
1473 1915 1484 1934 ‚

108 1966 125 1986 »
161 1945 367 2004 quoniam
389 1945 545 1988 exemit
568 1945 755 1989 animam
777 1961 917 1989 meam
935 1964 957 1991 a
973 1957 1110 1991 morte
1131 1982 1141 2002 ,
1165 1947 1314 1992 oculos
1331 1964 1449 1994 meos
1465 1967 1488 1995 a

108 2034 124 2055 »
159 2014 360 2072 lacrymis
381 2049 391 2068 ,
434 2014 566 2073 pedes
600 2030 716 2059 meos
746 2031 768 2059 a
791 2015 913 2075 lapsu
927 2017 957 2060 ⁴.
998 2037 1014 2058 »
1052 2020 1156 2061 Haec
1184 2018 1300 2061 enim
1334 2019 1378 2063 in
1411 2036 1486 2080 spe

102 2084 317 2144 completa
339 2100 439 2143 erga
460 2101 503 2129 se
525 2095 671 2130 cantat
691 2122 700 2141 ‚
727 2088 919 2147 quisquis
943 2088 1071 2149 hujus
1100 2089 1238 2134 carnis
1261 2090 1487 2137 vinculum

101 2154 317 2212 intelligit.
344 2158 454 2200 Vere
475 2156 635 2216 quippe
658 2156 823 2201 dictum
846 2167 936 2212 est,
972 2177 989 2198 «
1014 2159 1276 2204 Humiliatus
1299 2176 1417 2216 sum,
1443 2172 1487 2207 et

108 2246 125 2267 »
161 2225 326 2270 salvum
349 2242 419 2270 me
440 2226 559 2271 fecit.
588 2246 607 2268 >>
638 2228 721 2272 Sed
744 2237 786 2272 et
802 2228 913 2273 illud
934 2229 1166 2289 Apostolus
1186 2246 1339 2276 verum
1362 2232 1482 2290 dieii,

108 2316 128 2339 «
162 2297 376 2350 Quoniam
395 2313 469 2357 spe
488 2298 593 2343 salvi
612 2298 713 2343 facti
735 2315 883 2345 sumus
899 2303 930 2345 ⁵.
961 2322 977 2343 »
1000 2305 1055 2347 Et
1078 2302 1132 2346 de
1154 2313 1292 2347 morte
1309 2304 1486 2363 quidem

103 2366 224 2426 quod
242 2368 429 2427 exempti
452 2384 621 2424 sumus,
648 2378 763 2414 recte
791 2370 949 2415 dicitur
962 2372 1050 2431 jam
1075 2388 1163 2416 esse
1191 2373 1456 2433 completum
1471 2410 1482 2431 ‚

152 2468 159 2484 ¹
182 2462 260 2493 Psal.
278 2473 370 2503 cxiv,
402 2474 434 2505 7,
452 2464 483 2495 8.
508 2481 550 2487 -—-
570 2472 582 2487 ²
602 2465 714 2498 Matth.
736 2477 784 2506 n,
805 2467 924 2501 28-30.
943 2485 985 2490 -
1005 2466 1018 2491 3
1045 2468 1145 2501 Eccli.
1168 2481 1214 2511 ιιι,
1247 2480 1298 2512 19·
1317 2487 1358 2493 —
1374 2468 1485 2503 4Psat.

198 2519 215 2531 (ἱ

103 2529 175 2558 mv,
198 2532 228 2550 ο.
251 2536 291 2540 ——
313 2517 325 2541 5
345 2522 435 2551 Rom.
457 2522 602 2562 ‘'Hb-24·
