1848 3261
263 267 501 295 ENARRATio
534 269 548 293 1
583 269 624 293 im
661 267 862 294 PsALMou
894 270 956 304 ct,
994 267 1131 294 SERMO
1168 270 1195 293 1.
1379 258 1433 294 29

52 333 269 376 varicante
283 331 480 386 muliere,
497 331 638 388 tetigit
654 331 837 375 vetitum
852 333 882 386 ¹,
900 330 1059 375 oblitus
1071 340 1134 375 est
1148 341 1430 390 praeceptum.

51 403 207 448 Merito
229 418 480 463 percussum
501 411 563 446 est
577 402 686 447 sicut
707 402 893 456 foenum,
912 412 955 446 et
969 403 1079 446 aruit
1093 418 1167 446 cor
1189 403 1294 462 ejuS,
1321 418 1434 462 quo-

51 474 169 517 niam
196 473 357 518 oblitus
388 483 450 517 est
481 473 745 517 manducare
766 487 924 532 panem
947 487 1089 516 suum.
1115 472 1290 516 Oblitus
1311 487 1436 516 man-

51 542 212 587 ducare
234 559 412 603 panem,
440 543 550 587 bibit
574 558 792 587 venenum
822 562 830 587 :
856 558 1108 603 percussum
1139 552 1202 586 est
1230 558 1302 587 cor
1325 545 1432 603 ejus,

51 622 95 658 et
118 613 230 658 aruit
251 614 362 658 sicut
386 613 574 658 foenum.
604 617 699 673 lpse
721 622 785 657 est
812 612 883 656 ille
905 629 1132 673 percussus
1156 613 1201 656 in
1228 616 1350 667 isaia,
1382 611 1436 657 de

52 700 140 744 quo
183 683 342 727 dicitur
360 719 370 737 ,
407 693 450 728 et
481 684 550 728 cui
584 683 766 728 dicitur:
787 703 806 725 «
830 686 927 728 Non
958 684 1003 726 in
1031 693 1242 727 aeternum
1266 692 1435 742 tempus

54 772 74 795 ι)
109 754 265 798 irascar
291 753 414 798 vobis
445 773 454 797 ;
480 754 653 813 spiritus
685 753 801 797 enim
821 770 844 797 a
865 769 934 797 me
957 753 1171 812 procedit,
1198 764 1241 797 et
1258 768 1433 797 omnem

56 842 76 865 »
111 825 265 868 flatum
282 840 362 883 ego
386 824 468 868 feci
494 843 502 867 :
524 833 700 883 propter
720 833 944 883 peccatum
967 824 1187 868 modicum
1207 823 1315 883 quid
1334 839 1438 868 con-

56 913 76 936 »
111 895 276 938 tristavi
298 894 440 948 illum,
467 903 510 937 et
531 894 721 953 percussi
739 893 880 949 illum,
905 903 948 937 et
966 896 1098 938 averti
1114 893 1269 938 faciem
1292 910 1433 938 meam

56 984 76 1006 n
112 965 166 1009 ab
185 964 304 1009 illo.»
329 964 486 1009 Merito
501 964 587 1019 hic,
617 984 637 1006 (ι
662 967 724 1010 Ne
747 974 912 1008 avertas
935 962 1090 1008 faciem
1113 974 1231 1008 tuam
1251 981 1274 1008 a
1296 980 1365 1008 me
1385 984 1393 1009 :
1412 984 1431 1006 »

53 1038 136 1081 hoc
149 1046 226 1092 est,
253 1053 277 1080 a
298 1051 516 1096 percusso,
543 1035 597 1079 de
619 1051 707 1095 quo
723 1034 888 1090 dixisti,
911 1054 929 1077 «
950 1036 1143 1080 Percussi
1157 1035 1281 1080 illurn
1308 1055 1316 1080 :
1346 1056 1363 1078 »
1382 1035 1436 1080 de

53 1123 142 1168 quo
165 1106 332 1162 dixisti,
362 1126 382 1149 «
407 1108 507 1151 Vias
529 1108 618 1166 ejus
641 1107 746 1161 vidi,
774 1117 815 1150 et
838 1108 984 1151 sanavi
1008 1123 1107 1151 eum
1121 1111 1152 1151 ².
1180 1111 1437 1152 Percussum

57 1196 78 1220 »
113 1187 176 1222 est
197 1179 307 1223 sicut
328 1177 522 1234 foenum,
554 1187 597 1222 et
619 1178 732 1222 aruit
762 1193 836 1223 cor
858 1193 1020 1233 meum,
1047 1179 1254 1238 quoniam
1277 1178 1438 1222 oblitus

56 1268 76 1291 n
113 1264 207 1293 sum
229 1248 493 1293 manducare
514 1264 671 1308 panem
696 1264 856 1292 meum.
888 1268 906 1290 »
927 1249 1060 1294 Modo
1079 1249 1291 1293 manduca
1309 1265 1440 1309 quem

54 1318 215 1364 oblitus
230 1335 336 1364 eras.
366 1319 450 1364 Sed
471 1320 590 1363 venit
610 1329 654 1363 et
671 1319 762 1378 ipse
783 1320 923 1379 panis,
950 1320 995 1363 in
1019 1321 1141 1380 cujus
1159 1336 1338 1380 corpore
1361 1320 1441 1364 tibi

54 1390 154 1435 licet
177 1389 394 1435 recordari
422 1406 577 1434 vocem
601 1389 831 1434 oblivionis
853 1399 957 1446 tuae,
986 1400 1030 1434 et
1053 1390 1238 1434 clamare
1261 1407 1312 1434 ex
1332 1407 1442 1450 pau-

54 1469 236 1521 pertate,
262 1469 312 1504 ut
332 1476 475 1504 sumas
497 1459 680 1504 divitias.
708 1461 841 1505 Modo
864 1462 1081 1505 manduca
1108 1481 1116 1505 z
1141 1462 1187 1505 in
1211 1463 1301 1521 ejus
1325 1462 1442 1506 enim

56 1547 236 1591 corpore
258 1546 299 1575 es
314 1567 324 1585 ,
348 1531 423 1591 qui
453 1531 536 1575 ait:
564 1550 583 1572 «
607 1533 699 1588 Ego
722 1546 818 1574 sum
840 1531 962 1590 panis
984 1532 1122 1586 vivus,
1150 1532 1225 1591 qui
1252 1531 1305 1575 dc
1329 1531 1442 1576 coelo

28 1618 79 1645 ·»
114 1601 361 1646 deseendiss.
399 1622 416 1641 ι)
453 1601 625 1645 Oblitus
657 1616 748 1645 eras
781 1601 1045 1646 manducare
1079 1618 1236 1661 panem
1272 1612 1397 1646 tuum
1430 1622 1439 1647 :

56 1672 131 1717 sed
149 1673 239 1733 jam
256 1672 332 1717 illo
355 1672 576 1727 crucifixo,
595 1672 1055 1716 commemorabuntur
1069 1681 1112 1716 et
1133 1682 1444 1717 convertentur

58 1744 113 1789 ad
137 1744 371 1788 Dominum
396 1743 585 1787 universi
617 1744 722 1787 fines
750 1753 875 1787 terrae
892 1745 922 1786 4.
957 1747 1058 1788 Post
1081 1743 1344 1788 oblivionem
1369 1760 1444 1787 ve-

57 1815 149 1860 niat
165 1815 535 1870 commemoratio,
562 1815 851 1858 manducetur
875 1815 995 1873 panis
1017 1814 1071 1857 de
1094 1814 1224 1869 coelo,
1254 1824 1302 1858 ut
1323 1816 1442 1859 viva-

58 1895 156 1944 tur3
182 1902 272 1931 non
309 1901 467 1930 manna
482 1921 493 1940 ,
539 1885 650 1929 sicut
681 1884 745 1928 illi
786 1884 1161 1929 manducaverunt
1197 1895 1241 1929 et
1282 1886 1443 1930 mortui

58 1966 160 2002 sunt
176 1959 190 1983 ⁵
212 1976 221 2001 :
249 1956 369 2016 panis
393 1956 447 1999 de
470 1971 558 2015 quo
584 1956 771 2011 dicitur,
801 1975 820 1997 «
845 1956 963 1999 Beati
986 1955 1062 2015 qui
1084 1956 1280 2001 esuriunt
1312 1966 1354 2000 et
1385 1957 1442 2000 si·

62 2046 84 2069 »
119 2028 234 2072 tiunt
249 2028 508 2088 justitiamss.
537 2045 557 2067 ³)

113 2102 156 2146 y
161 2102 195 2143 I.
226 2118 247 2141 «
270 2102 309 2143 A
330 2113 435 2144 voce
457 2098 643 2157 gemitus
667 2098 754 2142 mei
776 2097 1053 2142 adhaeserunt
1084 2114 1177 2143 ossa
1208 2114 1302 2143 mea
1326 2101 1444 2144 carui

63 2190 84 2213 ι)
119 2171 269 2215 meae7.
294 2187 315 2210 »
337 2172 493 2213 Avoce
506 2184 638 2229 quam
659 2167 869 2227 intelligo,
892 2185 915 2213 a
931 2185 1037 2213 voce
1055 2186 1186 2229 quam
1209 2171 1309 2214 novi
1336 2190 1344 2215 :
1370 2191 1388 2213 «
1407 2175 1444 2215 Α

65 2261 85 2284 n
119 2256 226 2286 voce
248 2240 432 2300 gemitus
454 2241 563 2295 mei,
599 2259 619 2281 »
644 2256 733 2284 non
753 2256 776 2284 a
794 2255 899 2284 voce
918 2241 1102 2299 gemitus
1124 2240 1315 2297 illorum,
1342 2243 1445 2302 qui-

63 2314 144 2358 bus
165 2311 418 2371 compatior.
443 2309 573 2356 Multi
595 2310 710 2355 enim
734 2320 930 2370 gemunt,
956 2326 1080 2369 gemo
1105 2321 1148 2355 et
1170 2328 1276 2371 ego3
1297 2322 1339 2357 et
1362 2314 1444 2358 hoc

66 2398 206 2442 gemo,
229 2382 330 2442 quia
346 2380 458 2425 male
471 2390 665 2438 gemunt.
686 2381 841 2425 Amisit
857 2397 1103 2437 nummum,
1122 2382 1255 2441 gemit
1277 2402 1285 2426 :
1305 2383 1445 2428 amisit

66 2452 214 2508 fidem,
238 2468 327 2497 non
350 2452 495 2510 gemit.
526 2454 617 2510 Ego
649 2451 849 2511 appendo
878 2468 1108 2496 nummum
1138 2462 1180 2496 et
1209 2451 1362 2508 fidem,
1401 2464 1445 2498 et

115 2558 124 2572 ¹
151 2552 228 2582 Gen.
258 2561 305 2590 ιιι,
325 2549 411 2581 6.-
432 2551 530 2581 ²Isa'1'.
553 2560 624 2589 ινιι,
647 2549 763 2580 16-18.
784 2565 821 2571 -
838 2546 955 2580 3Joan.
974 2560 1020 2589 VI,
1041 2548 1093 2589 lu.
1125 2566 1146 2572 -
1169 2547 1184 2578 4
1203 2548 1284 2581 Psal.
1307 2560 1371 2589 xxi,
1387 2551 1441 2583 28.

70 2624 110 2630 -
128 2605 143 2629 5
166 2609 245 2639 Joan
279 2618 324 2647 w,
350 2605 402 2649 59.
431 2623 470 2629 —
489 2604 504 2630 5
524 2606 636 2639 Matth.
655 2617 688 2646 v,
708 2605 742 2637 6.
762 2622 801 2628 —-
824 2613 837 2637 7
859 2606 937 2637 Psal.
957 2617 997 2646 ci,
1015 2605 1048 2636 6.
