1848 3261
425 226 667 258 ENARRATm
698 230 744 257 IN
775 225 979 257 PsALMUM
1011 228 1082 254 cn.
1370 214 1425 253 73

45 294 171 338 tione
185 295 313 339 rostri
335 296 563 340 crescentis
585 296 731 340 eibum
753 308 906 354 capere
929 308 1019 337 non
1032 307 1173 352 posse.
1201 296 1302 337 Pars
1316 291 1430 336 enim

45 365 172 409 rostri
193 366 281 425 ejus
311 366 532 425 superior,
557 382 656 426 quae
679 380 806 425 supra
833 373 998 423 partem
1020 362 1269 406 inferiorem
1290 362 1433 406 adun-

45 444 197 492 catur,
233 452 333 480 cum
367 452 457 495 prce
491 446 664 481 senecta
698 434 1025 479 immoderatius
1057 433 1264 488 creverit,
1291 433 1433 490 longi-

53 505 160 550 tudo
178 508 269 566 ejus
291 507 545 551 incrementi
570 524 659 551 non
681 522 774 550 eam
794 506 894 549 sinit
917 521 962 550 os
988 505 1177 564 aperire,
1207 513 1256 548 ut
1278 504 1331 547 sit
1354 504 1433 547 ali-

44 576 165 636 quod
201 578 478 622 intervallum
525 579 638 622 inter
682 577 931 621 inferiorem
968 585 1136 635 partem
1187 584 1230 618 et
1270 589 1435 618 uncum

43 647 323 705 superiorem.
359 648 447 692 Nisi
475 648 589 691 enim
625 646 803 707 aliquod
827 646 1105 690 intervallum
1137 653 1308 704 pateat,
1345 660 1434 688 non

43 716 178 760 habet
200 732 366 761 morsus
384 719 505 777 quasi
529 717 739 777 forcipem
757 752 767 772 ‚
804 716 922 761 unde
956 716 1079 760 velut
1108 715 1287 759 tondeat
1316 714 1435 774 quod

44 787 310 832 transmittat
343 789 389 831 in
409 788 568 832 fauees.
596 791 828 833 Crescente
856 789 1007 847 itaque
1037 787 1255 847 superiore
1290 795 1433 846 parte7

41 867 87 901 fet
109 857 234 901 nimis
251 857 480 913 aduncata,
499 875 586 903 non
602 859 764 918 poterit
782 874 828 903 os
843 859 1007 917 aperire
1021 867 1063 902 et
1082 858 1246 917 aliquid
1263 872 1430 917 capere.

45 931 138 972 Hoc
161 930 199 971 ei
214 928 317 972 facit
337 938 540 973 vetustas.
559 933 857 987 P1·aegravatur
873 929 1085 988 languore
1114 929 1348 973 senectutis
1368 963 1378 983 ‚
1394 937 1437 972 et

43 998 190 1058 inopia
210 999 467 1043 comedendi
479 999 719 1059 languescit
735 1000 861 1043 nimis
879 1021 888 1057 3
906 1009 1090 1060 utraque
1102 1015 1148 1043 re
1161 1034 1172 1053 ,
1189 1008 1231 1043 et
1244 999 1379 1042 aetatis
1394 1007 1438 1042 et

44 1069 241 1127 egestatis
261 1070 507 1114 accedente.
528 1074 680 1131 Itaque
694 1069 826 1114 modo
847 1070 1037 1129 quodam
1061 1069 1306 1113 naturaliin
1318 1084 1438 1112 men-

45 1155 143 1184 sura
172 1140 424 1199 reparandae
445 1141 566 1201 quasi
592 1141 856 1201 juventutis,
885 1139 1028 1200 aquila
1053 1140 1211 1183 dicitur
1233 1139 1437 1184 collidere

44 1220 88 1255 et
107 1222 334 1271 percutere
348 1211 401 1256 ad
416 1222 582 1271 petram
601 1213 741 1272 ipsum
755 1212 879 1272 quasi
896 1212 1063 1255 labium
1078 1227 1205 1255 suum
1220 1211 1433 1271 superius,

44 1298 134 1343 quo
162 1284 289 1327 nimis
319 1293 539 1328 crescente
569 1283 727 1329 edendi
762 1283 904 1328 aditus
935 1284 1156 1328 clauditur
1191 1303 1199 1327 ;
1225 1292 1355 1342 atque
1376 1282 1438 1325 ita

44 1353 310 1397 conterendo
330 1353 439 1398 illud
462 1353 516 1398 ad
538 1363 704 1414 petram
725 1354 914 1409 excutit,
940 1363 982 1398 et
1000 1362 1117 1398 caret
1139 1353 1294 1412 prioris
1312 1352 1438 1398 rostri

46 1440 197 1479 onere,
238 1441 326 1484 quo
358 1425 478 1469 cibus
506 1425 840 1485 impediebatur.
883 1424 1064 1469 Accedit
1102 1423 1157 1468 ad
1189 1424 1362 1478 cibum,
1395 1433 1438 1468 et

46 1495 191 1539 omnia
215 1505 472 1554 reparantur
498 1515 505 1539 :
530 1496 609 1538 erit
630 1504 727 1555 post
752 1504 1021 1539 senectutem
1041 1504 1250 1555 tanquam
1265 1494 1437 1555 juvenis

42 1565 187 1626 aquila
204 1587 214 1623 3
230 1565 340 1610 redit
354 1567 474 1624 vigor
489 1567 684 1611 omnium
699 1567 1015 1621 membrorum,
1035 1566 1150 1610 nitor
1163 1565 1431 1625 plumarum,

44 1635 338 1695 gubernacula
361 1652 605 1695 pennarum
624 1672 634 1691 ,
670 1636 788 1681 volat
812 1636 976 1681 excelsa
1000 1637 1110 1680 sicut
1135 1646 1261 1680 antea
1282 1671 1292 1691 ‚
1319 1637 1368 1680 fit
1390 1637 1435 1679 in

43 1721 92 1750 ea
110 1706 311 1766 quaedam
334 1707 605 1751 resurrectio.
631 1706 702 1752 Ad
719 1708 803 1751 hoc
821 1707 938 1750 enim
960 1707 1152 1766 exposita
1183 1717 1247 1750 est
1269 1707 1349 1750 ista
1377 1705 1436 1750 si-

43 1777 244 1821 militudo
267 1797 275 1822 :
299 1776 409 1821 sicut
432 1777 485 1821 dc
513 1778 618 1821 luna
643 1779 823 1837 ponitur
842 1813 852 1833 ,
889 1779 990 1838 quia
1009 1777 1231 1821 deminuta
1258 1786 1300 1821 et
1322 1792 1435 1837 quo-

44 1847 143 1892 dam
165 1849 297 1893 modo
315 1850 550 1908 intercepta
576 1849 680 1893 luna
704 1865 849 1893 rursus
864 1849 1055 1893 nascitur
1075 1859 1117 1893 et
1134 1849 1340 1908 impletur
1361 1885 1370 1902 ‚
1393 1858 1437 1893 et

43 1920 255 1978 significat
277 1921 402 1965 nobis
425 1921 784 1965 resurrectionem
812 1941 819 1966 :
841 1920 916 1965 sed
938 1921 1117 1980 impleta
1135 1920 1209 1965 illa
1233 1937 1320 1964 non
1344 1936 1436 1980 per-

44 1998 214 2046 manet3
232 2005 379 2033 rursus
405 1991 644 2044 minuitur,
670 2001 719 2033 ut
742 2005 912 2048 semper
935 1989 1162 2047 significet.
1188 1991 1255 2033 Sic
1276 2005 1378 2048 ergo
1393 2000 1434 2034 et

43 2059 128 2103 hoc
147 2058 267 2119 quod
297 2058 351 2102 de
387 2059 529 2119 aquil-51
553 2059 717 2103 dictum
741 2068 804 2103 est
829 2079 838 2104 ε
859 2075 947 2103 non
971 2058 1025 2103 ad
1063 2060 1435 2104 immortalitatem

45 2129 189 2189 aquila
211 2138 435 2188 reparatur
456 2164 465 2183 ‚
493 2145 571 2172 nos
594 2138 740 2172 autem
765 2129 819 2173 ad
840 2130 972 2173 vitam
1006 2138 1211 2173 aeternam
1241 2150 1248 2174 :
1275 2130 1349 2174 sed
1371 2140 1438 2174 ta-

43 2214 145 2242 men
173 2208 402 2258 propterea
429 2198 531 2242 inde
565 2197 697 2243 ducta
733 2208 794 2242 est
834 2198 1100 2254 similitudo,
1132 2209 1182 2244 ut
1216 2200 1335 2259 quod
1360 2216 1437 2244 nos

44 2269 245 2328 impedit,
264 2279 386 2328 petra
408 2270 530 2313 nobis
563 2268 745 2313 auferat.
788 2272 885 2314 Non
910 2286 1012 2328 ergo
1036 2286 1271 2329 praesumas
1295 2270 1349 2314 de
1371 2271 1430 2315 vi-

46 2339 166 2382 ribus
183 2339 268 2382 tuis
293 2359 301 2383 :
329 2340 507 2384 firmitas
532 2349 666 2399 petrae
687 2339 766 2383 tibi
783 2340 947 2383 excutit
969 2349 1244 2384 vetustatem.
1267 2360 1282 2381 (ι
1307 2344 1434 2384 Petra

49 2427 70 2450 »
106 2418 251 2452 autem
274 2419 364 2453 erat
394 2410 629 2454 Christus¹.
661 2429 679 2451 »
716 2413 766 2454 In
795 2410 966 2454 Christo
999 2411 1282 2455 renovabitur
1322 2411 1433 2454 sicut

48 2479 204 2540 aquilae
222 2481 430 2539 juventus
456 2490 616 2525 nostra.
648 2481 822 2525 Etenim
848 2482 1184 2526 inveteravimus
1209 2482 1320 2525 inter
1346 2482 1431 2525 ini-

97 2566 106 2582 ¹
131 2576 142 2595 1
165 2565 235 2598 Cor.
252 2574 287 2606 x,
303 2564 334 2606 4.
