<?xml version="1.0" encoding="UTF-8"?>
<!DOCTYPE html PUBLIC "-//W3C//DTD XHTML 1.0 Transitional//EN"
    "http://www.w3.org/TR/xhtml1/DTD/xhtml1-transitional.dtd">
<html xmlns="http://www.w3.org/1999/xhtml" xml:lang="en" lang="en">
 <head>
  <title>
</title>
<meta http-equiv="Content-Type" content="text/html;charset=utf-8" />
  <meta name='ocr-system' content='tesseract 3.04.00' />
  <meta name='ocr-capabilities' content='ocr_page ocr_carea ocr_par ocr_line ocrx_word'/>
</head>
<body>
  <div class='ocr_page' id='page_1' title='image "./operaomniaaccura11auguuoft_0127.png"; bbox 0 0 1848 3261; ppageno 0'>
   <div class='ocr_carea' id='block_1_1' title="bbox 296 175 1476 224">
    <p class='ocr_par' dir='ltr' id='par_1_1' title="bbox 296 175 1476 224">
     <span class='ocr_line' id='line_1_1' title="bbox 296 175 1476 224; baseline -0.004 -6"><span class='ocrx_word' id='word_1_1' title='bbox 296 188 537 218; x_wconf 69' lang='lat' dir='ltr'>ENARRATIO</span> <span class='ocrx_word' id='word_1_2' title='bbox 568 191 583 217; x_wconf 93' lang='lat'>1</span> <span class='ocrx_word' id='word_1_3' title='bbox 619 191 662 216; x_wconf 76' lang='lat' dir='ltr'>m</span> <span class='ocrx_word' id='word_1_4' title='bbox 696 187 898 217; x_wconf 77' lang='lat' dir='ltr'>PsALMUM</span> <span class='ocrx_word' id='word_1_5' title='bbox 929 189 1025 224; x_wconf 78' lang='lat' dir='ltr'>cm,</span> <span class='ocrx_word' id='word_1_6' title='bbox 1061 185 1198 213; x_wconf 73' lang='lat' dir='ltr'>St-:nMo</span> <span class='ocrx_word' id='word_1_7' title='bbox 1231 188 1260 212; x_wconf 91' lang='lat'>1.</span> <span class='ocrx_word' id='word_1_8' title='bbox 1395 175 1476 213; x_wconf 93' lang='lat'>117</span> 
     </span>
    </p>
   </div>
   <div class='ocr_carea' id='block_1_2' title="bbox 92 252 1487 2418">
    <p class='ocr_par' dir='ltr' id='par_1_2' title="bbox 92 252 1487 2418">
     <span class='ocr_line' id='line_1_2' title="bbox 100 252 1478 314; baseline -0.004 -13"><span class='ocrx_word' id='word_1_9' title='bbox 100 265 164 301; x_wconf 87' lang='lat' dir='ltr'>est</span> <span class='ocrx_word' id='word_1_10' title='bbox 188 257 365 301; x_wconf 82' lang='lat' dir='ltr'>firmitas</span> <span class='ocrx_word' id='word_1_11' title='bbox 393 255 562 300; x_wconf 85' lang='lat' dir='ltr'>occulta</span> <span class='ocrx_word' id='word_1_12' title='bbox 583 255 709 300; x_wconf 91' lang='lat' dir='ltr'>nobis</span> <span class='ocrx_word' id='word_1_13' title='bbox 725 291 735 310; x_wconf 88' lang='lat'>,</span> <span class='ocrx_word' id='word_1_14' title='bbox 765 270 864 314; x_wconf 84' lang='lat' dir='ltr'>quae</span> <span class='ocrx_word' id='word_1_15' title='bbox 887 252 1081 297; x_wconf 85' lang='lat' dir='ltr'>continet</span> <span class='ocrx_word' id='word_1_16' title='bbox 1103 261 1261 295; x_wconf 81' lang='lat' dir='ltr'>terram</span> <span class='ocrx_word' id='word_1_17' title='bbox 1287 271 1296 296; x_wconf 89' lang='grc'>;</span> <span class='ocrx_word' id='word_1_18' title='bbox 1321 260 1364 295; x_wconf 84' lang='grc' dir='ltr'>θῖ</span> <span class='ocrx_word' id='word_1_19' title='bbox 1393 252 1478 296; x_wconf 92' lang='lat' dir='ltr'>hoc</span> 
     </span>
     <span class='ocr_line' id='line_1_3' title="bbox 100 321 1481 386; baseline -0.004 -16"><span class='ocrx_word' id='word_1_20' title='bbox 100 326 208 371; x_wconf 83' lang='lat' dir='ltr'>dixit</span> <span class='ocrx_word' id='word_1_21' title='bbox 228 346 236 371; x_wconf 91' lang='lat'>:</span> <span class='ocrx_word' id='word_1_22' title='bbox 263 345 280 367; x_wconf 90' lang='lat'>«</span> <span class='ocrx_word' id='word_1_23' title='bbox 304 327 537 373; x_wconf 75' lang='lat' dir='ltr'>Fundavit.</span> <span class='ocrx_word' id='word_1_24' title='bbox 569 347 585 367; x_wconf 88' lang='lat'>»</span> <span class='ocrx_word' id='word_1_25' title='bbox 611 328 748 386; x_wconf 81' lang='lat' dir='ltr'>Super</span> <span class='ocrx_word' id='word_1_26' title='bbox 764 323 900 384; x_wconf 83' lang='lat' dir='ltr'>quid?</span> <span class='ocrx_word' id='word_1_27' title='bbox 925 325 1062 382; x_wconf 86' lang='lat' dir='ltr'>Super</span> <span class='ocrx_word' id='word_1_28' title='bbox 1078 321 1326 365; x_wconf 81' lang='lat' dir='ltr'>firmitatem</span> <span class='ocrx_word' id='word_1_29' title='bbox 1347 322 1481 381; x_wconf 88' lang='lat' dir='ltr'>ipsius</span> 
     </span>
     <span class='ocr_line' id='line_1_4' title="bbox 99 392 1480 458; baseline -0.003 -17"><span class='ocrx_word' id='word_1_30' title='bbox 99 407 250 453; x_wconf 82' lang='lat' dir='ltr'>terrae,</span> <span class='ocrx_word' id='word_1_31' title='bbox 290 412 422 458; x_wconf 83' lang='lat' dir='ltr'>quam</span> <span class='ocrx_word' id='word_1_32' title='bbox 456 397 495 440; x_wconf 90' lang='lat' dir='ltr'>ci</span> <span class='ocrx_word' id='word_1_33' title='bbox 530 397 783 456; x_wconf 81' lang='lat' dir='ltr'>supposuit,</span> <span class='ocrx_word' id='word_1_34' title='bbox 815 404 864 438; x_wconf 90' lang='lat' dir='ltr'>ut</span> <span class='ocrx_word' id='word_1_35' title='bbox 886 393 1210 447; x_wconf 77' lang='lat' dir='ltr'>contineretur,</span> <span class='ocrx_word' id='word_1_36' title='bbox 1247 408 1345 452; x_wconf 83' lang='lat' dir='ltr'>quae</span> <span class='ocrx_word' id='word_1_37' title='bbox 1374 392 1480 437; x_wconf 82' lang='lat' dir='ltr'>latet</span> 
     </span>
     <span class='ocr_line' id='line_1_5' title="bbox 98 464 1482 518; baseline -0.004 -6"><span class='ocrx_word' id='word_1_38' title='bbox 98 469 211 513; x_wconf 87' lang='lat' dir='ltr'>forte</span> <span class='ocrx_word' id='word_1_39' title='bbox 234 467 382 512; x_wconf 85' lang='lat' dir='ltr'>oculos</span> <span class='ocrx_word' id='word_1_40' title='bbox 405 477 518 511; x_wconf 89' lang='lat' dir='ltr'>tuos.</span> <span class='ocrx_word' id='word_1_41' title='bbox 547 467 642 511; x_wconf 86' lang='lat' dir='ltr'>Sint</span> <span class='ocrx_word' id='word_1_42' title='bbox 664 468 742 510; x_wconf 81' lang='lat' dir='ltr'>ista</span> <span class='ocrx_word' id='word_1_43' title='bbox 771 465 943 510; x_wconf 82' lang='lat' dir='ltr'>occulta</span> <span class='ocrx_word' id='word_1_44' title='bbox 973 465 1019 508; x_wconf 88' lang='lat' dir='ltr'>in</span> <span class='ocrx_word' id='word_1_45' title='bbox 1047 473 1268 518; x_wconf 74' lang='lat' dir='ltr'>creatura,</span> <span class='ocrx_word' id='word_1_46' title='bbox 1309 479 1395 507; x_wconf 89' lang='lat' dir='ltr'>non</span> <span class='ocrx_word' id='word_1_47' title='bbox 1427 464 1482 507; x_wconf 91' lang='lat' dir='ltr'>de</span> 
     </span>
     <span class='ocr_line' id='line_1_6' title="bbox 98 536 1483 596; baseline -0.004 -13"><span class='ocrx_word' id='word_1_48' title='bbox 98 539 362 584; x_wconf 76' lang='lat' dir='ltr'>obscuritate</span> <span class='ocrx_word' id='word_1_49' title='bbox 390 548 599 583; x_wconf 75' lang='lat' dir='ltr'>creaturae</span> <span class='ocrx_word' id='word_1_50' title='bbox 620 541 800 583; x_wconf 78' lang='lat' dir='ltr'>Creator</span> <span class='ocrx_word' id='word_1_51' title='bbox 827 537 979 580; x_wconf 83' lang='lat' dir='ltr'>latebit</span> <span class='ocrx_word' id='word_1_52' title='bbox 1013 557 1021 581; x_wconf 89' lang='lat'><strong>:</strong></span> <span class='ocrx_word' id='word_1_53' title='bbox 1048 552 1146 596; x_wconf 84' lang='lat' dir='ltr'>quae</span> <span class='ocrx_word' id='word_1_54' title='bbox 1167 549 1395 594; x_wconf 86' lang='lat' dir='ltr'>possumus</span> <span class='ocrx_word' id='word_1_55' title='bbox 1413 536 1483 578; x_wconf 74' lang='lat' dir='ltr'>vi-</span> 
     </span>
     <span class='ocr_line' id='line_1_7' title="bbox 98 607 1478 669; baseline -0.004 -15"><span class='ocrx_word' id='word_1_56' title='bbox 98 610 291 665; x_wconf 81' lang='lat' dir='ltr'>deamus,</span> <span class='ocrx_word' id='word_1_57' title='bbox 309 626 361 653; x_wconf 73' lang='lat' dir='ltr'>ex</span> <span class='ocrx_word' id='word_1_58' title='bbox 382 611 447 654; x_wconf 88' lang='lat' dir='ltr'>his</span> <span class='ocrx_word' id='word_1_59' title='bbox 470 625 569 669; x_wconf 82' lang='lat' dir='ltr'>quae</span> <span class='ocrx_word' id='word_1_60' title='bbox 585 609 781 653; x_wconf 69' lang='lat' dir='ltr'>videmus</span> <span class='ocrx_word' id='word_1_61' title='bbox 802 608 925 652; x_wconf 77' lang='lat' dir='ltr'>illum</span> <span class='ocrx_word' id='word_1_62' title='bbox 943 607 1186 662; x_wconf 77' lang='lat' dir='ltr'>laudemus,</span> <span class='ocrx_word' id='word_1_63' title='bbox 1207 615 1249 650; x_wconf 91' lang='lat' dir='ltr'>et</span> <span class='ocrx_word' id='word_1_64' title='bbox 1271 622 1478 650; x_wconf 80' lang='lat' dir='ltr'>amemus.</span> 
     </span>
     <span class='ocr_line' id='line_1_8' title="bbox 98 677 1483 740; baseline -0.004 -15"><span class='ocrx_word' id='word_1_65' title='bbox 98 684 411 726; x_wconf 81' lang='lat' dir='ltr'>Convertamus</span> <span class='ocrx_word' id='word_1_66' title='bbox 444 697 522 725; x_wconf 85' lang='lat' dir='ltr'>nos</span> <span class='ocrx_word' id='word_1_67' title='bbox 561 681 616 724; x_wconf 77' lang='lat' dir='ltr'>ad</span> <span class='ocrx_word' id='word_1_68' title='bbox 649 681 934 740; x_wconf 82' lang='lat' dir='ltr'>quaerendum</span> <span class='ocrx_word' id='word_1_69' title='bbox 969 678 1135 738; x_wconf 84' lang='lat' dir='ltr'>aliquid</span> <span class='ocrx_word' id='word_1_70' title='bbox 1163 677 1232 721; x_wconf 86' lang='lat' dir='ltr'>hic</span> <span class='ocrx_word' id='word_1_71' title='bbox 1266 678 1309 720; x_wconf 88' lang='lat' dir='ltr'>in</span> <span class='ocrx_word' id='word_1_72' title='bbox 1345 678 1483 735; x_wconf 80' lang='lat' dir='ltr'>figura</span> 
     </span>
     <span class='ocr_line' id='line_1_9' title="bbox 97 740 1487 811; baseline -0.003 -16"><span class='ocrx_word' id='word_1_73' title='bbox 97 753 303 811; x_wconf 86' lang='lat' dir='ltr'>positum.</span> <span class='ocrx_word' id='word_1_74' title='bbox 335 770 351 790; x_wconf 88' lang='lat'>«</span> <span class='ocrx_word' id='word_1_75' title='bbox 367 751 587 795; x_wconf 81' lang='lat' dir='ltr'>Fundavit</span> <span class='ocrx_word' id='word_1_76' title='bbox 609 740 765 794; x_wconf 79' lang='lat' dir='ltr'>terram</span> <span class='ocrx_word' id='word_1_77' title='bbox 783 785 793 804; x_wconf 74' lang='grc'><em>,</em></span> <span class='ocrx_word' id='word_1_78' title='bbox 825 770 842 790; x_wconf 88' lang='grc'>»</span> <span class='ocrx_word' id='word_1_79' title='bbox 862 748 1058 808; x_wconf 79' lang='lat' dir='ltr'>intelligo</span> <span class='ocrx_word' id='word_1_80' title='bbox 1081 748 1331 792; x_wconf 76' lang='lat' dir='ltr'>Ecclesiam.</span> <span class='ocrx_word' id='word_1_81' title='bbox 1363 768 1380 789; x_wconf 83' lang='lat'>»</span> <span class='ocrx_word' id='word_1_82' title='bbox 1403 751 1487 792; x_wconf 92' lang='lat' dir='ltr'>Do-</span> 
     </span>
     <span class='ocr_line' id='line_1_10' title="bbox 102 818 1482 881; baseline 0 -19"><span class='ocrx_word' id='word_1_83' title='bbox 102 843 119 863; x_wconf 86' lang='lat'>»</span> <span class='ocrx_word' id='word_1_84' title='bbox 155 823 262 865; x_wconf 90' lang='lat' dir='ltr'>mini</span> <span class='ocrx_word' id='word_1_85' title='bbox 280 831 342 865; x_wconf 89' lang='grc' dir='ltr'>θεῖ</span> <span class='ocrx_word' id='word_1_86' title='bbox 364 831 477 865; x_wconf 82' lang='lat' dir='ltr'>terra</span> <span class='ocrx_word' id='word_1_87' title='bbox 500 831 542 865; x_wconf 90' lang='lat' dir='ltr'>et</span> <span class='ocrx_word' id='word_1_88' title='bbox 564 820 792 881; x_wconf 84' lang='lat' dir='ltr'>plenitudo</span> <span class='ocrx_word' id='word_1_89' title='bbox 815 821 926 880; x_wconf 77' lang='lat' dir='ltr'>ejus¹</span> <span class='ocrx_word' id='word_1_90' title='bbox 948 840 956 864; x_wconf 88' lang='lat'>:</span> <span class='ocrx_word' id='word_1_91' title='bbox 987 841 1004 860; x_wconf 88' lang='lat'>»</span> <span class='ocrx_word' id='word_1_92' title='bbox 1026 819 1223 878; x_wconf 82' lang='lat' dir='ltr'>intelligo</span> <span class='ocrx_word' id='word_1_93' title='bbox 1246 818 1482 863; x_wconf 78' lang='lat' dir='ltr'>Ecclesiam</span> 
     </span>
     <span class='ocr_line' id='line_1_11' title="bbox 96 888 1485 952; baseline -0.003 -16"><span class='ocrx_word' id='word_1_94' title='bbox 96 902 271 936; x_wconf 79' lang='lat' dir='ltr'>terram.</span> <span class='ocrx_word' id='word_1_95' title='bbox 300 896 397 952; x_wconf 84' lang='lat' dir='ltr'>Ipsa</span> <span class='ocrx_word' id='word_1_96' title='bbox 419 902 481 936; x_wconf 86' lang='grc' dir='ltr'>θεῖ</span> <span class='ocrx_word' id='word_1_97' title='bbox 503 902 615 936; x_wconf 82' lang='lat' dir='ltr'>terra</span> <span class='ocrx_word' id='word_1_98' title='bbox 645 893 790 936; x_wconf 88' lang='lat' dir='ltr'>sitiens</span> <span class='ocrx_word' id='word_1_99' title='bbox 811 927 821 945; x_wconf 83' lang='lat'>,</span> <span class='ocrx_word' id='word_1_100' title='bbox 847 892 934 950; x_wconf 85' lang='lat' dir='ltr'>ipsa</span> <span class='ocrx_word' id='word_1_101' title='bbox 957 899 1020 934; x_wconf 87' lang='grc' dir='ltr'>θεῖ</span> <span class='ocrx_word' id='word_1_102' title='bbox 1050 906 1149 950; x_wconf 83' lang='lat' dir='ltr'>quae</span> <span class='ocrx_word' id='word_1_103' title='bbox 1172 890 1279 933; x_wconf 87' lang='lat' dir='ltr'>dicit</span> <span class='ocrx_word' id='word_1_104' title='bbox 1300 891 1344 933; x_wconf 85' lang='lat' dir='ltr'>in</span> <span class='ocrx_word' id='word_1_105' title='bbox 1363 888 1485 933; x_wconf 83' lang='lat' dir='ltr'>Psal-</span> 
     </span>
     <span class='ocr_line' id='line_1_12' title="bbox 96 962 1484 1022; baseline -0.002 -14"><span class='ocrx_word' id='word_1_106' title='bbox 96 965 199 1022; x_wconf 65' lang='lat' dir='ltr'>mis,</span> <span class='ocrx_word' id='word_1_107' title='bbox 224 980 310 1008; x_wconf 80' lang='lat' dir='ltr'>una</span> <span class='ocrx_word' id='word_1_108' title='bbox 329 965 443 1008; x_wconf 87' lang='lat' dir='ltr'>enim</span> <span class='ocrx_word' id='word_1_109' title='bbox 468 964 574 1008; x_wconf 89' lang='lat' dir='ltr'>dicit</span> <span class='ocrx_word' id='word_1_110' title='bbox 593 979 642 1007; x_wconf 83' lang='lat' dir='ltr'>ex</span> <span class='ocrx_word' id='word_1_111' title='bbox 661 964 890 1007; x_wconf 84' lang='lat' dir='ltr'>omnibus:</span> <span class='ocrx_word' id='word_1_112' title='bbox 913 963 1097 1007; x_wconf 78' lang='lat' dir='ltr'>«Anima</span> <span class='ocrx_word' id='word_1_113' title='bbox 1120 978 1215 1006; x_wconf 85' lang='lat' dir='ltr'>mea</span> <span class='ocrx_word' id='word_1_114' title='bbox 1239 962 1350 1005; x_wconf 88' lang='lat' dir='ltr'>sicut</span> <span class='ocrx_word' id='word_1_115' title='bbox 1372 971 1484 1005; x_wconf 83' lang='lat' dir='ltr'>terra</span> 
     </span>
     <span class='ocr_line' id='line_1_13' title="bbox 98 1031 1483 1094; baseline -0.001 -16"><span class='ocrx_word' id='word_1_116' title='bbox 98 1053 118 1075; x_wconf 86' lang='lat'>»</span> <span class='ocrx_word' id='word_1_117' title='bbox 154 1035 245 1079; x_wconf 73' lang='lat' dir='ltr'>sine.</span> <span class='ocrx_word' id='word_1_118' title='bbox 268 1050 380 1094; x_wconf 79' lang='lat' dir='ltr'>aqua</span> <span class='ocrx_word' id='word_1_119' title='bbox 397 1034 478 1078; x_wconf 86' lang='lat' dir='ltr'>tibi</span> <span class='ocrx_word' id='word_1_120' title='bbox 493 1038 524 1077; x_wconf 73' lang='lat'>¹2.</span> <span class='ocrx_word' id='word_1_121' title='bbox 545 1052 564 1074; x_wconf 61' lang='lat'>³&gt;</span> <span class='ocrx_word' id='word_1_122' title='bbox 587 1033 704 1086; x_wconf 86' lang='lat' dir='ltr'>Quid</span> <span class='ocrx_word' id='word_1_123' title='bbox 726 1042 810 1088; x_wconf 87' lang='lat' dir='ltr'>est,</span> <span class='ocrx_word' id='word_1_124' title='bbox 837 1053 855 1074; x_wconf 90' lang='lat'>«</span> <span class='ocrx_word' id='word_1_125' title='bbox 879 1033 978 1077; x_wconf 86' lang='lat' dir='ltr'>Sine</span> <span class='ocrx_word' id='word_1_126' title='bbox 997 1048 1108 1092; x_wconf 81' lang='lat' dir='ltr'>aqua</span> <span class='ocrx_word' id='word_1_127' title='bbox 1126 1034 1143 1076; x_wconf 76' lang='lat' dir='ltr'>P</span> <span class='ocrx_word' id='word_1_128' title='bbox 1159 1051 1177 1072; x_wconf 74' lang='lat' dir='ltr'>n</span> <span class='ocrx_word' id='word_1_129' title='bbox 1195 1031 1362 1077; x_wconf 84' lang='lat' dir='ltr'>Sitiens.</span> <span class='ocrx_word' id='word_1_130' title='bbox 1381 1032 1483 1077; x_wconf 88' lang='lat' dir='ltr'>«Sic</span> 
     </span>
     <span class='ocr_line' id='line_1_14' title="bbox 98 1102 1483 1163; baseline 0 -18"><span class='ocrx_word' id='word_1_131' title='bbox 98 1123 118 1145; x_wconf 75' lang='lat' dir='ltr'>n</span> <span class='ocrx_word' id='word_1_132' title='bbox 154 1105 242 1148; x_wconf 87' lang='lat' dir='ltr'>sitit</span> <span class='ocrx_word' id='word_1_133' title='bbox 266 1105 409 1148; x_wconf 80' lang='lat' dir='ltr'>anima</span> <span class='ocrx_word' id='word_1_134' title='bbox 424 1119 520 1147; x_wconf 82' lang='lat' dir='ltr'>mea</span> <span class='ocrx_word' id='word_1_135' title='bbox 543 1104 598 1147; x_wconf 82' lang='lat' dir='ltr'>ad</span> <span class='ocrx_word' id='word_1_136' title='bbox 616 1113 657 1147; x_wconf 91' lang='grc' dir='ltr'>ῖθ</span> <span class='ocrx_word' id='word_1_137' title='bbox 674 1139 684 1157; x_wconf 83' lang='grc'>,</span> <span class='ocrx_word' id='word_1_138' title='bbox 709 1112 918 1163; x_wconf 80' lang='lat' dir='ltr'>tanquam</span> <span class='ocrx_word' id='word_1_139' title='bbox 943 1112 1053 1146; x_wconf 86' lang='lat' dir='ltr'>terra</span> <span class='ocrx_word' id='word_1_140' title='bbox 1077 1103 1167 1146; x_wconf 88' lang='lat' dir='ltr'>sine</span> <span class='ocrx_word' id='word_1_141' title='bbox 1190 1117 1326 1161; x_wconf 81' lang='lat' dir='ltr'>aqua:</span> <span class='ocrx_word' id='word_1_142' title='bbox 1355 1120 1374 1142; x_wconf 73' lang='lat' dir='ltr'>n</span> <span class='ocrx_word' id='word_1_143' title='bbox 1401 1102 1483 1145; x_wconf 88' lang='lat' dir='ltr'>nisi</span> 
     </span>
     <span class='ocr_line' id='line_1_15' title="bbox 95 1169 1483 1233; baseline -0.001 -14"><span class='ocrx_word' id='word_1_144' title='bbox 95 1176 209 1219; x_wconf 85' lang='lat' dir='ltr'>enim</span> <span class='ocrx_word' id='word_1_145' title='bbox 244 1175 387 1229; x_wconf 81' lang='lat' dir='ltr'>sitiat,</span> <span class='ocrx_word' id='word_1_146' title='bbox 424 1191 513 1219; x_wconf 89' lang='lat' dir='ltr'>non</span> <span class='ocrx_word' id='word_1_147' title='bbox 542 1184 658 1218; x_wconf 83' lang='lat' dir='ltr'>recte</span> <span class='ocrx_word' id='word_1_148' title='bbox 687 1175 953 1233; x_wconf 82' lang='lat' dir='ltr'>irrigabitur.</span> <span class='ocrx_word' id='word_1_149' title='bbox 983 1174 1151 1218; x_wconf 79' lang='lat' dir='ltr'>Animae</span> <span class='ocrx_word' id='word_1_150' title='bbox 1183 1173 1313 1216; x_wconf 85' lang='lat' dir='ltr'>ebriae</span> <span class='ocrx_word' id='word_1_151' title='bbox 1335 1169 1483 1232; x_wconf 80' lang='lat' dir='ltr'>pluvia</span> 
     </span>
     <span class='ocr_line' id='line_1_16' title="bbox 95 1243 1484 1304; baseline -0.002 -15"><span class='ocrx_word' id='word_1_152' title='bbox 95 1245 308 1289; x_wconf 84' lang='lat' dir='ltr'>diluvium</span> <span class='ocrx_word' id='word_1_153' title='bbox 331 1254 394 1289; x_wconf 80' lang='lat' dir='ltr'>est</span> <span class='ocrx_word' id='word_1_154' title='bbox 410 1281 420 1300; x_wconf 84' lang='lat'>,</span> <span class='ocrx_word' id='word_1_155' title='bbox 447 1245 562 1289; x_wconf 81' lang='lat' dir='ltr'>sitiat</span> <span class='ocrx_word' id='word_1_156' title='bbox 585 1254 770 1304; x_wconf 81' lang='lat' dir='ltr'>oportet.</span> <span class='ocrx_word' id='word_1_157' title='bbox 797 1264 813 1284; x_wconf 91' lang='lat'>«</span> <span class='ocrx_word' id='word_1_158' title='bbox 841 1245 959 1288; x_wconf 76' lang='lat' dir='ltr'>Beati</span> <span class='ocrx_word' id='word_1_159' title='bbox 981 1244 1095 1287; x_wconf 85' lang='lat' dir='ltr'>enim</span> <span class='ocrx_word' id='word_1_160' title='bbox 1120 1244 1195 1303; x_wconf 83' lang='lat' dir='ltr'>qui</span> <span class='ocrx_word' id='word_1_161' title='bbox 1219 1243 1415 1287; x_wconf 86' lang='lat' dir='ltr'>esuriunt</span> <span class='ocrx_word' id='word_1_162' title='bbox 1441 1253 1484 1287; x_wconf 89' lang='lat' dir='ltr'>et</span> 
     </span>
     <span class='ocr_line' id='line_1_17' title="bbox 101 1315 1483 1376; baseline 0 -18"><span class='ocrx_word' id='word_1_163' title='bbox 101 1337 118 1357; x_wconf 92' lang='lat'>»</span> <span class='ocrx_word' id='word_1_164' title='bbox 153 1317 304 1360; x_wconf 87' lang='lat' dir='ltr'>sitiunt</span> <span class='ocrx_word' id='word_1_165' title='bbox 319 1316 531 1376; x_wconf 79' lang='lat' dir='ltr'>justitiam</span> <span class='ocrx_word' id='word_1_166' title='bbox 548 1317 561 1341; x_wconf 77' lang='lat'><strong>3</strong></span> <span class='ocrx_word' id='word_1_167' title='bbox 589 1335 598 1359; x_wconf 80' lang='lat'>2</span> <span class='ocrx_word' id='word_1_168' title='bbox 628 1335 646 1356; x_wconf 67' lang='grc' dir='ltr'>ι)</span> <span class='ocrx_word' id='word_1_169' title='bbox 674 1325 716 1360; x_wconf 88' lang='grc' dir='ltr'>θῖ</span> <span class='ocrx_word' id='word_1_170' title='bbox 743 1315 859 1360; x_wconf 81' lang='lat' dir='ltr'>dicat</span> <span class='ocrx_word' id='word_1_171' title='bbox 882 1335 890 1359; x_wconf 89' lang='lat'>:</span> <span class='ocrx_word' id='word_1_172' title='bbox 927 1334 947 1356; x_wconf 86' lang='lat'>«</span> <span class='ocrx_word' id='word_1_173' title='bbox 971 1315 1126 1359; x_wconf 78' lang='lat' dir='ltr'>Anima</span> <span class='ocrx_word' id='word_1_174' title='bbox 1156 1330 1250 1358; x_wconf 79' lang='lat' dir='ltr'>mea</span> <span class='ocrx_word' id='word_1_175' title='bbox 1273 1324 1483 1374; x_wconf 78' lang='lat' dir='ltr'>tanquam</span> 
     </span>
     <span class='ocr_line' id='line_1_18' title="bbox 97 1384 1485 1446; baseline -0.001 -16"><span class='ocrx_word' id='word_1_176' title='bbox 97 1405 117 1427; x_wconf 84' lang='lat'>»</span> <span class='ocrx_word' id='word_1_177' title='bbox 153 1396 266 1431; x_wconf 85' lang='lat' dir='ltr'>terra</span> <span class='ocrx_word' id='word_1_178' title='bbox 297 1387 388 1430; x_wconf 86' lang='lat' dir='ltr'>sine</span> <span class='ocrx_word' id='word_1_179' title='bbox 411 1403 521 1446; x_wconf 78' lang='lat' dir='ltr'>aqua</span> <span class='ocrx_word' id='word_1_180' title='bbox 543 1386 624 1430; x_wconf 86' lang='lat' dir='ltr'>tibi</span> <span class='ocrx_word' id='word_1_181' title='bbox 647 1405 654 1430; x_wconf 90' lang='lat'>:</span> <span class='ocrx_word' id='word_1_182' title='bbox 683 1405 702 1427; x_wconf 64' lang='grc' dir='ltr'>η</span> <span class='ocrx_word' id='word_1_183' title='bbox 729 1387 829 1446; x_wconf 83' lang='lat' dir='ltr'>quia</span> <span class='ocrx_word' id='word_1_184' title='bbox 850 1385 955 1429; x_wconf 88' lang='lat' dir='ltr'>dicit</span> <span class='ocrx_word' id='word_1_185' title='bbox 978 1384 1108 1430; x_wconf 82' lang='lat' dir='ltr'>alibi:</span> <span class='ocrx_word' id='word_1_186' title='bbox 1134 1405 1150 1424; x_wconf 87' lang='lat'>‹&lt;</span> <span class='ocrx_word' id='word_1_187' title='bbox 1177 1386 1319 1430; x_wconf 87' lang='lat' dir='ltr'>Sitivit</span> <span class='ocrx_word' id='word_1_188' title='bbox 1342 1385 1485 1429; x_wconf 83' lang='lat' dir='ltr'>anima</span> 
     </span>
     <span class='ocr_line' id='line_1_19' title="bbox 97 1454 1483 1514; baseline 0 -16"><span class='ocrx_word' id='word_1_189' title='bbox 97 1475 117 1498; x_wconf 87' lang='lat'>»</span> <span class='ocrx_word' id='word_1_190' title='bbox 153 1473 248 1501; x_wconf 86' lang='lat' dir='ltr'>mea</span> <span class='ocrx_word' id='word_1_191' title='bbox 270 1458 315 1500; x_wconf 89' lang='lat' dir='ltr'>in</span> <span class='ocrx_word' id='word_1_192' title='bbox 338 1461 474 1500; x_wconf 87' lang='lat' dir='ltr'>Deum</span> <span class='ocrx_word' id='word_1_193' title='bbox 500 1457 690 1501; x_wconf 69' lang='lat' dir='ltr'>vivum4.</span> <span class='ocrx_word' id='word_1_194' title='bbox 722 1475 741 1497; x_wconf 87' lang='lat'>»</span> <span class='ocrx_word' id='word_1_195' title='bbox 770 1459 944 1500; x_wconf 78' lang='lat' dir='ltr'>Terram</span> <span class='ocrx_word' id='word_1_196' title='bbox 969 1471 1069 1513; x_wconf 80' lang='lat' dir='ltr'>ergo</span> <span class='ocrx_word' id='word_1_197' title='bbox 1103 1455 1301 1514; x_wconf 85' lang='lat' dir='ltr'>intelligo</span> <span class='ocrx_word' id='word_1_198' title='bbox 1329 1454 1483 1499; x_wconf 87' lang='lat' dir='ltr'>Eccle-</span> 
     </span>
     <span class='ocr_line' id='line_1_20' title="bbox 94 1524 1483 1587; baseline -0.002 -16"><span class='ocrx_word' id='word_1_199' title='bbox 94 1528 215 1572; x_wconf 79' lang='lat' dir='ltr'>siam.</span> <span class='ocrx_word' id='word_1_200' title='bbox 241 1530 349 1581; x_wconf 86' lang='lat' dir='ltr'>Quae</span> <span class='ocrx_word' id='word_1_201' title='bbox 373 1537 436 1571; x_wconf 88' lang='grc' dir='ltr'>θεῖ</span> <span class='ocrx_word' id='word_1_202' title='bbox 455 1528 633 1571; x_wconf 82' lang='lat' dir='ltr'>firmitas</span> <span class='ocrx_word' id='word_1_203' title='bbox 657 1528 746 1587; x_wconf 82' lang='lat' dir='ltr'>ejus</span> <span class='ocrx_word' id='word_1_204' title='bbox 761 1562 772 1581; x_wconf 81' lang='lat'>,</span> <span class='ocrx_word' id='word_1_205' title='bbox 793 1542 922 1585; x_wconf 86' lang='lat' dir='ltr'>super</span> <span class='ocrx_word' id='word_1_206' title='bbox 945 1541 1075 1586; x_wconf 80' lang='lat' dir='ltr'>quam</span> <span class='ocrx_word' id='word_1_207' title='bbox 1095 1524 1275 1569; x_wconf 81' lang='lat' dir='ltr'>fundata</span> <span class='ocrx_word' id='word_1_208' title='bbox 1299 1535 1376 1580; x_wconf 81' lang='lat' dir='ltr'>est,</span> <span class='ocrx_word' id='word_1_209' title='bbox 1403 1526 1483 1569; x_wconf 89' lang='lat' dir='ltr'>nisi</span> 
     </span>
     <span class='ocr_line' id='line_1_21' title="bbox 93 1594 1484 1657; baseline -0.002 -15"><span class='ocrx_word' id='word_1_210' title='bbox 93 1597 434 1642; x_wconf 80' lang='lat' dir='ltr'>fundamentum</span> <span class='ocrx_word' id='word_1_211' title='bbox 465 1599 589 1657; x_wconf 77' lang='lat' dir='ltr'>ejus?</span> <span class='ocrx_word' id='word_1_212' title='bbox 623 1600 691 1641; x_wconf 81' lang='lat' dir='ltr'>An</span> <span class='ocrx_word' id='word_1_213' title='bbox 719 1597 959 1655; x_wconf 82' lang='lat' dir='ltr'>incongrue</span> <span class='ocrx_word' id='word_1_214' title='bbox 990 1594 1274 1654; x_wconf 82' lang='lat' dir='ltr'>intelligimus</span> <span class='ocrx_word' id='word_1_215' title='bbox 1301 1596 1484 1640; x_wconf 78' lang='lat' dir='ltr'>firmita-</span> 
     </span>
     <span class='ocr_line' id='line_1_22' title="bbox 93 1666 1484 1728; baseline -0.001 -16"><span class='ocrx_word' id='word_1_216' title='bbox 93 1679 180 1713; x_wconf 89' lang='lat' dir='ltr'>tem</span> <span class='ocrx_word' id='word_1_217' title='bbox 197 1704 208 1723; x_wconf 83' lang='lat'>,</span> <span class='ocrx_word' id='word_1_218' title='bbox 248 1684 377 1728; x_wconf 84' lang='lat' dir='ltr'>super</span> <span class='ocrx_word' id='word_1_219' title='bbox 411 1684 544 1728; x_wconf 83' lang='lat' dir='ltr'>quam</span> <span class='ocrx_word' id='word_1_220' title='bbox 572 1668 754 1712; x_wconf 82' lang='lat' dir='ltr'>fundata</span> <span class='ocrx_word' id='word_1_221' title='bbox 790 1678 851 1711; x_wconf 87' lang='grc' dir='ltr'>θεῖ</span> <span class='ocrx_word' id='word_1_222' title='bbox 880 1677 992 1711; x_wconf 86' lang='lat' dir='ltr'>terra</span> <span class='ocrx_word' id='word_1_223' title='bbox 1010 1703 1020 1721; x_wconf 77' lang='lat'><strong>‚</strong></span> <span class='ocrx_word' id='word_1_224' title='bbox 1045 1666 1383 1711; x_wconf 83' lang='lat' dir='ltr'>fundamentum</span> <span class='ocrx_word' id='word_1_225' title='bbox 1405 1667 1484 1711; x_wconf 87' lang='lat' dir='ltr'>ubi</span> 
     </span>
     <span class='ocr_line' id='line_1_23' title="bbox 93 1736 1484 1792; baseline -0.002 -9"><span class='ocrx_word' id='word_1_226' title='bbox 93 1739 329 1784; x_wconf 80' lang='lat' dir='ltr'>constituta</span> <span class='ocrx_word' id='word_1_227' title='bbox 367 1747 429 1782; x_wconf 84' lang='lat' dir='ltr'>est</span> <span class='ocrx_word' id='word_1_228' title='bbox 461 1738 686 1783; x_wconf 82' lang='lat' dir='ltr'>Ecclesia?</span> <span class='ocrx_word' id='word_1_229' title='bbox 715 1739 841 1792; x_wconf 87' lang='lat' dir='ltr'>Quod</span> <span class='ocrx_word' id='word_1_230' title='bbox 875 1751 938 1782; x_wconf 85' lang='grc' dir='ltr'>θεῖ</span> <span class='ocrx_word' id='word_1_231' title='bbox 969 1737 1079 1781; x_wconf 89' lang='lat' dir='ltr'>illud</span> <span class='ocrx_word' id='word_1_232' title='bbox 1112 1736 1484 1781; x_wconf 74' lang='lat' dir='ltr'>fundamentum?</span> 
     </span>
     <span class='ocr_line' id='line_1_24' title="bbox 98 1809 1483 1868; baseline 0 -17"><span class='ocrx_word' id='word_1_233' title='bbox 98 1828 117 1851; x_wconf 91' lang='lat'>«</span> <span class='ocrx_word' id='word_1_234' title='bbox 154 1809 537 1862; x_wconf 86' lang='lat' dir='ltr'>Fundamentum,</span> <span class='ocrx_word' id='word_1_235' title='bbox 572 1809 740 1868; x_wconf 82' lang='lat' dir='ltr'>inquit,</span> <span class='ocrx_word' id='word_1_236' title='bbox 773 1824 903 1852; x_wconf 88' lang='lat' dir='ltr'>nemo</span> <span class='ocrx_word' id='word_1_237' title='bbox 941 1816 1083 1867; x_wconf 85' lang='lat' dir='ltr'>potest</span> <span class='ocrx_word' id='word_1_238' title='bbox 1111 1822 1273 1867; x_wconf 88' lang='lat' dir='ltr'>ponere</span> <span class='ocrx_word' id='word_1_239' title='bbox 1301 1817 1483 1867; x_wconf 80' lang='lat' dir='ltr'>praeter-</span> 
     </span>
     <span class='ocr_line' id='line_1_25' title="bbox 97 1878 1483 1940; baseline 0.001 -19"><span class='ocrx_word' id='word_1_240' title='bbox 97 1898 117 1921; x_wconf 90' lang='lat'>»</span> <span class='ocrx_word' id='word_1_241' title='bbox 155 1895 284 1940; x_wconf 76' lang='lat' dir='ltr'>quam</span> <span class='ocrx_word' id='word_1_242' title='bbox 304 1879 424 1939; x_wconf 83' lang='lat' dir='ltr'>quod</span> <span class='ocrx_word' id='word_1_243' title='bbox 446 1879 638 1938; x_wconf 85' lang='lat' dir='ltr'>positum</span> <span class='ocrx_word' id='word_1_244' title='bbox 659 1888 737 1932; x_wconf 78' lang='lat' dir='ltr'>est,</span> <span class='ocrx_word' id='word_1_245' title='bbox 755 1878 875 1938; x_wconf 86' lang='lat' dir='ltr'>quod</span> <span class='ocrx_word' id='word_1_246' title='bbox 896 1888 959 1922; x_wconf 88' lang='grc' dir='ltr'>θεῖ</span> <span class='ocrx_word' id='word_1_247' title='bbox 979 1878 1175 1923; x_wconf 87' lang='lat' dir='ltr'>Christus</span> <span class='ocrx_word' id='word_1_248' title='bbox 1197 1881 1319 1922; x_wconf 87' lang='lat' dir='ltr'>Jesus</span> <span class='ocrx_word' id='word_1_249' title='bbox 1337 1881 1397 1922; x_wconf 70' lang='grc'>5.»</span> <span class='ocrx_word' id='word_1_250' title='bbox 1417 1879 1483 1922; x_wconf 83' lang='lat' dir='ltr'>lbi</span> 
     </span>
     <span class='ocr_line' id='line_1_26' title="bbox 95 1948 1483 2009; baseline -0.001 -15"><span class='ocrx_word' id='word_1_251' title='bbox 95 1965 195 2007; x_wconf 82' lang='lat' dir='ltr'>ergo</span> <span class='ocrx_word' id='word_1_252' title='bbox 217 1950 374 1993; x_wconf 79' lang='lat' dir='ltr'>firmati</span> <span class='ocrx_word' id='word_1_253' title='bbox 392 1964 555 1992; x_wconf 68' lang='lat' dir='ltr'>sumus</span> <span class='ocrx_word' id='word_1_254' title='bbox 588 1950 745 1993; x_wconf 82' lang='lat' dir='ltr'>Merito</span> <span class='ocrx_word' id='word_1_255' title='bbox 766 1949 867 2009; x_wconf 84' lang='lat' dir='ltr'>quia</span> <span class='ocrx_word' id='word_1_256' title='bbox 899 1949 961 1992; x_wconf 85' lang='lat' dir='ltr'>ibi</span> <span class='ocrx_word' id='word_1_257' title='bbox 983 1949 1164 2002; x_wconf 86' lang='lat' dir='ltr'>firmati,</span> <span class='ocrx_word' id='word_1_258' title='bbox 1190 1964 1279 1993; x_wconf 93' lang='lat' dir='ltr'>non</span> <span class='ocrx_word' id='word_1_259' title='bbox 1296 1948 1483 1993; x_wconf 86' lang='lat' dir='ltr'>inclina-</span> 
     </span>
     <span class='ocr_line' id='line_1_27' title="bbox 93 2017 1484 2064; baseline 0 0"><span class='ocrx_word' id='word_1_260' title='bbox 93 2021 240 2064; x_wconf 85' lang='lat' dir='ltr'>bimur</span> <span class='ocrx_word' id='word_1_261' title='bbox 258 2020 304 2063; x_wconf 87' lang='lat' dir='ltr'>in</span> <span class='ocrx_word' id='word_1_262' title='bbox 323 2019 531 2064; x_wconf 67' lang='lat' dir='ltr'>saeculum</span> <span class='ocrx_word' id='word_1_263' title='bbox 555 2019 702 2064; x_wconf 81' lang='lat' dir='ltr'>saeculi</span> <span class='ocrx_word' id='word_1_264' title='bbox 729 2040 737 2064; x_wconf 92' lang='lat'><strong>:</strong></span> <span class='ocrx_word' id='word_1_265' title='bbox 763 2019 873 2064; x_wconf 89' lang='lat' dir='ltr'>nihil</span> <span class='ocrx_word' id='word_1_266' title='bbox 896 2020 1011 2063; x_wconf 87' lang='lat' dir='ltr'>enim</span> <span class='ocrx_word' id='word_1_267' title='bbox 1034 2017 1198 2063; x_wconf 86' lang='lat' dir='ltr'>firmius</span> <span class='ocrx_word' id='word_1_268' title='bbox 1218 2019 1300 2063; x_wconf 85' lang='lat' dir='ltr'>isto</span> <span class='ocrx_word' id='word_1_269' title='bbox 1323 2018 1484 2064; x_wconf 79' lang='lat' dir='ltr'>funda-</span> 
     </span>
     <span class='ocr_line' id='line_1_28' title="bbox 92 2089 1482 2145; baseline 0.001 -11"><span class='ocrx_word' id='word_1_270' title='bbox 92 2099 255 2135; x_wconf 87' lang='lat' dir='ltr'>mento.</span> <span class='ocrx_word' id='word_1_271' title='bbox 290 2091 492 2134; x_wconf 86' lang='lat' dir='ltr'>Infirmus</span> <span class='ocrx_word' id='word_1_272' title='bbox 523 2100 571 2133; x_wconf 87' lang='lat' dir='ltr'>tu</span> <span class='ocrx_word' id='word_1_273' title='bbox 606 2106 719 2145; x_wconf 81' lang='lat' dir='ltr'>eras,</span> <span class='ocrx_word' id='word_1_274' title='bbox 756 2089 830 2133; x_wconf 89' lang='lat' dir='ltr'>sed</span> <span class='ocrx_word' id='word_1_275' title='bbox 863 2091 1036 2134; x_wconf 82' lang='lat' dir='ltr'>firmum</span> <span class='ocrx_word' id='word_1_276' title='bbox 1069 2090 1406 2135; x_wconf 77' lang='lat' dir='ltr'>fundamentum</span> <span class='ocrx_word' id='word_1_277' title='bbox 1439 2101 1482 2135; x_wconf 89' lang='lat' dir='ltr'>te</span> 
     </span>
     <span class='ocr_line' id='line_1_29' title="bbox 93 2161 1480 2221; baseline -0.001 -16"><span class='ocrx_word' id='word_1_278' title='bbox 93 2171 251 2221; x_wconf 79' lang='lat' dir='ltr'>portat.</span> <span class='ocrx_word' id='word_1_279' title='bbox 277 2164 328 2204; x_wconf 84' lang='lat' dir='ltr'>In</span> <span class='ocrx_word' id='word_1_280' title='bbox 346 2170 389 2204; x_wconf 90' lang='lat' dir='ltr'>te</span> <span class='ocrx_word' id='word_1_281' title='bbox 411 2161 561 2206; x_wconf 85' lang='lat' dir='ltr'>firmus</span> <span class='ocrx_word' id='word_1_282' title='bbox 588 2176 676 2204; x_wconf 75' lang='lat' dir='ltr'>esse</span> <span class='ocrx_word' id='word_1_283' title='bbox 695 2176 782 2205; x_wconf 89' lang='lat' dir='ltr'>non</span> <span class='ocrx_word' id='word_1_284' title='bbox 801 2169 996 2219; x_wconf 80' lang='lat' dir='ltr'>poteras:</span> <span class='ocrx_word' id='word_1_285' title='bbox 1023 2161 1173 2208; x_wconf 88' lang='lat' dir='ltr'>firmus</span> <span class='ocrx_word' id='word_1_286' title='bbox 1196 2161 1276 2204; x_wconf 85' lang='lat' dir='ltr'>eris</span> <span class='ocrx_word' id='word_1_287' title='bbox 1295 2176 1480 2220; x_wconf 82' lang='lat' dir='ltr'>semper,</span> 
     </span>
     <span class='ocr_line' id='line_1_30' title="bbox 93 2231 1483 2276; baseline 0 0"><span class='ocrx_word' id='word_1_288' title='bbox 93 2233 127 2276; x_wconf 91' lang='lat' dir='ltr'>si</span> <span class='ocrx_word' id='word_1_289' title='bbox 144 2232 198 2275; x_wconf 83' lang='lat' dir='ltr'>ab</span> <span class='ocrx_word' id='word_1_290' title='bbox 221 2231 296 2276; x_wconf 88' lang='lat' dir='ltr'>illo</span> <span class='ocrx_word' id='word_1_291' title='bbox 314 2232 438 2275; x_wconf 83' lang='lat' dir='ltr'>firmo</span> <span class='ocrx_word' id='word_1_292' title='bbox 456 2231 746 2276; x_wconf 79' lang='lat' dir='ltr'>fundamento</span> <span class='ocrx_word' id='word_1_293' title='bbox 768 2248 856 2275; x_wconf 92' lang='lat' dir='ltr'>non</span> <span class='ocrx_word' id='word_1_294' title='bbox 879 2231 1067 2276; x_wconf 78' lang='lat' dir='ltr'>recedas.</span> <span class='ocrx_word' id='word_1_295' title='bbox 1099 2251 1118 2273; x_wconf 89' lang='lat'>«</span> <span class='ocrx_word' id='word_1_296' title='bbox 1140 2235 1237 2276; x_wconf 89' lang='lat' dir='ltr'>Non</span> <span class='ocrx_word' id='word_1_297' title='bbox 1258 2231 1483 2276; x_wconf 82' lang='lat' dir='ltr'>inclinabi-</span> 
     </span>
     <span class='ocr_line' id='line_1_31' title="bbox 95 2301 1480 2363; baseline 0.001 -18"><span class='ocrx_word' id='word_1_298' title='bbox 95 2323 115 2345; x_wconf 85' lang='lat'>»</span> <span class='ocrx_word' id='word_1_299' title='bbox 151 2313 224 2346; x_wconf 89' lang='lat' dir='ltr'>tur</span> <span class='ocrx_word' id='word_1_300' title='bbox 244 2303 289 2346; x_wconf 90' lang='lat' dir='ltr'>in</span> <span class='ocrx_word' id='word_1_301' title='bbox 311 2302 516 2346; x_wconf 66' lang='lat' dir='ltr'>saeculum</span> <span class='ocrx_word' id='word_1_302' title='bbox 539 2303 700 2347; x_wconf 77' lang='lat' dir='ltr'>saeculi.</span> <span class='ocrx_word' id='word_1_303' title='bbox 722 2325 736 2343; x_wconf 86' lang='lat'>»</span> <span class='ocrx_word' id='word_1_304' title='bbox 755 2306 850 2363; x_wconf 78' lang='lat' dir='ltr'>Ipsa</span> <span class='ocrx_word' id='word_1_305' title='bbox 873 2313 936 2348; x_wconf 91' lang='grc' dir='ltr'>θεῖ</span> <span class='ocrx_word' id='word_1_306' title='bbox 952 2302 1256 2363; x_wconf 70' lang='lat' dir='ltr'>praedestinata</span> <span class='ocrx_word' id='word_1_307' title='bbox 1277 2301 1480 2347; x_wconf 84' lang='lat' dir='ltr'>columna</span> 
     </span>
     <span class='ocr_line' id='line_1_32' title="bbox 93 2373 742 2418; baseline -0.002 0"><span class='ocrx_word' id='word_1_308' title='bbox 93 2383 135 2418; x_wconf 91' lang='grc' dir='ltr'>θῖ</span> <span class='ocrx_word' id='word_1_309' title='bbox 156 2374 484 2417; x_wconf 82' lang='lat' dir='ltr'>firmamentum</span> <span class='ocrx_word' id='word_1_310' title='bbox 502 2373 693 2417; x_wconf 82' lang='lat' dir='ltr'>veritatis</span> <span class='ocrx_word' id='word_1_311' title='bbox 711 2376 742 2417; x_wconf 73' lang='lat'>⁰.</span> 
     </span>
    </p>
   </div>
   <div class='ocr_carea' id='block_1_3' title="bbox 96 2459 1469 2563">
    <p class='ocr_par' dir='ltr' id='par_1_3' title="bbox 96 2459 1469 2563">
     <span class='ocr_line' id='line_1_33' title="bbox 142 2459 1469 2510; baseline 0 -11"><span class='ocrx_word' id='word_1_312' title='bbox 142 2475 150 2489; x_wconf 95' lang='lat'><em>¹</em></span> <span class='ocrx_word' id='word_1_313' title='bbox 173 2468 253 2500; x_wconf 80' lang='lat' dir='ltr'>Psal.</span> <span class='ocrx_word' id='word_1_314' title='bbox 274 2480 355 2510; x_wconf 73' lang='lat' dir='ltr'>xxm,</span> <span class='ocrx_word' id='word_1_315' title='bbox 379 2481 406 2501; x_wconf 85' lang='lat'>1.</span> <span class='ocrx_word' id='word_1_316' title='bbox 427 2486 469 2491; x_wconf 92' lang='lat'>—</span> <span class='ocrx_word' id='word_1_317' title='bbox 488 2476 502 2491; x_wconf 84' lang='lat'><em>2</em></span> <span class='ocrx_word' id='word_1_318' title='bbox 523 2470 569 2501; x_wconf 85' lang='lat' dir='ltr'>Id.</span> <span class='ocrx_word' id='word_1_319' title='bbox 592 2480 691 2508; x_wconf 69' lang='lat' dir='ltr'>extu,</span> <span class='ocrx_word' id='word_1_320' title='bbox 711 2468 742 2501; x_wconf 85' lang='grc'>6.</span> <span class='ocrx_word' id='word_1_321' title='bbox 778 2486 803 2491; x_wconf 93' lang='grc'>-</span> <span class='ocrx_word' id='word_1_322' title='bbox 833 2467 845 2491; x_wconf 87' lang='lat'>3</span> <span class='ocrx_word' id='word_1_323' title='bbox 869 2467 1037 2509; x_wconf 74' lang='lat' dir='ltr'>Mattl1.v,</span> <span class='ocrx_word' id='word_1_324' title='bbox 1057 2468 1090 2499; x_wconf 81' lang='lat'>6.</span> <span class='ocrx_word' id='word_1_325' title='bbox 1111 2485 1152 2489; x_wconf 89' lang='lat'>—</span> <span class='ocrx_word' id='word_1_326' title='bbox 1172 2459 1188 2489; x_wconf 74' lang='lat'>4</span> <span class='ocrx_word' id='word_1_327' title='bbox 1203 2467 1282 2499; x_wconf 65' lang='lat' dir='ltr'>Psal.</span> <span class='ocrx_word' id='word_1_328' title='bbox 1307 2478 1368 2507; x_wconf 72' lang='lat' dir='ltr'>xm,</span> <span class='ocrx_word' id='word_1_329' title='bbox 1386 2468 1415 2499; x_wconf 83' lang='lat'>3.</span> <span class='ocrx_word' id='word_1_330' title='bbox 1436 2483 1469 2491; x_wconf 84' lang='lat'>·—-</span> 
     </span>
     <span class='ocr_line' id='line_1_34' title="bbox 96 2522 726 2563; baseline 0 -8"><span class='ocrx_word' id='word_1_331' title='bbox 96 2522 110 2546; x_wconf 84' lang='lat'><em>5</em></span> <span class='ocrx_word' id='word_1_332' title='bbox 132 2535 144 2555; x_wconf 82' lang='lat'>1</span> <span class='ocrx_word' id='word_1_333' title='bbox 167 2525 236 2556; x_wconf 76' lang='lat' dir='ltr'>Corv</span> <span class='ocrx_word' id='word_1_334' title='bbox 255 2535 299 2563; x_wconf 84' lang='grc' dir='ltr'><strong>ιιι,</strong></span> <span class='ocrx_word' id='word_1_335' title='bbox 318 2536 368 2556; x_wconf 84' lang='grc' dir='ltr'>ιι.</span> <span class='ocrx_word' id='word_1_336' title='bbox 387 2541 426 2547; x_wconf 87' lang='lat'>-</span> <span class='ocrx_word' id='word_1_337' title='bbox 444 2522 459 2546; x_wconf 75' lang='lat'>⁶</span> <span class='ocrx_word' id='word_1_338' title='bbox 481 2526 654 2562; x_wconf 69' lang='lat' dir='ltr'>1Tim.1n‚</span> <span class='ocrx_word' id='word_1_339' title='bbox 676 2523 726 2555; x_wconf 78' lang='lat'>15.</span> 
     </span>
    </p>
   </div>
  </div>
 </body>
</html>
