1848 3261
436 255 519 296 172
869 266 902 294 ε.
938 262 1168 294 meusium
1199 265 1380 295 muscom

433 342 512 388 est,
532 332 734 378 observat
752 331 1004 378 calcaneum
1027 333 1180 377 tuum?
1201 332 1384 385 Quando
1405 329 1563 376 labaris
1585 347 1608 376 a
1628 331 1697 376 via
1719 332 1812 376 Dei.

433 406 501 447 Tu
525 403 724 448 observas
751 404 936 462 primam
962 402 1297 462 suggestionem,
1325 401 1397 446 ille
1421 402 1622 447 observat
1646 401 1817 461 lapsum

431 482 574 518 tuum.
599 474 642 519 Si
665 474 780 517 enim
805 473 950 532 lapsus
978 472 1125 528 fueris,
1151 471 1277 517 cades
1296 492 1306 528 3
1326 472 1360 516 si
1377 471 1598 528 cecideris,
1622 471 1819 532 posside-

431 544 513 589 bit.
535 546 592 589 Ut
607 535 751 587 autem
767 559 857 588 non
874 543 1016 599 cadas,
1040 542 1131 588 noli
1154 543 1267 586 exire
1290 542 1344 586 de
1368 542 1452 586 via.
1478 545 1719 601 Angustam
1737 542 1819 586 tibi

431 615 629 659 semitam
652 613 801 658 stravit
822 616 962 659 Deus:
984 612 1202 674 quidquid
1213 622 1331 657 extra
1347 612 1483 668 illam,
1503 613 1723 658 lubricum
1736 621 1815 658 est.

431 689 665 745 Propterea
686 684 836 728 lumen
859 693 922 728 est
941 686 1164 740 Christus,
1194 693 1238 729 et
1258 685 1328 729 via
1349 693 1414 729 est
1432 684 1644 730 Christus.
1674 703 1695 727 ι(
1715 687 1821 729 Erat

433 774 454 797 υ
489 755 639 800 lumen
660 770 813 799 verum
835 755 956 815 quod
973 755 1193 799 illuminat
1210 770 1385 799 omnem
1406 755 1628 799 hominem
1645 754 1820 799 venien-

434 844 455 868 »
490 835 578 870 tem
596 826 641 869 in
657 826 776 870 hune
796 824 1056 869 mundum1.
1072 843 1092 866 »
1113 828 1186 880 Et,
1213 843 1233 867 «
1253 828 1346 883 Ego
1368 841 1464 870 sum
1485 825 1570 880 via,
1585 834 1629 869 et
1644 826 1816 880 veritas,

435 914 457 938 »
493 906 536 940 et
559 897 690 941 vita2.
720 915 740 938 »
768 900 850 941 Per
869 912 941 940 me
961 897 1010 951 is,
1036 896 1092 940 ad
1109 895 1243 940 meis.
1272 896 1315 941 Si
1336 911 1439 955 ergo
1453 897 1543 956 ipse
1566 905 1629 940 est
1649 895 1817 950 lumen,

431 967 586 1027 etipse
611 976 674 1011 est
707 966 799 1024 via,
825 967 857 1011 si
889 967 943 1011 ab
967 966 1042 1011 illo
1069 966 1318 1021 recesseris,
1345 982 1425 1010 nec
1458 967 1504 1010 in
1526 965 1692 1010 lumine
1721 966 1818 1021 cris,

431 1053 512 1090 nec
533 1038 579 1081 in
595 1037 678 1081 via.
703 1040 760 1081 Et
780 1036 889 1096 quid
910 1046 952 1081 te
971 1037 1194 1097 sequitur?
1209 1037 1338 1090 Quod
1354 1037 1460 1080 dicit
1481 1035 1535 1081 de
1556 1036 1699 1096 impiis
1720 1036 1821 1096 qui·-

431 1107 532 1152 dam
556 1108 751 1153 Psalmus
773 1127 782 1153 2
814 1127 833 1150 «
859 1108 956 1152 Fiat
978 1108 1045 1152 via
1067 1107 1244 1152 illorum
1262 1107 1454 1151 tenebrae
1472 1115 1514 1151 et
1531 1105 1816 1151 lubricumss.»

491 1182 591 1223 VII.
619 1180 699 1224 Hic
722 1195 826 1238 ergo
848 1180 1000 1234 draco,
1028 1179 1233 1239 antiquus
1256 1179 1390 1223 hostis
1413 1187 1580 1233 noster,
1605 1178 1668 1222 ira
1690 1176 1822 1222 fervi-

433 1249 529 1303 dus,
560 1249 725 1294 insidiis
748 1259 930 1304 astutus,
950 1250 995 1293 in
1011 1250 1119 1293 mari
1135 1264 1295 1308 magno
1313 1258 1391 1293 est.
1414 1268 1433 1290 «
1454 1254 1587 1293 Draco
1599 1249 1670 1292 hic
1688 1263 1820 1308 quem

433 1338 454 1361 >›
490 1321 651 1364 finxisti
674 1320 729 1364 ad
750 1320 1026 1364 illudendum
1047 1321 1099 1363 ei.
1131 1339 1148 1360 »
1171 1323 1267 1363 Jam
1295 1328 1344 1363 tu
1369 1319 1505 1363 illude
1527 1319 1705 1364 draconi
1730 1318 1820 1364 :ad

432 1391 516 1434 hoc
530 1390 646 1434 enim
667 1391 738 1433 hic
759 1390 900 1435 factus
923 1399 986 1434 est
1003 1389 1149 1433 draco.
1172 1392 1269 1448 Ipse
1292 1388 1450 1433 cadens
1470 1398 1647 1448 peccato
1664 1404 1742 1433 suo
1765 1389 1820 1433 de

432 1460 608 1504 sublimi
636 1461 902 1505 habitatione
930 1459 1159 1514 coelorum,
1185 1469 1227 1503 ct
1249 1475 1298 1503 ex
1316 1459 1482 1517 Angelo
1500 1459 1639 1504 factus
1662 1459 1818 1504 diabo-

432 1530 515 1586 lus,
542 1530 957 1590 accepitquemdam
977 1530 1124 1574 locum
1147 1545 1275 1573 suum
1296 1530 1341 1573 in
1362 1531 1446 1574 hoc
1467 1530 1576 1574 mari
1594 1545 1753 1589 magno
1776 1539 1820 1574 et

432 1602 633 1661 spatioso.
655 1603 861 1660 Regnum
877 1603 966 1661 ejus
995 1601 1115 1661 quod
1134 1610 1283 1661 putas,
1309 1617 1453 1646 carcer
1476 1603 1566 1661 ejus
1589 1610 1666 1645 est.
1688 1600 1818 1645 Multi

432 1673 548 1716 enim
571 1672 740 1726 dicunt,
775 1676 918 1726 Quare
940 1681 1104 1716 tantam
1128 1681 1386 1731 potestatem
1411 1672 1610 1716 diabolus
1633 1672 1814 1732 accepit,

431 1752 480 1787 ut
502 1743 751 1787 dominetur
782 1743 827 1786 in
856 1744 937 1787 isto
971 1742 1152 1798 saeculo,
1194 1752 1236 1786 et
1266 1751 1436 1786 tantum
1460 1743 1618 1797 valeat,
1644 1752 1817 1787 tantum

429 1814 589 1874 possit?
613 1818 832 1867 Quantum
850 1814 979 1867 valet,
1006 1823 1079 1858 aut
1103 1823 1315 1875 quantum
1336 1817 1503 1873 potest?
1522 1814 1611 1859 Nisi
1632 1814 1815 1874 permis-

431 1900 517 1939 sus,
540 1884 649 1928 nihil
672 1894 826 1943 potest.
863 1888 928 1929 Tu
955 1885 1014 1928 sic
1032 1900 1125 1943 age,
1154 1900 1209 1929 ne
1235 1885 1512 1944 permittatur
1529 1885 1574 1928 in
1591 1893 1659 1942 te3
1686 1893 1760 1929 aut
1782 1885 1816 1929 si

429 1955 661 2015 permissus
685 1955 818 1999 fuerit
840 1955 894 1999 ad
920 1955 1203 2009 tentandum,
1242 1955 1379 2000 victus
1409 1955 1629 2011 abscedat,
1662 1965 1704 2000 et
1726 1971 1815 2000 non

429 2025 658 2085 possideat.
702 2026 935 2069 Permissus
969 2035 1032 2070 est
1075 2025 1190 2068 enim
1233 2024 1287 2069 ad
1332 2024 1564 2069 tentandos
1602 2026 1815 2086 quosdam

430 2105 599 2140 sanctos
621 2095 734 2140 viros
752 2094 938 2140 famulos
960 2096 1037 2140 Dei
1059 2116 1066 2140 :
1093 2105 1406 2155 superaverunt
1423 2111 1539 2151 eum,
1558 2097 1658 2155 quia
1676 2096 1730 2139 de
1744 2096 1813 2140 via

428 2183 518 2212 non
542 2177 824 2222 recesserunt,
844 2183 933 2211 non
956 2167 1062 2227 lapsi
1087 2177 1205 2221 sunt,
1232 2183 1421 2227 quorum
1444 2167 1704 2212 observabat
1725 2167 1815 2211 cal-

429 2252 628 2282 caneum.
655 2238 739 2281 Job
763 2236 833 2280 ille
851 2247 1023 2281 sanctus
1046 2237 1224 2281 sedebat
1247 2237 1293 2280 in
1319 2246 1520 2291 stercore,
1547 2247 1590 2281 et
1611 2237 1814 2282 currebat

428 2309 472 2352 in
484 2308 551 2351 via
571 2326 578 2352 :
605 2307 749 2351 videte
768 2307 990 2367 quomodo
1004 2307 1294 2352 observaverit
1311 2316 1442 2367 caput
1460 2309 1564 2368 ejus,
1591 2317 1634 2351 et
1659 2323 1813 2368 quem-

428 2377 665 2422 admodum
688 2377 760 2421 ille
783 2377 1033 2422 calcaneum
1056 2379 1148 2438 ejus
1171 2376 1438 2422 attendebat.
1466 2378 1546 2421 Ille
1575 2378 1813 2437 repellebat

427 2457 743 2506 suggerentem,
770 2448 842 2492 ille
867 2449 1067 2508 sperabat
1090 2448 1308 2493 labentem
1340 2467 1347 2493 :
1380 2449 1515 2508 coepit
1533 2458 1576 2492 et
1597 2451 1689 2509 ejus
1713 2464 1812 2492 mu-

426 2517 678 2576 lierculam3
711 2519 921 2563 subtraxit
950 2519 1094 2564 omnia
1118 2534 1215 2578 quae
1243 2518 1447 2575 habebat,
1477 2518 1612 2565 solam
1648 2518 1809 2563 dimisit

473 2609 482 2626 ¹
504 2605 633 2644 Joan.1,
655 2615 687 2644 ς).
715 2620 754 2627 -—--
775 2604 985 2645 21‹l.xw‚(3.
1013 2621 1052 2627 -—
1074 2603 1085 2624 ἶ
1101 2602 1183 2635 Psal.
1203 2614 1308 2644 xxxiv,
1329 2603 1362 2636 6.
