1848 3261
380 234 463 275 538
810 242 844 272 s.
879 242 1111 274 Ancusnm
1142 245 1326 290 33121500111

376 311 583 371 intelligit
603 311 790 356 honorat
807 331 819 370 3
843 321 887 356 et
907 312 1029 372 quod
1050 312 1089 356 ei
1110 327 1262 357 sonare
1282 311 1455 358 videtur
1475 313 1662 358 absurde
1677 348 1689 367 ‚
1713 327 1757 357 se

373 384 517 444 potius
540 398 629 427 non
646 381 888 442 intelligere
901 418 916 438 ,
936 392 979 428 et
996 383 1160 444 aliquid
1181 398 1390 443 magnum
1407 384 1541 428 latere
1562 384 1623 428 ibi
1640 382 1760 444 judi-

369 464 454 501 cat.
483 455 586 498 Ideo
609 453 677 498 lex
699 454 774 497 Dei
800 468 890 497 non
912 463 975 497 est
997 454 1035 497 ei
1057 453 1323 498 scandalum.
1344 457 1401 499 Ut
1421 463 1567 498 autem
1586 454 1759 498 nullum

370 524 624 571 scandalum
648 524 829 568 omuino
847 523 1037 583 patiatur
1056 559 1068 579 ,
1091 540 1180 569 non
1199 524 1257 569 sic
1279 524 1477 568 homines
1494 533 1653 568 sanctae
1679 539 1759 568 cu-

364 597 525 658 jusque
548 594 826 654 professionis
850 594 1068 649 attendat,
1094 604 1144 638 ut
1164 595 1271 639 fides
1294 596 1384 655 ejus
1408 610 1458 638 ex
1489 610 1642 640 eorum
1662 609 1760 639 mo-

370 668 490 713 ribus
514 665 728 726 pendeat,
761 681 816 708 ne
847 664 1063 725 aliquibus
1088 665 1346 710 cadentibus
1368 681 1477 726 quos
1500 681 1579 725 pro
1600 680 1759 725 magno

368 738 580 793 habebat,
605 738 694 798 ipse
716 737 920 782 scandalo
938 746 1086 797 pereat
1107 757 1116 783 ε
1139 737 1214 782 sed
1235 738 1371 798 ipsam
1401 737 1479 782 Dei
1501 737 1641 796 legem
1658 735 1760 781 dili-

372 820 444 871 gat
462 846 473 865 ‚
492 819 536 854 et
557 810 637 854 erit
658 809 697 853 ei
710 825 793 869 pax
814 809 951 854 multa
968 845 979 864 ‚
1001 809 1262 870 nullumque
1284 807 1554 854 scandalum.
1577 811 1762 854 Securus

371 881 486 926 enim
509 879 652 940 diligit
673 895 791 935 eam,
817 880 862 924 in
892 896 980 941 qua
1002 880 1169 925 etiamsi
1199 879 1327 925 multi
1349 888 1532 941 peccant
1547 914 1558 936 ,
1582 894 1762 940 peccare

371 952 463 1012 ipsa
486 967 574 996 non
597 951 735 995 novit.

432 1026 509 1068 VI.
535 1043 555 1065 «
580 1022 874 1083 Expectabam
894 1056 905 1077 ,
928 1022 1072 1083 inquit
1090 1057 1101 1077 ,
1127 1021 1315 1067 salutare
1336 1031 1482 1077 tuum,
1504 1021 1705 1077 Domine,
1721 1030 1765 1066 et

375 1113 396 1137 »
431 1094 638 1139 mandata
656 1103 729 1138 tua
752 1092 924 1137 dilexi&
953 1112 972 1134 »
999 1093 1115 1147 Quid
1137 1093 1252 1137 enim
1269 1093 1396 1154 justis
1427 1092 1662 1152 profuisset
1683 1107 1764 1136 an-

373 1165 505 1226 tiquis
523 1165 600 1209 Dei
621 1164 816 1208 dilexisse
838 1163 1059 1219 mandata,
1084 1164 1166 1208 nisi
1188 1178 1260 1208 eos
1282 1163 1582 1223 Christus‚qui
1604 1171 1668 1206 est
1688 1162 1765 1207 Dei

372 1237 560 1282 salutare
575 1271 585 1291 ‚
610 1234 834 1280 liberasset
854 1256 866 1293 3
906 1237 1029 1295 cujus
1059 1235 1188 1279 etiam
1209 1235 1359 1295 spirito
1381 1235 1604 1294 impertito
1638 1249 1765 1278 man-

371 1307 473 1353 data
494 1306 573 1352 Dei
595 1305 774 1364 diligere
795 1307 1070 1365 potuerunt?
1090 1305 1132 1350 Si
1150 1320 1251 1363 ergo
1273 1306 1563 1364 expectabant
1578 1303 1766 1349 salutare

371 1379 476 1434 Dei,
511 1378 588 1438 qui
610 1376 815 1421 mandata
843 1378 937 1438 ejus
959 1376 1206 1421 dilexerunt
1231 1395 1240 1422 z
1268 1385 1436 1437 quanto
1457 1376 1590 1434 magis
1613 1391 1765 1420 neces-

370 1449 506 1494 sarius
528 1457 620 1492 erat
641 1450 787 1503 Jesus,
811 1448 894 1492 hoc
917 1457 1002 1503 est,
1029 1447 1216 1492 salutare
1252 1447 1331 1492 Dei
1352 1481 1363 1502 ‚
1399 1445 1523 1490 salvis
1557 1445 1766 1491 faciendis

371 1520 431 1565 eis
448 1555 459 1576 ‚
492 1520 569 1580 qui
590 1518 794 1563 mandata
824 1519 916 1579 ejus
938 1533 1028 1562 non
1049 1518 1330 1562 dilexerunt?
1366 1520 1512 1561 Potest
1533 1516 1614 1561 ista
1635 1516 1766 1561 etiam

372 1591 530 1636 sanctis
550 1590 733 1634 istorum
758 1598 1032 1649 temporum3
1062 1604 1112 1633 ex
1131 1604 1221 1649 quo
1245 1588 1381 1648 gratia
1405 1587 1594 1632 revelata
1617 1590 1766 1633 Evan-

372 1662 534 1722 gelium
556 1660 834 1721 praedicatur,
856 1675 1098 1719 congruere
1119 1660 1349 1720 prophetia
1370 1678 1379 1704 :
1397 1667 1628 1719 expectant
1649 1659 1765 1703 enim

372 1733 594 1780 Christum
613 1733 689 1792 qui
712 1731 917 1776 mandata
941 1732 1018 1775 Dei
1040 1730 1251 1790 diligunt,
1277 1740 1327 1775 ut
1348 1746 1449 1776 cum
1471 1731 1668 1777 Christus
1686 1746 1765 1790 ap-

371 1804 564 1865 paruerit
587 1803 674 1848 vita
704 1811 851 1847 nostra
866 1837 877 1858 ‚
907 1811 1011 1847 tunc
1033 1810 1075 1846 et
1096 1817 1175 1846 nos
1198 1817 1481 1861 appareamus
1503 1817 1604 1846 cum
1626 1799 1704 1846 illo
1719 1800 1766 1845 in

375 1875 512 1935 gloria
530 1877 563 1918 ².

432 1948 532 1991 VII.
563 1964 584 1988 «
608 1943 876 2000 Custodivit‚
903 1944 1071 2004 inquit,
1099 1944 1241 1988 anima
1260 1958 1356 1988 mea
1377 1943 1624 1988 testimonia
1656 1951 1733 1987 tua
1752 1978 1762 1997 ,

376 2035 398 2059 »
433 2026 475 2061 et
502 2015 632 2060 dilexi
660 2031 708 2060 ea
739 2014 917 2059 valdess:
946 2033 966 2056 »
996 2013 1088 2069 vel,
1119 2015 1232 2060 sicut
1260 2013 1461 2059 nonnulli
1491 2013 1661 2059 codices
1690 2014 1767 2058 ha-

372 2088 501 2142 bent,
527 2106 547 2129 «
576 2085 731 2131 Dilexit
751 2120 762 2141 ‚
787 2103 805 2127 »
836 2094 885 2129 ut
913 2085 1230 2141 subaudiatur,
1261 2104 1280 2127 «
1306 2085 1463 2130 Anima
1484 2100 1635 2130 mea.»
1661 2086 1767 2130 Cus-

372 2157 603 2203 todiuntur
631 2156 876 2201 testimonia
916 2157 1022 2211 Dei,
1051 2155 1158 2200 dum
1196 2172 1284 2200 non
1313 2165 1544 2215 negantur.
1580 2159 1674 2201 Hoc
1702 2165 1766 2200 est

373 2231 618 2287 Martyrum
642 2228 850 2281 officium,
877 2228 978 2287 quia
1001 2227 1244 2272 testimonia
1270 2241 1408 2284 graece
1430 2226 1636 2284 martyria
1654 2242 1764 2270 nun-

373 2309 605 2359 cupantur.
621 2298 706 2344 Sed
722 2299 823 2359 quia
842 2314 921 2358 pro
942 2298 1192 2343 testimoniis
1206 2296 1283 2342 Dei
1300 2298 1430 2342 etiam
1452 2298 1638 2342 flammis
1660 2313 1762 2342 con-

372 2370 554 2415 cremari
577 2370 668 2413 sine
695 2370 903 2413 charitate
929 2367 1039 2412 nihil
1061 2367 1238 2428 prodest
1253 2369 1267 2393 ⁴
1286 2403 1296 2423 ,
1323 2367 1422 2413 ideo
1439 2368 1607 2412 addidit
1622 2403 1634 2423 ,
1663 2387 1684 2410 «
1708 2370 1766 2412 Et

377 2457 398 2481 »
432 2439 562 2484 dilexi
581 2455 630 2484 ea
651 2439 794 2484 valde.
824 2457 844 2480 »
873 2441 1011 2499 Supra
1033 2447 1179 2483 autem
1199 2437 1367 2483 dixerat
1388 2458 1398 2484 ε
1422 2458 1443 2481 «
1461 2437 1668 2484 Mandata
1688 2447 1762 2482 tua

424 2544 434 2561 ¹
456 2537 535 2571 Psal.
553 2547 662 2578 cxviii,
680 2537 753 2570 166.
776 2554 817 2560 -
837 2544 850 2560 ²
866 2537 983 2570 Coloss,
1004 2547 1051 2579 111,
1065 2535 1097 2578 4.
1116 2553 1157 2560 -
1175 2534 1189 2560 3
1208 2536 1288 2568 Psal.
1314 2548 1423 2578 cxviii,
1446 2536 1520 2579 167.
1548 2534 1620 2566 —4
1641 2547 1653 2568 ι
1680 2537 1751 2568 Cor.

379 2603 433 2626 xiv
448 2618 458 2634 ,
481 2593 531 2625 13.
