1848 3261
440 229 682 261 annuum
711 227 762 259 ne
787 227 991 258 »suumn
1020 229 1088 257 cv.
1367 219 1446 260 231

76 301 214 345 Vetus
236 301 558 344 Testamentum
570 299 617 342 in
627 300 750 343 Novo
769 293 1025 350 revelatum,
1042 295 1091 339 in
1110 296 1267 340 Vetere
1281 299 1456 343 Novum

75 370 266 413 velatum
286 367 422 424 vides,
444 367 586 412 recole
607 382 738 428 quem
759 365 916 410 dixerit
926 364 1146 424 apostolus
1163 366 1323 411 Paulus
1339 369 1456 427 prin-

74 440 213 499 cipem
229 439 452 498 potestatis
470 438 594 490 aeris,
609 456 626 477 «
645 436 729 490 Qui
741 444 945 494 operatur
957 435 1003 477 in
1012 433 1110 478 filiis
1121 434 1452 482 infidelitatis¹.»

76 518 121 554 et
141 509 251 553 illud
268 509 346 552 ubi
368 510 426 553 ait
448 509 503 553 de
527 507 804 568 quibusdam,
828 524 849 547 «
875 507 932 549 Ut
952 504 1204 565 resipiscant
1222 505 1276 549 de
1295 505 1457 552 diaboli

79 597 101 621 »
115 578 298 638 laqueis,
316 579 521 638 captivati
535 577 691 635 abipso
704 573 946 620 secundum
958 574 1089 634 ipsius
1105 574 1397 620 voluntatem2
1411 597 1420 622 :
1434 596 1455 619 »

74 658 118 694 et
140 650 272 695 verba
294 650 469 693 Domini
489 651 590 693 Jesu
612 647 771 692 Christi
788 681 799 701 ,
824 646 904 689 ubi
921 661 1022 690 eum
1043 646 1260 706 expellens
1277 646 1332 691 de
1348 648 1460 692 fide-

72 719 183 764 lium
203 718 408 763 cordibus
435 719 495 763 ait
509 746 526 774 ,s
551 737 571 759 (k
601 720 728 763 Nunc
751 717 951 776 princeps
967 711 1108 776 *hujus
1129 716 1286 761 mundi
1305 718 1459 763 missus

76 808 99 832 »
133 799 198 834 est
224 789 368 834 foras3
389 808 400 834 ε
425 807 446 830 »
475 798 518 832 et
552 789 684 848 ipsius
704 787 856 832 itidem
885 787 1083 847 Apostoli
1103 787 1301 845 dicentis,
1329 809 1351 832 «
1375 792 1461 844 Qui

75 877 98 903 »
133 860 247 904 eruit
279 874 357 904 nos
395 858 451 903 de
483 867 697 918 potestate
732 857 1012 902 tenebrarum
1034 893 1045 913 ,
1085 867 1129 902 et
1157 859 1378 904 transtulit
1415 860 1463 905 in

75 949 97 974 »
131 946 316 991 regnum
338 930 438 975 Filii
459 930 679 975 charitatis
701 946 791 974 suae
806 930 838 973 4.
871 947 893 971 »
919 932 1025 974 Haec
1058 939 1189 990 atque
1209 931 1464 990 hujusmodi

72 1003 368 1056 ratiocinatus,
395 1002 575 1045 intende
598 1001 792 1045 animum
815 1008 858 1043 et
874 999 921 1044 in
942 999 1105 1044 litteras
1122 1001 1288 1045 Veteris
1315 1004 1465 1046 Testa-

73 1072 226 1127 menti,
251 1080 294 1116 et
315 1071 415 1116 vide
436 1070 544 1131 quid
569 1079 769 1115 cantetur
788 1069 835 1113 in
858 1085 910 1113 eo
932 1069 1104 1114 PsaLmo
1131 1071 1254 1130 cujus
1273 1080 1338 1114 est
1352 1071 1461 1116 titu-

75 1143 168 1197 lus,
197 1162 218 1186 «
243 1141 429 1196 Quando
462 1141 618 1186 domus
639 1140 940 1185 aedificabatur
962 1149 1059 1200 post
1080 1141 1374 1200 captivitatem
1400 1161 1409 1186 :
1440 1163 1459 1184 »

73 1214 136 1258 ibi
163 1214 280 1257 enim
313 1212 498 1266 dicitur,
527 1230 547 1253 «
578 1213 761 1256 Caritate
781 1211 969 1255 Domino
990 1212 1209 1255 canticum
1230 1227 1410 1257 novum.
1438 1231 1460 1254 »

72 1287 197 1328 Etne
218 1283 432 1328 existimes
446 1281 501 1326 ad
522 1281 776 1326 Judaeorum
797 1281 1010 1341 populum
1034 1283 1341 1327 tantummodo
1358 1298 1461 1342 per-

72 1355 211 1398 tinere
236 1372 245 1398 :
278 1372 299 1395 «
326 1355 509 1398 Cantate
526 1387 537 1407 ,
567 1352 734 1412 inquit,
755 1353 941 1397 Domino
963 1351 1103 1397 omnis
1121 1361 1264 1411 terra3
1288 1363 1462 1398 cantate

74 1442 96 1466 »
131 1425 334 1480 Domino,
358 1423 600 1468 benedicite
633 1439 795 1468 nomen
822 1424 928 1483 ejus,
952 1424 1224 1480 annuntiate,
1252 1442 1274 1466 »
1297 1424 1368 1469 vel
1380 1441 1462 1485 po-

74 1495 160 1540 tius
176 1529 188 1549 ,
211 1513 231 1541 (ς
255 1498 372 1538 Bene
407 1495 623 1549 nuntiate,
652 1512 673 1535 »
703 1494 790 1538 imo
812 1503 863 1537 ut
883 1495 1024 1553 ipsum
1054 1494 1255 1550 verbum,
1280 1494 1401 1555 quod
1417 1496 1463 1540 in

73 1581 214 1625 graeco
238 1566 429 1624 positum
458 1574 543 1619 est,
573 1564 851 1619 transferam,
891 1584 911 1606 «
935 1563 1240 1624 Evangelizate
1267 1566 1385 1610 diem
1410 1582 1462 1611 ex

78 1656 96 1678 »
133 1637 229 1691 die,
254 1636 441 1680 salutare
463 1638 566 1696 ejus.
596 1653 617 1676 η
644 1636 756 1680 Hinc
783 1634 899 1678 enim
922 1635 1210 1694 Evangelium
1233 1652 1464 1697 nuncupa-

74 1715 167 1751 tum
188 1715 266 1762 est,
291 1706 337 1750 in
358 1722 447 1766 quo
471 1707 755 1750 annuntiatur
785 1705 874 1749 dies
896 1721 947 1749 ex
968 1706 1054 1760 die,
1081 1707 1293 1751 Dominus
1310 1708 1461 1753 Chris-

72 1787 159 1832 tus,
184 1777 334 1822 lumen
362 1793 412 1821 ex
439 1777 627 1832 lumine,
654 1776 788 1823 Filius
810 1792 861 1820 ex
890 1780 1032 1821 Patre.
1068 1780 1162 1822 Hoc
1186 1778 1303 1822 enim
1330 1788 1394 1823 est
1419 1788 1463 1824 et

73 1849 259 1894 salutare
285 1851 390 1908 ejus,
417 1850 520 1909 quia
540 1848 728 1892 salutare
748 1850 825 1893 Dei
854 1849 1050 1893 Christus
1074 1859 1138 1893 est
1156 1885 1166 1905 ,
1191 1850 1304 1894 sicut
1324 1859 1368 1894 et
1393 1866 1462 1895 su-

73 1921 218 1980 perius
249 1922 339 1980 jam
372 1919 778 1964 demonstravimus.
810 1939 831 1962 «
865 1920 1132 1964 Annuntiate
1167 1921 1215 1964 in
1246 1922 1462 1966 Gentibus

76 2008 97 2032 »
133 1989 314 2049 gloriam
341 1991 446 2050 ejus,
470 1991 517 2034 in
549 1991 751 2034 omnibus
780 1988 952 2049 populis
979 1990 1194 2034 mirabilia
1214 1991 1321 2051 ejus.
1345 1996 1458 2045 Quo-

75 2079 96 2103 »
130 2060 246 2103 niam
268 2075 449 2118 magnus
471 2060 682 2104 Dominus
704 2069 746 2105 et
762 2059 993 2104 laudabilis
1013 2059 1156 2115 valde,
1171 2061 1376 2106 terribilis
1391 2071 1456 2106 est

75 2148 97 2172 »
131 2145 261 2189 super
292 2145 442 2175 omnes
470 2130 573 2177 deos
607 2150 615 2175 :
651 2131 857 2191 quoniam
885 2145 1033 2175 omnes
1063 2131 1123 2175 dii
1148 2132 1344 2190 gentium
1367 2133 1458 2177 dae-

76 2218 97 2242 »
133 2200 319 2245 monia⁵.
347 2219 367 2242 »
396 2201 472 2245 Isti
500 2216 603 2260 ergo
624 2201 788 2245 inimici
809 2217 910 2245 cum
935 2216 1033 2259 rege
1054 2218 1132 2246 suo
1154 2201 1331 2247 diabolo
1358 2217 1458 2263 cap-

46 2270 213 2316 ·tivum
253 2271 463 2316 tenebant
494 2271 707 2332 populum
735 2272 822 2315 Dei.
859 2274 921 2316 De
958 2288 1044 2332 qua
1075 2273 1324 2333 captivitate
1354 2288 1457 2317 cum

73 2340 327 2386 redimimur
340 2377 352 2398 ,
379 2352 421 2387 et
442 2343 640 2403 princeps
661 2344 792 2404 hujus
813 2341 966 2387 mundi
988 2344 1176 2388 mittitur
1196 2343 1326 2396 foras,
1356 2343 1457 2388 aedi-

73 2412 230 2457 ficatur
246 2412 400 2458 domus
420 2423 517 2474 post
538 2415 831 2475 captivitatem
857 2433 866 2459 :
893 2415 1016 2475 cujus
1036 2413 1144 2475 lapis
1165 2415 1380 2474 angularis
1393 2424 1457 2460 est

123 2515 133 2532 1
151 2509 267 2552 Ephes.
286 2521 321 2551 11,
339 2519 372 2543 2.
390 2528 431 2534 -
459 2518 472 2533 ²
491 2519 510 2544 ἰ
527 2511 609 2544 Tim.
629 2523 664 2552 n,
683 2511 738 2544 26.
761 2529 803 2535 —-
822 2509 836 2534 3
855 2513 945 2544 Joan.
973 2523 996 2553 1,
1017 2511 1069 2544 31.
1086 2530 1123 2535 —
1147 2511 1163 2542 4
1178 2513 1297 2546 Coloss.
1314 2523 1339 2554 1,
1359 2512 1458 2546 13.—

78 2562 93 2588 5
106 2564 184 2597 Psal.
200 2576 270 2607 xcv,
292 2567 358 2599 1-5.
