1848 3261
349 189 432 229 328
785 205 820 236 s.
855 204 1085 237 Aucus-nm
1116 209 1298 239 muscorr

344 267 475 327 picit?
495 267 565 315 Sic
586 272 705 317 enim
726 273 886 319 exaltat
917 274 1123 331 humiles,
1155 284 1206 320 ut
1235 291 1326 321 non
1348 276 1479 322 faciat
1499 277 1721 336 superbos,

347 341 503 400 Itaque
537 351 579 387 et
609 344 655 387 in
684 344 779 390 altis
815 346 986 390 habitat
1010 361 1119 406 quos
1147 346 1330 403 exaltat,
1350 347 1541 408 facitque
1558 347 1726 393 sibieos

345 411 508 456 coelum
523 449 534 469 ,
566 415 650 459 hoc
670 425 732 460 est
755 451 765 471 ,
791 416 937 460 sedem
959 433 1103 475 suam3
1133 427 1176 462 et
1206 434 1277 462 eos
1295 427 1442 462 tamen
1463 434 1552 463 non
1573 433 1728 477 super-

344 482 445 538 bos,
472 484 548 528 sed
577 501 743 545 semper
774 486 969 532 subditos
991 488 1203 533 intuendo
1219 524 1231 543 ,
1262 489 1391 533 etiam
1417 490 1464 532 in
1498 490 1589 548 ipso
1614 489 1728 534 coelo

343 552 526 598 humilia
542 555 738 614 respicit,
763 556 808 600 in
826 557 985 616 quibus
1006 558 1178 603 excelsis
1198 559 1381 603 habitat.
1411 559 1590 618 Spiritus
1613 559 1728 602 enim

343 640 421 684 per
440 628 595 669 Isa'i'am
613 625 671 670 ita
692 626 889 686 loquitur
909 647 918 672 ε
947 647 967 670 «
989 632 1092 672 Haec
1110 629 1215 673 dicit
1231 629 1472 674 Altissimus
1490 629 1534 673 in
1553 628 1728 673 excelsis

348 715 368 736 »
405 695 628 751 habitans,
654 697 698 740 in
721 706 932 741 aeternum
955 714 1114 742 nomen
1137 700 1243 758 ejus,
1265 700 1474 744 Dominus
1500 699 1729 743 altissimus

344 763 390 809 in
414 766 568 810 sanctis
592 767 786 827 requiem
816 768 1026 812 habens1.
1061 787 1081 810 »
1113 770 1324 828 Exposuit
1350 769 1457 830 quid
1485 770 1660 824 dixerit,
1684 769 1730 813 in

346 852 368 876 »
404 836 579 881 excelsis
597 838 798 882 habitans
819 858 828 883 ε
848 857 868 880 »
889 839 972 883 hoc
990 839 1106 882 enim
1122 839 1292 899 plenius
1305 839 1502 884 elocutus
1515 875 1526 894 ,
1544 840 1589 883 in
1611 855 1731 883 sanc-

343 907 419 961 tis,
445 908 611 968 inquit,
636 910 831 969 requiem
853 910 1033 954 habens.
1057 910 1141 955 Sed
1158 911 1234 971 qui
1255 920 1357 955 sunt
1375 911 1533 965 sancti,
1552 911 1633 954 nisi
1646 911 1732 954 hu-

344 976 492 1033 miles,
516 978 593 1038 qui
615 979 739 1038 pueri
755 978 938 1023 laudant
959 980 1218 1024 Dominum?
1238 984 1390 1041 Itaque
1403 981 1615 1040 adjungit,
1640 983 1732 1024 «Et

344 1064 366 1089 »
402 1049 689 1109 pusillanimis
703 1048 811 1094 dans
825 1051 1242 1109 magnanimitatem,
1262 1059 1305 1095 et
1319 1050 1425 1094 dans
1442 1051 1575 1095 vitam
1593 1050 1670 1110 qui
1686 1050 1733 1094 in

347 1136 370 1160 »
404 1120 652 1165 humilitate
680 1118 820 1164 cordis
851 1123 994 1163 sunt2.
1016 1137 1037 1160 »
1074 1123 1126 1163 In
1161 1120 1318 1179 quibus
1349 1121 1506 1165 sanctis
1536 1120 1733 1180 requiem

344 1189 500 1246 habet,
525 1192 590 1235 his
610 1190 894 1250 pusillanimis
917 1190 993 1234 dat
1010 1191 1424 1248 magnanimitatem.
1444 1195 1558 1235 Dans
1578 1192 1732 1251 utique

345 1261 745 1319 magnanimitatem
759 1259 947 1304 excelsos
970 1259 1087 1314 facit,
1106 1260 1151 1303 in
1173 1260 1332 1319 quibus
1351 1262 1545 1321 requiem
1566 1260 1731 1304 liabens

345 1331 391 1375 in
415 1331 587 1376 excelsis
608 1330 791 1375 habitat.
820 1328 905 1374 Sed
926 1330 1028 1389 quia
1048 1330 1332 1390 pusillanimis
1349 1330 1423 1374 dat
1442 1331 1732 1389 magnanimi-

344 1410 496 1456 tatem,
523 1400 673 1445 eadem
691 1399 855 1445 excelsa
877 1400 923 1443 in
940 1400 1100 1460 quibus
1117 1400 1315 1455 habitat,
1341 1399 1524 1444 humilia
1540 1401 1728 1460 respicit.

349 1471 434 1517 Sed
456 1491 476 1514 «
502 1471 716 1526 Humilia,
740 1470 908 1530 inquit,
935 1469 1108 1529 respicit
1130 1470 1174 1514 in
1192 1470 1306 1515 coelo
1319 1471 1421 1514 etin
1441 1480 1567 1514 terra.
1590 1488 1611 1512 »

406 1545 460 1588 V.
496 1546 552 1587 Et
585 1542 785 1587 excitavit
808 1557 885 1585 nos
914 1541 1045 1584 etiam
1074 1557 1295 1601 quaerere,
1333 1551 1480 1586 utrum
1512 1541 1665 1586 eadem
1686 1541 1733 1585 in

348 1613 486 1669 coelo,
507 1630 606 1674 quae
629 1614 674 1657 in
697 1623 836 1670 terra3
862 1628 917 1656 an
936 1611 1018 1656 alia
1041 1612 1087 1655 in
1108 1612 1222 1656 coelo
1243 1648 1253 1666 ,
1276 1612 1358 1657 alia
1383 1614 1429 1656 in
1452 1622 1565 1657 terra
1586 1612 1736 1657 humi-

347 1685 403 1729 lia
422 1685 620 1744 respiciat
642 1683 851 1728 Dominus
876 1687 988 1727 Deus
1010 1692 1170 1727 noster.
1200 1683 1241 1727 Si
1265 1683 1381 1726 enim
1403 1682 1577 1737 eadem,
1610 1683 1736 1727 video

348 1754 722 1816 quemadmodum
745 1754 828 1798 hoc
852 1751 1093 1811 intelligam
1115 1752 1356 1797 seeundum
1386 1752 1644 1812 Apostolum
1667 1752 1736 1796 di-

348 1835 520 1872 centem
558 1845 566 1870 :
603 1844 624 1867 «
643 1828 694 1869 In
726 1840 855 1869 earne
886 1823 1002 1867 enim
1032 1822 1332 1877 ambulantes,
1365 1839 1456 1867 non
1496 1823 1738 1868 seeundum

351 1916 372 1939 »
407 1911 581 1940 carnem
600 1896 835 1939 militamus
853 1911 865 1945 ;
892 1909 1010 1938 arma
1032 1893 1149 1937 enim
1171 1892 1337 1937 militiae
1356 1903 1515 1938 nostrae
1537 1909 1627 1938 non
1648 1909 1739 1938 car-

354 1986 372 2008 »
408 1965 522 2010 nalia
539 2000 550 2020 ,
575 1964 651 2009 sed
681 1964 876 2024 potentia
898 1966 1032 2008 Deog.
1056 1980 1077 2003 »
1118 1964 1243 2007 Unde
1266 1977 1368 2020 ergo
1401 1964 1620 2022 potentia,
1656 1963 1739 2007 nisi

349 2038 450 2099 quia
474 2035 703 2097 spiritalia?
725 2038 836 2080 Cum
866 2035 1014 2095 itaque
1031 2033 1265 2094 Apostolus
1288 2044 1332 2078 et
1353 2035 1398 2077 in
1422 2050 1551 2078 earne
1582 2034 1740 2078 ambu-

349 2108 410 2153 let
431 2118 474 2152 et
500 2106 748 2167 spiritaliter
769 2105 952 2161 militet,
984 2121 1073 2150 non
1097 2105 1255 2149 mirum
1277 2105 1311 2148 si
1332 2104 1553 2149 humilitas
1582 2107 1673 2166 ejus
1697 2114 1739 2150 et

350 2180 397 2224 in
413 2179 527 2224 coelo
551 2178 775 2237 respicitur
796 2186 975 2236 propter
997 2176 1170 2235 spiritus
1191 2174 1437 2219 libertatem
1459 2210 1470 2230 ,
1495 2184 1539 2219 et
1559 2175 1604 2218 in
1627 2185 1740 2220 terra

350 2259 529 2311 propter
550 2248 740 2326 corporis
763 2247 1029 2292 servitutem.
1053 2245 1176 2291 Idem
1199 2246 1362 2306 quippe
1378 2246 1461 2290 alio
1483 2245 1580 2290 loco
1601 2246 1736 2291 dicit:

353 2340 370 2361 «
406 2323 559 2367 Nostia
582 2319 698 2362 enim
720 2317 987 2362 conversatio
1020 2317 1064 2360 in
1096 2315 1218 2361 coelis
1240 2325 1304 2360 est
1321 2317 1352 2359 ⁴.
1381 2334 1399 2356 »
1426 2318 1523 2375 Ipse
1544 2316 1650 2359 item
1673 2316 1739 2360 di·-

351 2390 410 2434 cit
446 2410 455 2435 :
503 2389 763 2449 «Optimum
787 2388 868 2432 sibi
902 2403 991 2431 esse
1019 2386 1194 2431 dissolvi
1218 2396 1260 2430 et
1295 2401 1385 2430 esse
1407 2401 1508 2430 cum
1541 2385 1736 2440 Chiisto,

359 2480 376 2501 »
411 2475 585 2504 manere
608 2468 753 2504 autem
786 2459 833 2502 in
862 2473 990 2502 carne
1018 2457 1333 2512 necessarium,
1368 2456 1536 2517 inquit,
1563 2464 1739 2515 propter

405 2549 414 2567 ¹
434 2545 505 2577 lsai.
526 2555 604 2583 nvn,
623 2544 675 2577 15.
695 2560 737 2566 --
759 2550 771 2567 ²
790 2542 870 2575 Ibid.
894 2559 935 2567 -
956 2539 969 2566 3
988 2550 1006 2573 2
1022 2543 1093 2576 Cor.
1115 2552 1148 2584 x,
1170 2540 1203 2580 3,
1221 2539 1252 2582 4.
1274 2557 1315 2564 -
1332 2538 1350 2570 l,
1372 2540 1482 2583 Philip.
1504 2551 1554 2582 ιιι,
1572 2548 1625 2573 20.
