1848 3261
242 217 482 246 ENARnAerlo
515 222 557 247 m
593 219 794 248 PsALMUM
826 222 982 260 cxvnr,
1018 223 1154 252 SEnMO
1188 228 1299 254 xxvi.
1378 220 1458 257 513

88 299 106 321 »
142 296 224 324 me.
251 301 269 322 »
296 281 395 326 Illas
411 283 561 341 procul
585 283 743 340 dubio,
768 285 926 344 quibus
945 289 1057 330 Deus
1079 287 1181 333 facit
1193 291 1346 349 justos,
1372 308 1462 337 non

82 351 164 409 ipsi
186 366 245 395 se.

141 423 218 465 VI.
239 440 256 461 «
276 424 433 467 Servus
449 432 550 468 tuus
568 439 648 483 ego
665 439 775 468 sum.
787 443 804 465 »
820 426 972 485 Neque
988 425 1103 469 enim
1121 427 1232 472 benc
1254 431 1360 474 mibi
1373 447 1465 476 ces-

82 491 155 545 sit,
184 491 360 550 quando
382 508 470 536 esse
489 493 607 537 volui
625 494 736 537 liber
752 509 874 538 meus
894 530 904 550 ,
932 511 1020 540 non
1040 511 1185 541 servus
1214 508 1329 543 tuus.
1360 521 1374 539 «
1400 505 1462 546 Da

87 581 105 602 »
141 562 247 604 mihi
269 562 561 619 intellectum,
579 574 622 608 et
645 564 775 608 sciam
790 565 1031 610 testimonia
1041 576 1115 611 tua
1134 571 1164 622 ¹,
1185 589 1203 610 »
1227 572 1462 630 Nunquam

82 630 409 676 intermittenda
434 641 497 676 est
517 633 595 676 ista
617 633 783 692 petitio.
809 637 906 679 Non
929 637 1043 679 enim
1065 638 1225 682 sufficit
1253 641 1462 699 accepisse

82 701 352 746 intellectum
368 737 379 757 ,
404 712 447 746 et
470 703 544 746 Dei
566 705 811 748 testimonia
833 704 1056 761 didicisse,
1088 708 1170 752 nisi
1193 725 1360 769 semper
1390 728 1464 755 ac-

83 770 267 829 cipiatur
283 807 293 826 ,
320 781 363 815 et
385 772 576 832 quodam
596 774 728 818 modo
749 790 917 834 semper
940 776 1113 820 bibatur
1134 777 1188 822 de
1212 779 1332 824 fonte
1357 780 1465 826 lucis

83 849 270 884 aeternae.
295 842 557 887 Testimonia
574 845 736 904 quippe
759 845 851 900 Dei,
870 855 1034 905 quanto
1059 848 1108 891 fit
1129 849 1313 910 quisque
1334 851 1466 895 intel—

82 910 300 970 ligentior,
318 920 440 956 tanto
463 914 597 971 magis
615 914 839 974 magisque
861 916 1072 960 sciuntur.

142 983 241 1025 Vll.
263 1000 281 1022 «
310 985 522 1042 Tempus,
550 983 720 1043 inquit,
747 985 935 1029 faciendi
957 989 1182 1033 Domin02.
1225 1011 1242 1031 »
1276 991 1326 1034 Id
1350 992 1466 1036 enim

82 1051 228 1111 plures
259 1051 426 1097 codices
460 1054 623 1098 habent
660 1074 669 1099 :
705 1071 794 1099 non
822 1065 872 1099 ut
903 1057 1082 1116 quidam
1114 1074 1122 1099 :
1163 1078 1180 1099 «
1210 1062 1407 1105 Domine.
1446 1082 1464 1102 »

83 1122 212 1175 Quod
235 1138 335 1180 ergo
357 1143 374 1163 «
403 1126 592 1183 Tempus
614 1160 625 1174 ,
654 1145 671 1166 »
696 1125 764 1168 vel
787 1126 893 1185 quid
919 1145 935 1165 «
969 1128 1174 1171 Faciendi
1200 1150 1216 1170 »
1243 1131 1380 1175 voluit
1402 1132 1469 1175 in-

84 1192 219 1251 telligi
232 1213 248 1231 «
265 1194 474 1238 Domino?
494 1214 510 1235 »
529 1193 646 1237 Illud
667 1194 846 1254 quidem
870 1197 992 1255 quod
1013 1198 1147 1256 paulo
1165 1209 1264 1243 ante
1284 1200 1449 1245 dixerat

90 1282 107 1302 »
143 1265 230 1306 Fac
248 1278 350 1305 cum
382 1279 505 1307 servo
537 1273 614 1307 tuo
642 1264 883 1308 secundum
911 1267 1248 1311 misericordiam
1284 1274 1428 1314 tuam3
1456 1292 1465 1316 :

92 1352 109 1373 »
144 1332 228 1375 hoc
256 1331 440 1376 faciendi
469 1342 639 1392 tempus
664 1335 862 1377 Domino.
897 1354 915 1375 »
945 1335 1063 1387 Quid
1096 1345 1159 1380 est
1185 1348 1330 1382 autem
1348 1375 1358 1395 ,
1391 1342 1472 1384 nisi

88 1403 223 1461 gratia
251 1419 350 1462 quae
373 1405 417 1446 in
446 1404 620 1448 Christo
646 1420 724 1448 suo
758 1400 954 1464 tempore
977 1407 1163 1451 revelata
1186 1412 1272 1453 est‘?
1301 1414 1360 1455 De
1382 1428 1472 1472 quo

88 1483 281 1533 tempore
317 1475 376 1518 ait
403 1476 636 1533 Apostolus
669 1494 678 1519 :
723 1494 739 1515 ι(
766 1478 878 1520 Cum
914 1487 1059 1521 autem
1090 1480 1211 1523 venit
1244 1481 1472 1539 plenitudo

93 1564 110 1586 »
147 1545 377 1603 temporis,
411 1545 526 1588 misit
556 1548 670 1589 Deus
693 1545 852 1588 Filium
881 1549 1050 1590 suum4.
1088 1569 1105 1589 »
1143 1552 1324 1609 Propter
1354 1553 1474 1612 quod

89 1615 192 1658 alibi
215 1615 344 1658 etiam
369 1615 664 1659 testimonium
689 1616 992 1674 propheticum
1013 1616 1274 1677 adjungens,
1301 1622 1376 1665 ubi
1403 1622 1473 1665 di-

87 1684 150 1728 xit
175 1703 184 1728 z
213 1703 231 1723 «
260 1687 470 1744 Tempore
493 1683 750 1743 acceptabili
772 1685 970 1729 exaudivi
994 1694 1036 1729 te
1054 1721 1064 1740 ‚
1091 1696 1133 1730 et
1164 1689 1209 1731 in
1232 1688 1301 1732 die
1324 1691 1473 1736 salutis

93 1773 112 1794 »
147 1753 292 1813 adjuvi
330 1763 406 1798 te:
442 1757 556 1797 Ecce.
589 1769 733 1807 nunc,
768 1754 941 1812 inquit,
976 1764 1146 1814 tempus
1181 1760 1471 1818 acceptabile,

94 1842 112 1864 »
148 1838 246 1867 ecce
268 1838 386 1865 nunc
418 1822 507 1865 dies
535 1821 722 1865 salutisf‘.
755 1842 771 1862 »
801 1822 885 1866 Sed
907 1823 1013 1882 quid
1036 1834 1099 1871 est
1121 1827 1242 1885 quod
1265 1837 1474 1889 tanquam

90 1894 239 1937 volens
263 1891 489 1936 ostendere
510 1901 681 1950 tempus
704 1891 889 1934 Domino
911 1907 999 1935 esse
1021 1892 1206 1939 faciendi
1227 1931 1238 1951 ,
1264 1901 1474 1945 continuo

92 1963 313 2023 subjunxit
341 1982 349 2006 :
381 1981 398 2002 «
426 1962 752 2020 Dissipaverunt
784 1961 923 2020 legem
962 1972 1084 2007 tuam
1112 1984 1120 2009 :
1152 1986 1168 2007 »
1194 1967 1316 2012 velut
1338 1985 1474 2030 prop-

92 2043 210 2077 terea
239 2042 408 2092 tempus
443 2041 552 2075 esset
597 2030 783 2075 faciendi
826 2032 1036 2088 Domino7
1075 2036 1174 2094 quia
1207 2039 1297 2097 ejus
1333 2039 1476 2099 legem

93 2104 411 2163 dissipaverunt
451 2102 656 2161 superbi,
691 2102 768 2162 qui
798 2102 1045 2160 ignorantes
1074 2106 1152 2149 Dei
1185 2108 1392 2166 justitiam
1434 2122 1477 2157 et

95 2191 217 2220 suam
240 2174 435 2219 volentes
469 2174 761 2228 constituere,
796 2174 973 2232 justitiae
1007 2176 1084 2218 Dei
1118 2193 1207 2221 non
1243 2190 1343 2224 sunt
1368 2184 1475 2226 sub-

90 2247 251 2306 jectiss?
284 2245 399 2298 Quid
421 2255 483 2289 est
511 2245 624 2288 enim
650 2263 658 2287 :
699 2263 715 2283 «
750 2244 1074 2303 Dissipaverunt
1099 2245 1241 2306 legem
1268 2259 1386 2296 tuam
1407 2289 1418 2308 ‚
1458 2276 1474 2296 ι

97 2316 195 2370 nisi,
222 2315 591 2359 Praevaricationis
619 2313 848 2373 iniquitate
879 2348 890 2368 ,
928 2315 1018 2373 ejus
1052 2316 1345 2375 integritatem
1390 2339 1480 2368 non

98 2385 428 2430 custodierunt?
445 2384 685 2444 Oportebat
707 2399 809 2442 ergo
831 2392 881 2427 ut
907 2386 1102 2444 superbis
1139 2396 1181 2431 et
1204 2388 1258 2432 de
1279 2390 1479 2438 libertate

146 2487 155 2503 ¹
178 2480 257 2512 Psal.
289 2491 382 2512 cxvnl
399 2505 407 2520 ,
432 2478 505 2511 125.
530 2497 572 2502 —-
597 2486 610 2501 ²
636 2479 718 2511 Ibid.
743 2479 814 2511 126.
844 2496 886 2500 —
903 2477 1014 2511 31bid.
1048 2492 1119 2523 ¹27·
1142 2482 1209 2513 -4
1228 2485 1295 2517 Gal.
1314 2498 1346 2519 ιν

100 2534 115 2559 5
133 2538 206 2568 lsai.
227 2547 310 2576 xux,
327 2536 361 2573 ὃ,
383 2540 416 2567 et
436 2544 455 2567 2
473 2537 546 2568 Cor.
569 2547 614 2576 Vl,
635 2544 665 2567 2.
694 2552 735 2556 —
750 2532 765 2556 6
787 2536 878 2566 Rom.
904 2546 935 2576 x,
957 2536 986 2566 3.

289 2601 443 2630 cxviii.
1246 2598 1296 2636 33

1355 2489 1478 2531 ²4·—
