1848 3261
388 233 471 273 454
833 243 866 272 s.
903 244 1132 273 Aucus'nm
1164 246 1344 273 Enseom

392 331 409 352 »
445 309 576 364 mihi,
607 329 625 350 »
651 308 710 353 sic
740 308 979 367 intelligere
995 345 1005 365 ‚
1031 319 1081 354 ut
1102 325 1182 353 nec
1200 309 1292 364 1οΧ,
1319 325 1398 354 1100
1417 326 1504 354 11οΧ
1531 309 1769 355 subaudia-

385 390 478 435 tur,
504 379 580 424 sed
597 380 679 423 hoc
695 395 939 438 pronomen
961 379 1081 440 quod
1103 389 1166 423 est
1181 414 1192 429 ,
1222 397 1239 419 «
1268 382 1370 423 Haec
1390 414 1401 434 ,
1432 400 1450 421 ›·›
1476 396 1566 427 non
1584 380 1768 440 accipia-

384 460 457 495 tur
493 449 617 493 aliter
637 464 768 509 quam
805 464 850 492 se
872 450 1006 493 habet
1043 448 1116 492 ille
1137 449 1183 492 in
1205 448 1289 493 alio
1311 448 1481 493 Psalmo
1508 449 1629 495 locus
1649 485 1660 505 ‚
1689 451 1768 494 ubi

382 521 543 580 legitur
564 539 573 564 :
603 538 619 559 «
649 521 789 562 Unam
806 518 911 577 petii
933 535 957 562 a
978 519 1163 566 Domino
1181 554 1192 574 ‚
1213 519 1326 562 hanc
1348 520 1565 579 requiram
1584 522 1616 564 1.
1647 541 1663 561 »
1680 523 1769 565 Nec

383 591 488 636 dicit
510 589 617 649 quid
637 603 785 642 unam,
803 580 874 631 'vel
896 603 1027 647 quam
1050 604 1184 633 unam
1200 624 1211 644 ‚
1237 588 1292 632 de
1309 605 1396 649 qua
1418 590 1593 634 dixerit:
1615 609 1632 630 «
1648 593 1770 635 Hanc

387 683 404 704 »
440 661 658 720 requiram
684 678 693 703 :
724 678 742 699 »
768 659 844 703 sed
879 657 1159 702 foemininum
1193 675 1326 717 genus
1354 661 1477 720 quasi
1511 676 1592 720 pro
1614 670 1771 705 neutro

381 731 572 792 positum
604 738 680 773 est.
704 729 914 773 Inusitate
935 730 1097 789 quippe
1117 729 1284 774 dictum
1306 739 1369 774 est
1394 750 1402 775 :
1427 750 1444 771 «
1474 733 1611 775 Unam
1636 732 1768 790 petii,

386 822 404 843 »
440 802 553 845 hanc
573 800 813 860 requiram:
837 820 853 841 »
872 800 950 843 ubi
969 816 1057 844 non
1080 799 1342 844 subauditur
1364 816 1463 861 quae
1484 800 1557 845 illa
1583 818 1670 845 una
1690 802 1768 847 sit:

382 871 502 933 quod
537 871 736 915 usitatius
757 869 974 914 diceretur
1000 889 1009 915 :
1045 889 1062 910 «
1091 872 1237 914 Unum
1269 870 1373 930 petii
1403 887 1427 914 a
1449 872 1657 925 Domino,
1689 872 1771 916 hoc

386 963 404 985 »
441 941 675 1002 requiram,
692 961 709 982 »
730 950 782 984 ut
801 941 1043 985 inhabitem
1059 941 1105 984 in
1126 940 1258 985 domo
1283 941 1469 985 Domini.
1497 945 1548 985 Iu
1571 942 1637 985 his
1656 942 1772 986 euim

381 1013 545 1057 neutris
567 1027 657 1056 non
678 1010 786 1055 solet
809 1011 920 1070 exigi
942 1020 1148 1055 neutrum
1170 1010 1289 1071 quod
1313 1010 1665 1055 subaudiendum
1690 1013 1768 1068 sit,

381 1093 433 1128 ut
466 1092 571 1142 puta
588 1117 599 1137 ⁷
641 1098 780 1125 unum
803 1082 970 1126 bonum
988 1117 998 1136 ‚
1024 1091 1098 1126 aut
1119 1098 1259 1125 uuum
1282 1081 1449 1126 donum
1469 1117 1479 1132 ,
1510 1081 1579 1126 vel
1607 1083 1640 1126 si
1665 1082 1773 1142 quid

381 1151 634 1213 hujusmodi
657 1171 665 1195 ε
691 1151 768 1195 5οἃ
785 1150 1001 1211 quidquid
1022 1151 1133 1196 illud
1155 1161 1233 1206 est,
1254 1152 1421 1196 etiamsi
1445 1152 1688 1196 masculino
1706 1151 1775 1196 vel

383 1222 616 1268 foeminino
635 1237 791 1280 genere
814 1231 1116 1281 nuncupetur,
1140 1221 1211 1266 vel
1233 1222 1324 1266 sine
1345 1221 1436 1266 ullo
1460 1223 1635 1266 nomine
1660 1222 1774 1267 illius

387 1292 554 1352 generis
583 1289 856 1351 quibuslibet
875 1292 1019 1335 verbis
1040 1292 1285 1336 insinuetur
1303 1327 1314 1347 ,
1348 1293 1472 1336 solita
1494 1292 1672 1337 omnino
1706 1293 1775 1337 lo-

383 1364 561 1408 cutione
582 1362 664 1406 sub
690 1376 847 1420 genere
872 1371 1028 1405 neutro
1049 1361 1320 1420 intelligitur.
1349 1365 1413 1406 Ita
1438 1378 1540 1421 ergo
1558 1372 1600 1406 et
1630 1363 1701 1407 hic
1723 1379 1775 1407 eo

382 1433 516 1479 modo
539 1433 624 1478 dici
642 1433 787 1492 potuit
802 1468 817 1488 ,
848 1452 869 1474 (1
891 1435 994 1477 Haec
1018 1431 1126 1476 facta
1151 1442 1213 1476 est
1238 1433 1347 1476 mihi
1369 1469 1379 1487 ‚
1411 1453 1428 1473 »
1455 1442 1665 1492 tanquam
1683 1433 1776 1478 dic-

383 1514 479 1550 tum
502 1513 636 1548 esset:
657 1506 751 1548 Hoc
769 1503 935 1547 factum
953 1512 1017 1547 est
1039 1503 1161 1547 mihi.
1177 1503 1219 1547 Si
1234 1512 1380 1547 autem
1404 1519 1649 1564 quaeramus
1668 1504 1776 1564 quid

384 1573 496 1619 illud
520 1574 595 1629 sit,
627 1573 817 1617 occurrit
848 1572 969 1632 quod
1000 1588 1129 1632 supra
1162 1572 1326 1617 dixerat
1353 1593 1361 1617 :
1392 1592 1408 1613 «
1436 1577 1604 1618 Memor
1635 1573 1700 1618 fui
1730 1575 1775 1618 111

390 1667 408 1688 »
443 1654 572 1689 nocte
589 1644 775 1688 nominis
798 1643 878 1697 tui,
905 1644 1088 1688 Domine
1105 1679 1116 1699 ,
1142 1653 1185 1687 et
1207 1644 1419 1689 custodivi
1437 1644 1576 1702 legem
1599 1655 1770 1690 tuam.»

386 1718 481 1761 Hoc
503 1713 670 1758 factum
704 1722 768 1757 est
794 1713 902 1756 mihi
923 1747 934 1768 ‚
960 1712 1005 1756 id
1027 1722 1120 1769 est,
1145 1714 1228 1758 1100
1250 1714 1371 1774 quod
1398 1714 1609 1758 custodivi
1634 1715 1774 1774 legem

385 1796 507 1830 tuam
525 1820 535 1840 ,
553 1799 643 1829 non
665 1799 741 1843 per
763 1798 833 1826 me
854 1783 995 1842 ipsum
1017 1783 1101 1827 feci
1120 1818 1130 1838 ‚
1154 1783 1230 1827 sed
1251 1783 1416 1828 factum
1439 1794 1502 1828 est
1524 1785 1631 1828 mihi
1651 1820 1662 1839 ,
1687 1785 1776 1829 uti-

385 1871 472 1917 que
501 1855 575 1898 abs
594 1863 637 1898 te
660 1873 668 1898 :
694 1872 712 1894 ‹<
739 1853 850 1906 Quia
865 1853 1194 1913 justificationes
1219 1873 1235 1893 »
1263 1869 1352 1897 non
1369 1869 1509 1908 meas,
1530 1853 1605 1897 sed
1632 1873 1648 1893 «
1676 1863 1773 1898 tuas

389 1945 410 1969 »
445 1925 670 1985 exquisivi.
695 1927 809 1968 Deus
832 1933 894 1968 est
916 1924 1030 1967 enim
1045 1959 1056 1978 ,
1080 1924 1224 1984 inquit
1241 1924 1474 1983 Apostolus
1491 1959 1502 1979 ‚
1528 1924 1604 1984 qui
1623 1939 1775 1983 opera-

391 2016 409 2038 »
445 2005 517 2040 tur
541 1996 585 2038 in
606 1995 730 2039 vobis
754 2002 797 2037 et
821 1993 932 2038 velle
970 2002 1013 2037 et
1046 1994 1213 2053 operari
1236 2009 1313 2052 pro
1336 1994 1451 2037 bona
1473 1993 1729 2037 voluntate²
1751 2014 1769 2035 »

388 2068 481 2110 Hoc
504 2067 633 2109 etiam
656 2079 732 2123 per
756 2064 1017 2123 Prophetam
1041 2067 1154 2108 Deus
1185 2062 1289 2107 dicit
1318 2083 1326 2107 :
1356 2083 1373 2102 ‹<
1408 2066 1465 2107 Et
1488 2062 1642 2107 faciam
1662 2063 1773 2107 utin

392 2157 409 2179 »
439 2134 822 2197 justificationibus
851 2135 956 2178 meis
979 2132 1232 2188 ambuletis,
1259 2142 1301 2176 et
1323 2132 1487 2192 judicia
1510 2148 1602 2176 mea
1626 2133 1773 2177 obser-

392 2227 410 2248 »
446 2207 552 2251 vetis
571 2215 614 2250 et
635 2204 841 2250 faciatisss.
855 2226 871 2246 »
885 2209 1156 2264 Quapropter
1175 2209 1259 2247 Deo
1273 2202 1464 2247 dicente:
1482 2222 1498 2243 «
1512 2206 1605 2261 Ego
1618 2203 1771 2247 faciam

390 2297 408 2319 »
442 2286 491 2321 ut
506 2275 670 2337 judicia
687 2291 783 2319 mea
802 2275 1036 2319 observetis
1058 2310 1069 2329 ‚
1087 2283 1129 2318 et
1151 2272 1314 2318 faciatis
1343 2293 1351 2317 :
1383 2294 1399 2314 »
1424 2273 1659 2317 rectissime
1694 2274 1772 2317 iste

385 2347 510 2391 dicit:
536 2366 555 2388 «
568 2349 660 2390 Hoc
672 2347 834 2390 factum
855 2354 917 2388 est
935 2345 1062 2388 mihi:
1085 2353 1168 2387 »ut
1185 2359 1285 2387 cum
1300 2343 1518 2403 quaesieris
1533 2342 1638 2403 quid
1656 2342 1764 2386 illud

386 2418 455 2472 sit7
472 2417 728 2477 respondeat
747 2415 866 2476 quod
882 2432 1010 2475 supra
1033 2416 1199 2459 dixerat
1220 2434 1228 2459 :
1245 2417 1334 2458 «Ut
1348 2414 1611 2458 custodirem
1626 2414 1768 2473 legem

389 2507 409 2529 n
446 2488 537 2531 Dei.
563 2486 682 2532 »Sed
699 2486 799 2547 quia
820 2486 897 2529 iste
923 2486 967 2528 in
987 2484 1170 2544 longum
1186 2487 1334 2528 Sermo
1357 2485 1578 2543 processit,
1601 2499 1648 2528 ea
1668 2500 1770 2544 quae

436 2579 443 2594 ¹
464 2572 541 2603 Psal.
563 2583 648 2612 xxvr,
672 2571 702 2612 4
724 2588 764 2593 —
785 2577 796 2592 ²
819 2570 930 2611 Philip*
956 2581 991 2607 11,
1015 2570 1064 2603 13,
1086 2586 1126 2591 --
1148 2567 1289 2601 ³Ezech.
1309 2579 1416 2608 xxxvr,
1435 2577 1488 2609 27.
