1848 3261
468 213 709 244 ENAnnAri-xo
740 217 784 243 us
817 213 1018 244 PsALMUM
1049 218 1121 243 cu.
1411 203 1464 243 85

91 298 112 322 »
147 282 262 326 enim
283 280 525 325 secundum
544 282 747 326 duritiam
769 280 910 325 cordis
931 281 996 324 tui
1014 290 1056 324 et
1074 296 1148 325 cor
1168 281 1463 341 impoenitens,

92 371 110 393 »
148 352 404 396 thesaurizas
426 352 507 396 tibi
529 353 637 397 iram
660 354 705 396 in
727 352 796 396 die
822 352 896 395 irae
919 361 962 395 et
983 351 1255 395 revelationis
1273 353 1375 411 justi
1395 353 1469 413 ju·-

90 439 111 463 »
147 422 248 466 dicii
264 423 355 477 Dei,
378 424 453 483 qui
471 423 623 468 reddet
640 423 874 482 unicuique
896 422 1137 466 secundum
1156 438 1284 481 opera
1303 438 1379 466 sua
1395 425 1424 466 ¹.
1444 442 1464 465 n

87 495 183 537 Non
223 493 302 536 tibi
339 494 398 537 sic
428 494 626 538 videatur
647 500 756 537 Deus
777 494 1038 548 misericors,
1069 502 1119 537 ut
1153 509 1241 537 non
1270 491 1471 537 videatur

82 564 240 623 justus.
277 565 550 609 «Misericors
588 575 632 621 et
666 565 888 609 miserator
920 564 1144 609 Dominus.
1171 583 1190 605 »
1223 562 1391 618 Audio,
1428 573 1473 608 et

90 633 274 692 gaudeo.
298 638 362 678 lta
380 635 499 679 dicis.
526 635 657 690 Audi,
679 644 721 679 et
744 633 904 693 gaude,
930 633 1073 678 adhuc
1095 633 1263 678 addidit
1289 653 1298 678 ι
1328 637 1474 677 «Lon-

90 720 110 744 »
148 703 327 761 ganimis
348 713 390 747 et
413 705 602 749 multum
625 705 862 749 misericors
884 724 891 748 :
923 726 939 745 »
968 713 1010 748 et
1041 705 1086 747 in
1111 713 1327 757 extremo,
1376 722 1395 744 «
1416 706 1473 747 Et

90 791 111 814 »
145 789 289 817 verax.
318 793 337 814 n
390 775 561 819 Gaudes
610 775 664 819 ad
705 775 837 820 verba
879 775 1098 833 superiora
1115 810 1125 829 ,
1171 775 1223 819 ad
1265 773 1472 817 ultimum

86 853 236 887 treme.
267 845 334 889 Sic
367 847 603 890 misericors
628 855 671 890 et
702 845 958 904 longanimis
987 854 1074 899 est,
1101 854 1151 888 ut
1173 845 1226 889 sit
1259 853 1302 888 et
1323 859 1468 888 verax.

86 916 197 958 Cum
220 915 300 958 tibi
325 916 677 960 thesaurizaveris
700 916 807 960 iram
830 916 874 959 in
901 915 971 961 die
992 916 1089 969 irae,
1111 930 1258 960 nonne
1279 915 1471 975 experie-

86 985 141 1029 ris
152 1001 167 1044 ]
177 993 347 1041 ustum,
375 1002 505 1046 quem
529 987 824 1046 contempsisti
847 986 1109 1045 benignum?

144 1058 286 1100 XVII.
329 1076 347 1099 «
367 1060 464 1102 Non
480 1058 526 1101 in
549 1059 679 1102 finem
701 1058 922 1110 irascetur,
949 1071 1089 1114 neque
1106 1055 1151 1099 in
1173 1063 1386 1099 aeternum
1403 1056 1475 1099 in-

89 1143 108 1167 »
146 1125 446 1186 dig11abiiur2.
476 1145 496 1166 »
536 1128 647 1178 Quia
684 1135 728 1169 et
762 1124 881 1185 quod
912 1125 1098 1169 vivimus
1129 1126 1175 1169 in
1209 1125 1392 1185 flagellis
1434 1135 1478 1169 et

86 1197 365 1255 corruptione
403 1195 677 1240 mortalitatis
712 1195 766 1240 de
798 1195 1092 1254 indignatione
1126 1196 1258 1255 ipsius
1289 1205 1352 1240 est
1384 1215 1394 1241 z
1420 1195 1475 1240 de

85 1281 216 1325 poena
239 1267 322 1310 hoe
345 1266 557 1310 habemus
579 1266 707 1326 primi
734 1266 914 1326 peccati.
941 1269 1111 1310 Fratres
1141 1266 1257 1319 mei,
1287 1282 1377 1311 non
1411 1282 1476 1311 so-

84 1336 177 1380 lum
210 1338 397 1395 cogitare
430 1336 666 1393 debemus,
701 1346 750 1381 ut
783 1336 952 1381 futuras
983 1337 1119 1381 minas
1153 1337 1286 1396 ipsius
1324 1337 1474 1382 evada-

85 1422 206 1463 mus,
238 1407 313 1452 sed
335 1416 378 1452 et
403 1417 660 1468 praesentem
691 1409 799 1452 iram
826 1428 834 1452 :
861 1407 963 1468 quia
985 1417 1027 1451 et
1049 1407 1129 1451 ista
1150 1407 1209 1451 ira
1234 1408 1366 1467 ipsius
1389 1417 1474 1463 cst,

86 1479 207 1538 cujus
259 1477 301 1522 et
356 1494 400 1523 se
442 1488 485 1523 et
517 1494 594 1523 nos
627 1478 756 1523 fuisse
801 1479 907 1522 dicit
948 1478 1058 1522 filios
1095 1478 1344 1537 Apostolus⁸
1401 1480 1477 1524 Ait

85 1549 247 1608 quippe
270 1568 278 1593 ;
306 1567 325 1591 «
348 1548 526 1592 Fuimus
545 1549 660 1592 enim
682 1557 726 1592 et
752 1564 828 1592 nos
851 1547 1087 1608 aliquando
1105 1557 1260 1592 natura
1279 1548 1358 1592 filii
1381 1549 1472 1604 irae,

88 1637 108 1660 »
144 1619 254 1663 sicut
267 1628 309 1663 et
332 1619 517 1663 eaetei·i³.
548 1638 566 1660 »
594 1622 706 1676 Ergo
725 1633 777 1662 ex
800 1618 861 1662 ira
879 1618 1011 1677 ipsius
1030 1627 1093 1662 est
1111 1618 1232 1679 quod
1248 1619 1319 1663 hic
1341 1620 1475 1665 homo
1506 1668 1509 1669 ⁷

85 1691 400 1750 peregrinatur,
422 1690 543 1750 quod
560 1690 745 1735 laborat.
772 1693 869 1735 Non
891 1699 955 1734 est
977 1706 1026 1734 ex
1050 1690 1112 1734 ira
1134 1690 1266 1750 ipsius
1283 1725 1294 1746 ,
1320 1689 1476 1735 fratres

87 1761 170 1804 mei
200 1780 208 1806 2
239 1779 258 1803 «
277 1763 327 1804 In
350 1760 506 1805 sudore
529 1770 572 1804 ct
593 1761 634 1803 in
654 1760 804 1805 labore
826 1759 926 1804 edes
943 1775 1099 1819 panem
1122 1769 1270 1816 tuum,
1297 1770 1339 1805 et
1363 1770 1475 1806 terra

89 1849 108 1872 »
143 1832 286 1891 spinas
309 1841 351 1876 et
375 1832 556 1876 tribulos
580 1833 716 1891 pariet
744 1832 875 1876 tibist>
893 1852 912 1874 »
939 1832 1119 1876 Auctori
1141 1841 1289 1877 nostro
1309 1833 1476 1878 dictum

85 1911 162 1945 est.
194 1905 283 1946 Aut
306 1903 340 1946 si
362 1912 425 1946 est
450 1902 569 1946 aliud
597 1903 682 1946 vita
714 1911 858 1947 nostra
876 1937 886 1956 ‚
913 1903 944 1945 si
968 1911 1116 1961 potes,
1143 1912 1395 1947 convertere
1420 1903 1476 1947 ad

86 1971 276 2031 aliquam
297 1972 563 2031 voluptatem
585 2007 594 2027 ,
620 1972 698 2016 ubi
721 1972 861 2031 spinas
893 1987 984 2016 non
1004 1972 1175 2016 sentias.
1208 1972 1331 2031 Elige
1354 1973 1475 2034 quod

83 2042 301 2100 volueris,
335 2059 512 2098 avarus,
538 2042 808 2098 luxuriosus,
849 2052 899 2087 ut
921 2042 1009 2087 duo
1032 2043 1110 2087 ista
1137 2043 1226 2087 sola
1255 2042 1472 2101 dicamus,

85 2112 196 2157 adde
231 2124 273 2159 et
308 2116 511 2170 tertium,
553 2115 806 2159 ambitiosus
843 2134 851 2158 :
893 2113 938 2158 in
973 2114 1190 2159 honorum
1233 2114 1473 2174 cupiditate

85 2193 261 2244 quantae
293 2185 456 2244 spinae?
485 2189 536 2229 In
558 2185 728 2229 luxurie
757 2184 992 2228 libidinum
1022 2194 1199 2245 quantae
1224 2185 1388 2244 spinae?
1423 2188 1474 2229 ln

87 2254 241 2299 ardore
275 2255 464 2299 avaritiae
497 2265 672 2315 quantae
701 2255 864 2314 spinae?
892 2258 1070 2300 Amores
1108 2265 1256 2316 turpes
1288 2264 1474 2315 quantas

84 2327 302 2370 molestias
326 2327 517 2370 habent?
541 2335 725 2386 quantas
746 2325 1061 2370 sollicitudines
1083 2327 1154 2371 hic
1183 2327 1229 2370 in
1257 2327 1335 2370 ista
1357 2327 1478 2371 vita?

85 2397 250 2442 Omitto
273 2398 505 2455 gehennas.
525 2397 636 2441 Vide
661 2413 715 2441 ne
732 2399 821 2457 jam
844 2397 933 2457 ipse
952 2398 1031 2441 tibi
1063 2399 1261 2457 gehenna
1282 2397 1350 2442 sis.
1379 2401 1474 2443 Hoc

85 2483 187 2527 ergo
216 2477 384 2523 totum,
429 2467 582 2512 fratres
610 2468 720 2522 mei,
748 2467 802 2511 de
832 2467 894 2512 ira
926 2468 1057 2527 ipsius
1093 2477 1156 2512 cst
1181 2488 1190 2513 :
1228 2477 1271 2512 et
1304 2484 1403 2512 cum
1432 2477 1472 2512 te

134 2559 142 2575 ¹
164 2555 254 2585 Rom.
277 2552 364 2594 11‚5,
385 2552 417 2584 6.
441 2570 480 2575 —-
502 2560 514 2574 ²
538 2552 621 2584 rsat.
640 2563 690 2593 cu,
711 2555 742 2584 9.
765 2569 804 2575 —-·
827 2550 973 2594 ³Ephcs.
995 2564 1034 2594 11,
1058 2553 1087 2585 3.
1107 2570 1148 2576 —-
1167 2551 1181 2582 4
1200 2555 1283 2587 Gen.
1302 2564 1353 2594 111,
1374 2563 1425 2594 ¹9·
