1848 3261
431 218 673 249 ENARRATm
703 222 748 249 m
781 219 986 249 PSALMUM
1016 224 1148 251 cxvn.
1368 215 1454 256 369

71 277 152 323 bus
170 283 294 340 poni:
313 283 395 328 nisi
411 284 523 331 forte
544 296 666 332 tanta
687 294 751 331 est
770 286 817 330 in
839 287 1096 346 cujusquam
1119 299 1265 334 mente
1286 306 1456 350 perver-

70 349 170 394 sitas
186 387 196 407 ‚
234 362 284 398 ut
321 354 463 400 dicere
500 358 658 402 audeat
690 356 819 401 etiam
852 356 994 416 ipsum
1033 358 1269 403 Dominum
1306 364 1456 406 Jesum

70 422 290 469 Christum
322 438 499 486 peccata
526 445 602 473 sua
624 428 740 473 Patri
767 443 856 472 esse
885 426 1147 473 confessum.
1172 430 1300 482 Quod
1322 432 1356 475 si
1374 433 1456 476 ali-

69 492 165 551 quis
185 494 343 555 impius
364 508 541 558 propter
563 513 724 543 nomen
745 497 1025 543 confessionis
1044 508 1234 544 tentaret
1251 500 1455 560 objicere,

70 560 276 610 facillime
297 567 566 613 refelleretur
585 569 676 627 ipsa
698 569 974 614 contextione
988 570 1236 614 verborum.
1260 571 1327 616 Sic
1344 572 1462 617 enim

71 631 268 694 loquitur
288 657 298 683 ς
327 657 346 681 1(
366 639 589 684 Confiteor
609 639 690 683 tibi
706 674 717 695 ‚
744 640 903 700 inquit,
924 643 1066 695 Pater,
1093 641 1278 685 Domine
1299 641 1401 687 coeli
1418 652 1463 688 et

74 723 96 747 »
131 716 257 752 terrae
272 744 283 765 ‚
309 712 410 771 quia
432 711 694 757 abscondisti
714 713 808 756 haec
830 728 854 755 a
876 712 1140 773 sapientibus
1164 722 1207 757 et
1224 713 1461 773 'prudenti-

75 793 96 818 >›
131 777 239 833 bus,
270 788 314 824 et
336 781 534 826 revelasti
556 797 606 826 ea
635 781 857 842 parvulis3
884 782 960 837 ita,
989 785 1131 838 Pater,
1158 783 1368 843 quoniam
1401 785 1462 831 sic

75 863 96 888 »
131 847 342 906 placitum
369 860 433 895 est
466 866 612 896 coram
647 854 730 896 te1.
758 870 779 894 »
810 852 915 905 Quis
938 868 1028 897 non
1059 868 1159 897 eum
1180 853 1394 913 intelligat
1416 856 1465 901 in

72 916 203 963 laude
225 920 361 965 Patris
393 922 488 965 haec
512 921 686 966 dicere?
715 922 820 975 Quis
847 938 938 967 non
972 922 1116 967 videat
1140 923 1267 968 istam
1288 925 1463 970 confes-

72 987 238 1033 sionem
260 1005 351 1035 non
373 990 427 1036 ad
450 990 647 1036 dolorem
675 991 843 1048 cordiS‚
884 991 961 1036 sed
990 992 1046 1036 ad
1080 993 1290 1051 gaudium
1326 997 1465 1054 perti-

73 1072 174 1102 nere
193 1079 204 1116 3
229 1075 330 1105 cum
348 1061 479 1106 etiam
495 1061 760 1121 praecesserit
775 1061 1048 1120 Evangelista
1065 1062 1213 1107 dicens
1232 1082 1241 1108 ε
1267 1083 1288 1107 «
1300 1068 1353 1109 In
1373 1066 1468 1126 ipsa

74 1147 96 1172 »
131 1130 238 1175 hora
271 1130 479 1178 exultavit
515 1132 678 1193 Spiritu
706 1141 856 1178 sancto
884 1141 928 1177 et
957 1131 1065 1177 dixit
1089 1151 1098 1178 ε
1127 1134 1352 1181 Confiteor
1385 1138 1468 1183 tibi

75 1217 97 1242 ))
133 1203 321 1245 Pater2?
343 1220 364 1244 )›

133 1274 191 1315 II.
218 1275 520 1332 Quapropter,
557 1272 820 1328 charissimi,
853 1272 1063 1333 quoniam
1094 1274 1217 1320 nullo
1238 1277 1370 1322 modo
1403 1287 1468 1324 est

73 1341 252 1386 omnino
272 1341 564 1386 dubitandum
579 1377 589 1396 ,
615 1351 681 1386 tot
702 1344 1048 1401 congruentibus
1069 1345 1342 1402 testimoniis,
1358 1364 1468 1408 quo-

72 1427 170 1456 rum
189 1412 340 1456 similia
361 1413 406 1456 in
425 1412 656 1471 Scripturis
677 1427 754 1472 per
774 1428 850 1457 vos
872 1413 986 1472 ipsos
1008 1415 1185 1473 potestis
1209 1415 1435 1463 advertere
1451 1455 1463 1475 ‚

72 1499 162 1527 non
179 1493 351 1527 tantum
374 1483 419 1527 in
444 1483 630 1542 peccatis
645 1518 655 1537 ,
679 1484 755 1527 sed
777 1492 819 1527 et
840 1483 886 1527 in
906 1483 1109 1529 laudibus
1134 1486 1212 1529 Dei
1230 1487 1468 1534 confessio-

72 1569 173 1598 nem
190 1553 345 1599 divinis
368 1554 538 1598 Litteris
560 1553 696 1598 solere
718 1553 961 1612 nominari3
987 1555 1096 1614 quid
1118 1560 1465 1614 congruentibus

73 1623 120 1668 in
138 1625 221 1669 hoc
244 1623 412 1669 Psalmo
429 1659 440 1679 ‚
462 1622 637 1684 quando
662 1642 681 1665 «
713 1622 900 1667 Alleluia
924 1641 944 1665 »
971 1634 1212 1681 cantamus,
1240 1628 1362 1688 quod
1384 1639 1463 1687 est,

75 1695 269 1740 Laudate
291 1694 550 1749 Dominum,
575 1708 654 1738 1103
676 1692 900 1738 admoneri
922 1693 1203 1752 intelligimus
1221 1732 1231 1751 ‚
1257 1714 1356 1742 cum
1385 1716 1467 1745 au-

75 1766 218 1811 dimus
239 1785 248 1811 :
279 1784 298 1808 1(
322 1765 601 1810 Confitemini
623 1765 831 1819 Domino,
861 1783 880 1806 n
907 1781 1038 1825 quam
1061 1766 1251 1826 idipsum
1267 1805 1277 1824 ,
1305 1771 1468 1819 scilicet

74 1847 126 1883 ut
146 1836 374 1883 laudemus
385 1835 652 1879 Dominum?
668 1837 765 1880 Non
780 1836 923 1895 potuit
939 1835 1031 1880 laus
1047 1837 1126 1881 Dei
1141 1838 1315 1886 brevius
1337 1844 1471 1903 expli-

76 1910 184 1964 cari,
211 1923 342 1968 quam
360 1916 410 1951 ut
432 1905 648 1950 diceretur
669 1924 677 1951 ε
711 1925 731 1948 «
750 1906 969 1960 Quoniam
991 1907 1133 1952 bonus
1159 1920 1222 1955 est
1241 1913 1273 1956 3.
1302 1931 1322 1955 »
1350 1915 1469 1967 Quid

76 1981 132 2026 sit
159 1978 364 2038 grandius
389 1977 469 2021 ista
503 1976 716 2021 brevitate
733 2011 744 2032 ‚
781 1993 871 2022 non
892 1977 1048 2037 vidco3
1071 1995 1171 2024 cum
1193 1981 1252 2026 ita
1288 1985 1341 2027 sit
1361 2001 1467 2045 pro-

76 2051 221 2111 prium
242 2053 332 2094 Deo
349 2047 469 2109 quod
490 2047 632 2092 bonus
655 2057 733 2103 est,
748 2057 836 2092 uta
858 2049 1051 2109 quodam
1073 2051 1358 2111 compellatus
1375 2057 1470 2120 ipse

77 2121 213 2167 Filius
236 2120 338 2174 Dei,
365 2134 467 2164 cum
489 2117 684 2163 audiret:
706 2119 938 2177 «Magister
955 2120 1092 2177 bone,
1117 2141 1137 2164 »
1161 2123 1214 2167 ab
1231 2140 1283 2169 00
1306 2130 1470 2177 scilicet

77 2192 154 2253 qui
177 2205 350 2236 carnem
372 2190 462 2250 ejus
487 2189 677 2245 intuens,
703 2197 746 2232 et
767 2189 1011 2235 Divinitatis
1039 2191 1362 2251 plenitudinem
1378 2217 1470 2247 non

78 2262 347 2322 intelligens,
386 2260 527 2306 solum
558 2261 780 2306 hominem
812 2261 1134 2325 arbitrabatur3
1158 2270 1466 2329 responderet:

84 2354 105 2378 «
139 2333 252 2387 Quid
280 2349 350 2377 me
371 2333 609 2393 interrogas
633 2332 687 2377 de
709 2333 858 2378 bono?
889 2336 1026 2380 Nemo
1050 2337 1193 2384 bonus
1212 2376 1222 2396 ,
1252 2342 1333 2385 nisi
1356 2360 1471 2389 unus

83 2424 104 2447 »
140 2405 289 2450 1101134.
307 2423 328 2447 ))
355 2403 480 2457 Quod
502 2403 610 2465 quid
636 2413 700 2449 est
729 2403 848 2448 aliud
871 2403 1030 2463 dicere,
1054 2425 1202 2469 quam,
1227 2412 1269 2456 Si
1292 2428 1363 2457 me
1386 2414 1471 2460 bo-

129 2511 137 2526 ¹
168 2505 244 2536 Luc.
269 2513 308 2543 x,
332 2510 385 2535 21.
418 2519 459 2526 -
490 2509 504 2526 ²
534 2501 615 2536 thid.
649 2519 690 2526 -
717 2500 730 2526 3
760 2501 840 2535 Psal.
872 2513 974 2546 van,
1003 2515 1031 2538 1.
1061 2523 1102 2530 —
1126 2505 1143 2538 4
1161 2508 1468 2554 Marc.x,17‚18‚

244 2577 399 2610 CXVIII.
1228 2573 1280 2613 24⁴
