<?xml version="1.0" encoding="UTF-8"?>
<!DOCTYPE html PUBLIC "-//W3C//DTD XHTML 1.0 Transitional//EN"
    "http://www.w3.org/TR/xhtml1/DTD/xhtml1-transitional.dtd">
<html xmlns="http://www.w3.org/1999/xhtml" xml:lang="en" lang="en">
 <head>
  <title>
</title>
<meta http-equiv="Content-Type" content="text/html;charset=utf-8" />
  <meta name='ocr-system' content='tesseract 3.04.00' />
  <meta name='ocr-capabilities' content='ocr_page ocr_carea ocr_par ocr_line ocrx_word'/>
</head>
<body>
  <div class='ocr_page' id='page_1' title='image "./operaomniaaccura11auguuoft_0189.png"; bbox 0 0 1848 3261; ppageno 0'>
   <div class='ocr_carea' id='block_1_1' title="bbox 247 205 1445 250">
    <p class='ocr_par' dir='ltr' id='par_1_1' title="bbox 247 205 1445 250">
     <span class='ocr_line' id='line_1_1' title="bbox 247 205 1445 250; baseline 0.004 -13"><span class='ocrx_word' id='word_1_1' title='bbox 247 209 487 240; x_wconf 74' lang='lat' dir='ltr'>ENARRA&#39;no</span> <span class='ocrx_word' id='word_1_2' title='bbox 519 214 562 240; x_wconf 91' lang='lat' dir='ltr'>1v</span> <span class='ocrx_word' id='word_1_3' title='bbox 596 214 640 240; x_wconf 74' lang='lat' dir='ltr'>m</span> <span class='ocrx_word' id='word_1_4' title='bbox 673 211 874 240; x_wconf 74' lang='lat' dir='ltr'>PsALMUM</span> <span class='ocrx_word' id='word_1_5' title='bbox 904 215 1001 250; x_wconf 81' lang='lat' dir='ltr'>CIII,</span> <span class='ocrx_word' id='word_1_6' title='bbox 1035 211 1173 241; x_wconf 76' lang='lat' dir='ltr'>SERMO</span> <span class='ocrx_word' id='word_1_7' title='bbox 1205 216 1264 241; x_wconf 91' lang='lat' dir='ltr'>1v.</span> <span class='ocrx_word' id='word_1_8' title='bbox 1363 205 1445 242; x_wconf 87' lang='grc'>179</span> 
     </span>
    </p>
   </div>
   <div class='ocr_carea' id='block_1_2' title="bbox 65 276 1455 2524">
    <p class='ocr_par' dir='ltr' id='par_1_2' title="bbox 65 276 1455 2302">
     <span class='ocr_line' id='line_1_2' title="bbox 72 276 1446 336; baseline 0.007 -21"><span class='ocrx_word' id='word_1_9' title='bbox 72 290 94 329; x_wconf 73' lang='lat'>³?</span> <span class='ocrx_word' id='word_1_10' title='bbox 127 282 242 330; x_wconf 84' lang='lat' dir='ltr'>tant,</span> <span class='ocrx_word' id='word_1_11' title='bbox 267 285 318 320; x_wconf 91' lang='lat' dir='ltr'>ut</span> <span class='ocrx_word' id='word_1_12' title='bbox 338 276 413 322; x_wconf 91' lang='lat' dir='ltr'>des</span> <span class='ocrx_word' id='word_1_13' title='bbox 431 277 514 321; x_wconf 75' lang='lat' dir='ltr'>illis</span> <span class='ocrx_word' id='word_1_14' title='bbox 541 277 687 321; x_wconf 88' lang='lat' dir='ltr'>cibum</span> <span class='ocrx_word' id='word_1_15' title='bbox 709 277 756 321; x_wconf 91' lang='lat' dir='ltr'>in</span> <span class='ocrx_word' id='word_1_16' title='bbox 776 286 972 335; x_wconf 89' lang='lat' dir='ltr'>tempore</span> <span class='ocrx_word' id='word_1_17' title='bbox 994 287 1242 336; x_wconf 87' lang='lat' dir='ltr'>opportuno</span> <span class='ocrx_word' id='word_1_18' title='bbox 1265 298 1273 323; x_wconf 92' lang='lat'><strong>:</strong></span> <span class='ocrx_word' id='word_1_19' title='bbox 1301 297 1322 320; x_wconf 90' lang='lat'>»</span> <span class='ocrx_word' id='word_1_20' title='bbox 1343 280 1446 324; x_wconf 88' lang='lat' dir='ltr'>uni-</span> 
     </span>
     <span class='ocr_line' id='line_1_3' title="bbox 69 343 1447 403; baseline 0.006 -17"><span class='ocrx_word' id='word_1_21' title='bbox 69 343 227 403; x_wconf 86' lang='lat' dir='ltr'>cuique</span> <span class='ocrx_word' id='word_1_22' title='bbox 252 345 397 390; x_wconf 88' lang='lat' dir='ltr'>cibum</span> <span class='ocrx_word' id='word_1_23' title='bbox 418 363 560 391; x_wconf 89' lang='lat' dir='ltr'>suum.</span> <span class='ocrx_word' id='word_1_24' title='bbox 594 347 737 391; x_wconf 88' lang='lat' dir='ltr'>Habes</span> <span class='ocrx_word' id='word_1_25' title='bbox 759 347 907 391; x_wconf 90' lang='lat' dir='ltr'>cibum</span> <span class='ocrx_word' id='word_1_26' title='bbox 927 356 1053 390; x_wconf 92' lang='lat' dir='ltr'>tuum</span> <span class='ocrx_word' id='word_1_27' title='bbox 1067 382 1078 401; x_wconf 96' lang='lat'>,</span> <span class='ocrx_word' id='word_1_28' title='bbox 1103 347 1235 391; x_wconf 85' lang='lat' dir='ltr'>habet</span> <span class='ocrx_word' id='word_1_29' title='bbox 1252 358 1295 391; x_wconf 85' lang='lat' dir='ltr'>et</span> <span class='ocrx_word' id='word_1_30' title='bbox 1316 348 1447 394; x_wconf 88' lang='lat' dir='ltr'>draco</span> 
     </span>
     <span class='ocr_line' id='line_1_4' title="bbox 68 413 1446 476; baseline 0.005 -20"><span class='ocrx_word' id='word_1_31' title='bbox 68 413 217 458; x_wconf 85' lang='lat' dir='ltr'>cibum</span> <span class='ocrx_word' id='word_1_32' title='bbox 237 431 379 460; x_wconf 88' lang='lat' dir='ltr'>suum.</span> <span class='ocrx_word' id='word_1_33' title='bbox 408 417 450 462; x_wconf 84' lang='lat' dir='ltr'>Si</span> <span class='ocrx_word' id='word_1_34' title='bbox 472 418 583 461; x_wconf 87' lang='lat' dir='ltr'>bene</span> <span class='ocrx_word' id='word_1_35' title='bbox 604 417 758 461; x_wconf 74' lang='lat' dir='ltr'>vixeris</span> <span class='ocrx_word' id='word_1_36' title='bbox 774 452 785 471; x_wconf 90' lang='lat'>,</span> <span class='ocrx_word' id='word_1_37' title='bbox 816 417 962 460; x_wconf 85' lang='lat' dir='ltr'>cibum</span> <span class='ocrx_word' id='word_1_38' title='bbox 993 416 1213 461; x_wconf 82' lang='lat' dir='ltr'>Christum</span> <span class='ocrx_word' id='word_1_39' title='bbox 1235 418 1416 463; x_wconf 82' lang='lat' dir='ltr'>habebis</span> <span class='ocrx_word' id='word_1_40' title='bbox 1435 441 1446 476; x_wconf 83' lang='lat'>3</span> 
     </span>
     <span class='ocr_line' id='line_1_5' title="bbox 68 483 1452 539; baseline 0.005 -13"><span class='ocrx_word' id='word_1_41' title='bbox 68 483 100 526; x_wconf 89' lang='lat' dir='ltr'>si</span> <span class='ocrx_word' id='word_1_42' title='bbox 121 499 145 527; x_wconf 86' lang='lat' dir='ltr'>a</span> <span class='ocrx_word' id='word_1_43' title='bbox 173 486 345 530; x_wconf 89' lang='lat' dir='ltr'>Christo</span> <span class='ocrx_word' id='word_1_44' title='bbox 368 488 588 531; x_wconf 76' lang='lat' dir='ltr'>recesseris</span> <span class='ocrx_word' id='word_1_45' title='bbox 603 522 614 539; x_wconf 90' lang='lat'>,</span> <span class='ocrx_word' id='word_1_46' title='bbox 641 487 764 531; x_wconf 80' lang='lat' dir='ltr'>cibus</span> <span class='ocrx_word' id='word_1_47' title='bbox 786 487 984 530; x_wconf 88' lang='lat' dir='ltr'>draconis</span> <span class='ocrx_word' id='word_1_48' title='bbox 1013 487 1109 531; x_wconf 87' lang='lat' dir='ltr'>eris.</span> <span class='ocrx_word' id='word_1_49' title='bbox 1139 506 1158 529; x_wconf 94' lang='lat'>«</span> <span class='ocrx_word' id='word_1_50' title='bbox 1180 488 1338 531; x_wconf 86' lang='lat' dir='ltr'>Omnia</span> <span class='ocrx_word' id='word_1_51' title='bbox 1360 504 1383 532; x_wconf 87' lang='lat' dir='ltr'>a</span> <span class='ocrx_word' id='word_1_52' title='bbox 1408 498 1452 533; x_wconf 88' lang='lat' dir='ltr'>te</span> 
     </span>
     <span class='ocr_line' id='line_1_6' title="bbox 70 557 1444 616; baseline 0.002 -21"><span class='ocrx_word' id='word_1_53' title='bbox 70 571 92 594; x_wconf 87' lang='lat'>»</span> <span class='ocrx_word' id='word_1_54' title='bbox 126 564 354 613; x_wconf 83' lang='lat' dir='ltr'>expectant</span> <span class='ocrx_word' id='word_1_55' title='bbox 372 591 383 611; x_wconf 90' lang='lat'>,</span> <span class='ocrx_word' id='word_1_56' title='bbox 408 566 457 600; x_wconf 87' lang='lat' dir='ltr'>ut</span> <span class='ocrx_word' id='word_1_57' title='bbox 476 557 551 600; x_wconf 89' lang='lat' dir='ltr'>des</span> <span class='ocrx_word' id='word_1_58' title='bbox 570 557 651 600; x_wconf 81' lang='lat' dir='ltr'>illis</span> <span class='ocrx_word' id='word_1_59' title='bbox 673 557 821 600; x_wconf 83' lang='lat' dir='ltr'>cibum</span> <span class='ocrx_word' id='word_1_60' title='bbox 842 557 888 600; x_wconf 87' lang='lat' dir='ltr'>in</span> <span class='ocrx_word' id='word_1_61' title='bbox 910 567 1105 616; x_wconf 85' lang='lat' dir='ltr'>tempore</span> <span class='ocrx_word' id='word_1_62' title='bbox 1127 567 1393 616; x_wconf 86' lang='lat' dir='ltr'>opportuno.</span> <span class='ocrx_word' id='word_1_63' title='bbox 1425 577 1444 599; x_wconf 89' lang='lat'>»</span> 
     </span>
     <span class='ocr_line' id='line_1_7' title="bbox 69 625 1445 686; baseline 0.003 -19"><span class='ocrx_word' id='word_1_64' title='bbox 69 625 184 676; x_wconf 87' lang='lat' dir='ltr'>Quid</span> <span class='ocrx_word' id='word_1_65' title='bbox 206 625 373 670; x_wconf 86' lang='lat' dir='ltr'>dictum</span> <span class='ocrx_word' id='word_1_66' title='bbox 403 637 466 671; x_wconf 84' lang='lat' dir='ltr'>est</span> <span class='ocrx_word' id='word_1_67' title='bbox 492 628 571 686; x_wconf 85' lang='lat' dir='ltr'>ipsi</span> <span class='ocrx_word' id='word_1_68' title='bbox 598 627 807 671; x_wconf 79' lang='lat' dir='ltr'>draconi?</span> <span class='ocrx_word' id='word_1_69' title='bbox 839 647 859 669; x_wconf 88' lang='lat'>«</span> <span class='ocrx_word' id='word_1_70' title='bbox 888 631 1062 672; x_wconf 83' lang='lat' dir='ltr'>Terram</span> <span class='ocrx_word' id='word_1_71' title='bbox 1094 629 1390 673; x_wconf 88' lang='lat' dir='ltr'>manducabis.</span> <span class='ocrx_word' id='word_1_72' title='bbox 1426 648 1445 671; x_wconf 85' lang='lat'>»</span> 
     </span>
     <span class='ocr_line' id='line_1_8' title="bbox 69 696 1450 744; baseline 0.005 -7"><span class='ocrx_word' id='word_1_73' title='bbox 69 696 253 739; x_wconf 87' lang='lat' dir='ltr'>Draconi</span> <span class='ocrx_word' id='word_1_74' title='bbox 274 697 438 740; x_wconf 87' lang='lat' dir='ltr'>dictum</span> <span class='ocrx_word' id='word_1_75' title='bbox 461 707 548 741; x_wconf 88' lang='lat' dir='ltr'>est:</span> <span class='ocrx_word' id='word_1_76' title='bbox 575 717 594 738; x_wconf 74' lang='grc' dir='ltr'>(ι</span> <span class='ocrx_word' id='word_1_77' title='bbox 622 700 795 741; x_wconf 84' lang='lat' dir='ltr'>Terram</span> <span class='ocrx_word' id='word_1_78' title='bbox 813 698 1094 742; x_wconf 83' lang='lat' dir='ltr'>manducabis</span> <span class='ocrx_word' id='word_1_79' title='bbox 1113 699 1278 743; x_wconf 82' lang='lat' dir='ltr'>cunctis</span> <span class='ocrx_word' id='word_1_80' title='bbox 1297 699 1450 744; x_wconf 72' lang='lat' dir='ltr'>diebus</span> 
     </span>
     <span class='ocr_line' id='line_1_9' title="bbox 71 765 1451 814; baseline 0.006 -9"><span class='ocrx_word' id='word_1_81' title='bbox 71 782 92 806; x_wconf 80' lang='lat'>&gt;›</span> <span class='ocrx_word' id='word_1_82' title='bbox 125 765 226 809; x_wconf 75' lang='lat' dir='ltr'>vitoe</span> <span class='ocrx_word' id='word_1_83' title='bbox 248 775 349 810; x_wconf 81' lang='lat' dir='ltr'>tuae.</span> <span class='ocrx_word' id='word_1_84' title='bbox 372 786 392 808; x_wconf 84' lang='lat'>»</span> <span class='ocrx_word' id='word_1_85' title='bbox 418 768 607 811; x_wconf 82' lang='lat' dir='ltr'>Audistis</span> <span class='ocrx_word' id='word_1_86' title='bbox 629 768 776 812; x_wconf 89' lang='lat' dir='ltr'>cibum</span> <span class='ocrx_word' id='word_1_87' title='bbox 797 768 1009 813; x_wconf 84' lang='lat' dir='ltr'>draconis.</span> <span class='ocrx_word' id='word_1_88' title='bbox 1036 771 1133 814; x_wconf 90' lang='lat' dir='ltr'>Non</span> <span class='ocrx_word' id='word_1_89' title='bbox 1154 770 1215 814; x_wconf 87' lang='lat' dir='ltr'>vis</span> <span class='ocrx_word' id='word_1_90' title='bbox 1240 779 1289 812; x_wconf 80' lang='lat' dir='ltr'>tit</span> <span class='ocrx_word' id='word_1_91' title='bbox 1311 770 1385 813; x_wconf 82' lang='lat' dir='ltr'>det,</span> <span class='ocrx_word' id='word_1_92' title='bbox 1409 780 1451 813; x_wconf 90' lang='lat' dir='ltr'>te</span> 
     </span>
     <span class='ocr_line' id='line_1_10' title="bbox 69 837 1452 896; baseline 0.004 -16"><span class='ocrx_word' id='word_1_93' title='bbox 69 838 181 880; x_wconf 84' lang='lat' dir='ltr'>Deus</span> <span class='ocrx_word' id='word_1_94' title='bbox 201 837 552 882; x_wconf 82' lang='lat' dir='ltr'>manducandum</span> <span class='ocrx_word' id='word_1_95' title='bbox 574 839 750 882; x_wconf 84' lang='lat' dir='ltr'>draconi</span> <span class='ocrx_word' id='word_1_96' title='bbox 769 860 779 896; x_wconf 80' lang='lat'>3</span> <span class='ocrx_word' id='word_1_97' title='bbox 802 839 891 883; x_wconf 89' lang='lat' dir='ltr'>noli</span> <span class='ocrx_word' id='word_1_98' title='bbox 909 855 997 883; x_wconf 89' lang='lat' dir='ltr'>esse</span> <span class='ocrx_word' id='word_1_99' title='bbox 1019 841 1141 884; x_wconf 84' lang='lat' dir='ltr'>cibus</span> <span class='ocrx_word' id='word_1_100' title='bbox 1159 841 1380 895; x_wconf 79' lang='lat' dir='ltr'>draconis,</span> <span class='ocrx_word' id='word_1_101' title='bbox 1406 842 1452 885; x_wconf 85' lang='lat' dir='ltr'>id</span> 
     </span>
     <span class='ocr_line' id='line_1_11' title="bbox 68 906 1455 967; baseline 0.004 -18"><span class='ocrx_word' id='word_1_102' title='bbox 68 914 147 960; x_wconf 85' lang='lat' dir='ltr'>est,</span> <span class='ocrx_word' id='word_1_103' title='bbox 173 906 262 950; x_wconf 90' lang='lat' dir='ltr'>noli</span> <span class='ocrx_word' id='word_1_104' title='bbox 279 907 521 967; x_wconf 88' lang='lat' dir='ltr'>relinquere</span> <span class='ocrx_word' id='word_1_105' title='bbox 541 909 725 952; x_wconf 85' lang='lat' dir='ltr'>verbum</span> <span class='ocrx_word' id='word_1_106' title='bbox 744 910 834 952; x_wconf 81' lang='lat' dir='ltr'>Dei.</span> <span class='ocrx_word' id='word_1_107' title='bbox 848 910 931 953; x_wconf 82' lang='lat' dir='ltr'>Ubi</span> <span class='ocrx_word' id='word_1_108' title='bbox 954 911 1069 952; x_wconf 91' lang='lat' dir='ltr'>enim</span> <span class='ocrx_word' id='word_1_109' title='bbox 1087 910 1253 954; x_wconf 84' lang='lat' dir='ltr'>dictum</span> <span class='ocrx_word' id='word_1_110' title='bbox 1274 920 1336 954; x_wconf 81' lang='lat' dir='ltr'>cst</span> <span class='ocrx_word' id='word_1_111' title='bbox 1355 911 1455 954; x_wconf 75' lang='lat' dir='ltr'>dra-</span> 
     </span>
     <span class='ocr_line' id='line_1_12' title="bbox 69 976 1454 1039; baseline 0.004 -21"><span class='ocrx_word' id='word_1_112' title='bbox 69 976 168 1019; x_wconf 90' lang='lat' dir='ltr'>coni</span> <span class='ocrx_word' id='word_1_113' title='bbox 192 995 201 1020; x_wconf 90' lang='lat'>:</span> <span class='ocrx_word' id='word_1_114' title='bbox 233 995 254 1018; x_wconf 86' lang='lat'>«</span> <span class='ocrx_word' id='word_1_115' title='bbox 282 979 456 1021; x_wconf 85' lang='lat' dir='ltr'>Terram</span> <span class='ocrx_word' id='word_1_116' title='bbox 485 978 768 1022; x_wconf 85' lang='lat' dir='ltr'>manducabis</span> <span class='ocrx_word' id='word_1_117' title='bbox 796 998 804 1023; x_wconf 91' lang='lat'>:</span> <span class='ocrx_word' id='word_1_118' title='bbox 837 1000 853 1020; x_wconf 90' lang='lat'>»</span> <span class='ocrx_word' id='word_1_119' title='bbox 890 979 950 1022; x_wconf 89' lang='lat' dir='ltr'>ibi</span> <span class='ocrx_word' id='word_1_120' title='bbox 967 980 1057 1039; x_wconf 85' lang='lat' dir='ltr'>jam</span> <span class='ocrx_word' id='word_1_121' title='bbox 1087 980 1253 1024; x_wconf 90' lang='lat' dir='ltr'>dictum</span> <span class='ocrx_word' id='word_1_122' title='bbox 1289 991 1379 1024; x_wconf 81' lang='lat' dir='ltr'>erat</span> <span class='ocrx_word' id='word_1_123' title='bbox 1411 990 1454 1024; x_wconf 83' lang='lat' dir='ltr'>et</span> 
     </span>
     <span class='ocr_line' id='line_1_13' title="bbox 67 1047 1453 1103; baseline 0.004 -15"><span class='ocrx_word' id='word_1_124' title='bbox 67 1047 408 1103; x_wconf 65' lang='lat' dir='ltr'>praevaricatori,</span> <span class='ocrx_word' id='word_1_125' title='bbox 430 1066 449 1088; x_wconf 90' lang='lat'>«</span> <span class='ocrx_word' id='word_1_126' title='bbox 466 1050 594 1091; x_wconf 84' lang='lat' dir='ltr'>Terra</span> <span class='ocrx_word' id='word_1_127' title='bbox 616 1064 681 1101; x_wconf 84' lang='lat' dir='ltr'>es,</span> <span class='ocrx_word' id='word_1_128' title='bbox 707 1058 750 1092; x_wconf 88' lang='lat' dir='ltr'>et</span> <span class='ocrx_word' id='word_1_129' title='bbox 770 1049 816 1091; x_wconf 92' lang='lat' dir='ltr'>in</span> <span class='ocrx_word' id='word_1_130' title='bbox 840 1058 996 1092; x_wconf 85' lang='lat' dir='ltr'>terram</span> <span class='ocrx_word' id='word_1_131' title='bbox 1018 1050 1140 1093; x_wconf 80' lang='lat' dir='ltr'>ibis1.</span> <span class='ocrx_word' id='word_1_132' title='bbox 1156 1068 1176 1091; x_wconf 92' lang='lat'>»</span> <span class='ocrx_word' id='word_1_133' title='bbox 1203 1050 1336 1094; x_wconf 88' lang='lat' dir='ltr'>Cibus</span> <span class='ocrx_word' id='word_1_134' title='bbox 1360 1066 1453 1094; x_wconf 87' lang='lat' dir='ltr'>ser-</span> 
     </span>
     <span class='ocr_line' id='line_1_14' title="bbox 68 1115 1450 1180; baseline 0.004 -22"><span class='ocrx_word' id='word_1_135' title='bbox 68 1115 209 1174; x_wconf 89' lang='lat' dir='ltr'>pentis</span> <span class='ocrx_word' id='word_1_136' title='bbox 240 1132 329 1161; x_wconf 88' lang='lat' dir='ltr'>esse</span> <span class='ocrx_word' id='word_1_137' title='bbox 360 1133 450 1162; x_wconf 89' lang='lat' dir='ltr'>non</span> <span class='ocrx_word' id='word_1_138' title='bbox 486 1119 582 1162; x_wconf 76' lang='lat' dir='ltr'>vis?</span> <span class='ocrx_word' id='word_1_139' title='bbox 616 1117 704 1162; x_wconf 91' lang='lat' dir='ltr'>noli</span> <span class='ocrx_word' id='word_1_140' title='bbox 727 1134 815 1162; x_wconf 85' lang='lat' dir='ltr'>esse</span> <span class='ocrx_word' id='word_1_141' title='bbox 838 1128 965 1162; x_wconf 86' lang='lat' dir='ltr'>terra.</span> <span class='ocrx_word' id='word_1_142' title='bbox 990 1120 1244 1174; x_wconf 85' lang='lat' dir='ltr'>Quomodo,</span> <span class='ocrx_word' id='word_1_143' title='bbox 1276 1121 1421 1180; x_wconf 90' lang='lat' dir='ltr'>inquis</span> <span class='ocrx_word' id='word_1_144' title='bbox 1438 1156 1450 1176; x_wconf 89' lang='lat'>,</span> 
     </span>
     <span class='ocr_line' id='line_1_15' title="bbox 67 1190 1449 1250; baseline 0.004 -20"><span class='ocrx_word' id='word_1_145' title='bbox 67 1201 158 1231; x_wconf 89' lang='lat' dir='ltr'>non</span> <span class='ocrx_word' id='word_1_146' title='bbox 190 1203 263 1232; x_wconf 89' lang='lat' dir='ltr'>ero</span> <span class='ocrx_word' id='word_1_147' title='bbox 295 1190 439 1233; x_wconf 77' lang='lat' dir='ltr'>terra?</span> <span class='ocrx_word' id='word_1_148' title='bbox 471 1190 514 1234; x_wconf 91' lang='lat' dir='ltr'>Si</span> <span class='ocrx_word' id='word_1_149' title='bbox 536 1199 702 1234; x_wconf 87' lang='lat' dir='ltr'>terrena</span> <span class='ocrx_word' id='word_1_150' title='bbox 725 1206 814 1233; x_wconf 91' lang='lat' dir='ltr'>non</span> <span class='ocrx_word' id='word_1_151' title='bbox 839 1190 990 1249; x_wconf 85' lang='lat' dir='ltr'>sapias.</span> <span class='ocrx_word' id='word_1_152' title='bbox 1018 1191 1134 1235; x_wconf 89' lang='lat' dir='ltr'>Audi</span> <span class='ocrx_word' id='word_1_153' title='bbox 1162 1191 1419 1250; x_wconf 85' lang='lat' dir='ltr'>Apostolum</span> <span class='ocrx_word' id='word_1_154' title='bbox 1438 1227 1449 1248; x_wconf 90' lang='lat'>‚</span> 
     </span>
     <span class='ocr_line' id='line_1_16' title="bbox 67 1259 1450 1318; baseline 0.004 -17"><span class='ocrx_word' id='word_1_155' title='bbox 67 1266 117 1301; x_wconf 87' lang='lat' dir='ltr'>ut</span> <span class='ocrx_word' id='word_1_156' title='bbox 140 1273 229 1302; x_wconf 86' lang='lat' dir='ltr'>non</span> <span class='ocrx_word' id='word_1_157' title='bbox 249 1259 302 1302; x_wconf 91' lang='lat' dir='ltr'>sis</span> <span class='ocrx_word' id='word_1_158' title='bbox 326 1268 453 1302; x_wconf 84' lang='lat' dir='ltr'>terra.</span> <span class='ocrx_word' id='word_1_159' title='bbox 485 1262 594 1303; x_wconf 86' lang='lat' dir='ltr'>Nam</span> <span class='ocrx_word' id='word_1_160' title='bbox 613 1275 771 1317; x_wconf 89' lang='lat' dir='ltr'>corpus</span> <span class='ocrx_word' id='word_1_161' title='bbox 792 1260 912 1318; x_wconf 76' lang='lat' dir='ltr'>quod</span> <span class='ocrx_word' id='word_1_162' title='bbox 930 1261 1037 1316; x_wconf 81' lang='lat' dir='ltr'>geris</span> <span class='ocrx_word' id='word_1_163' title='bbox 1059 1271 1168 1304; x_wconf 87' lang='lat' dir='ltr'>terra</span> <span class='ocrx_word' id='word_1_164' title='bbox 1187 1271 1249 1305; x_wconf 89' lang='lat' dir='ltr'>est</span> <span class='ocrx_word' id='word_1_165' title='bbox 1263 1297 1274 1316; x_wconf 94' lang='lat'>,</span> <span class='ocrx_word' id='word_1_166' title='bbox 1300 1261 1376 1306; x_wconf 89' lang='lat' dir='ltr'>sed</span> <span class='ocrx_word' id='word_1_167' title='bbox 1400 1272 1450 1306; x_wconf 90' lang='lat' dir='ltr'>tu</span> 
     </span>
     <span class='ocr_line' id='line_1_17' title="bbox 65 1327 1450 1392; baseline 0.004 -21"><span class='ocrx_word' id='word_1_168' title='bbox 65 1327 156 1372; x_wconf 89' lang='lat' dir='ltr'>noli</span> <span class='ocrx_word' id='word_1_169' title='bbox 177 1344 268 1372; x_wconf 87' lang='lat' dir='ltr'>esse</span> <span class='ocrx_word' id='word_1_170' title='bbox 290 1338 417 1372; x_wconf 87' lang='lat' dir='ltr'>terra.</span> <span class='ocrx_word' id='word_1_171' title='bbox 446 1330 563 1382; x_wconf 87' lang='lat' dir='ltr'>Quid</span> <span class='ocrx_word' id='word_1_172' title='bbox 582 1339 645 1373; x_wconf 89' lang='lat' dir='ltr'>est</span> <span class='ocrx_word' id='word_1_173' title='bbox 672 1330 785 1373; x_wconf 77' lang='lat' dir='ltr'>hoc?</span> <span class='ocrx_word' id='word_1_174' title='bbox 811 1349 830 1371; x_wconf 91' lang='lat'>«</span> <span class='ocrx_word' id='word_1_175' title='bbox 865 1331 909 1374; x_wconf 87' lang='lat' dir='ltr'>Si</span> <span class='ocrx_word' id='word_1_176' title='bbox 942 1332 1226 1375; x_wconf 69' lang='lat' dir='ltr'>resurrexistis</span> <span class='ocrx_word' id='word_1_177' title='bbox 1243 1367 1254 1387; x_wconf 90' lang='lat'>,</span> <span class='ocrx_word' id='word_1_178' title='bbox 1275 1333 1420 1392; x_wconf 88' lang='lat' dir='ltr'>inquit</span> <span class='ocrx_word' id='word_1_179' title='bbox 1438 1369 1450 1389; x_wconf 93' lang='lat'>,</span> 
     </span>
     <span class='ocr_line' id='line_1_18' title="bbox 69 1400 1452 1460; baseline 0.006 -21"><span class='ocrx_word' id='word_1_180' title='bbox 69 1416 90 1440; x_wconf 90' lang='lat'>»</span> <span class='ocrx_word' id='word_1_181' title='bbox 124 1413 225 1442; x_wconf 88' lang='lat' dir='ltr'>cum</span> <span class='ocrx_word' id='word_1_182' title='bbox 245 1400 417 1444; x_wconf 83' lang='lat' dir='ltr'>Christo</span> <span class='ocrx_word' id='word_1_183' title='bbox 435 1434 446 1453; x_wconf 91' lang='lat'>,</span> <span class='ocrx_word' id='word_1_184' title='bbox 472 1415 572 1459; x_wconf 83' lang='lat' dir='ltr'>quae</span> <span class='ocrx_word' id='word_1_185' title='bbox 598 1415 767 1444; x_wconf 85' lang='lat' dir='ltr'>sursum</span> <span class='ocrx_word' id='word_1_186' title='bbox 794 1409 896 1443; x_wconf 88' lang='lat' dir='ltr'>sunt</span> <span class='ocrx_word' id='word_1_187' title='bbox 927 1401 1130 1460; x_wconf 80' lang='lat' dir='ltr'>quaerite,</span> <span class='ocrx_word' id='word_1_188' title='bbox 1157 1402 1232 1444; x_wconf 81' lang='lat' dir='ltr'>uhi</span> <span class='ocrx_word' id='word_1_189' title='bbox 1249 1402 1452 1448; x_wconf 85' lang='lat' dir='ltr'>Christus</span> 
     </span>
     <span class='ocr_line' id='line_1_19' title="bbox 68 1468 1453 1530; baseline 0.005 -21"><span class='ocrx_word' id='word_1_190' title='bbox 68 1487 89 1510; x_wconf 84' lang='lat'>»</span> <span class='ocrx_word' id='word_1_191' title='bbox 124 1478 188 1512; x_wconf 87' lang='lat' dir='ltr'>est</span> <span class='ocrx_word' id='word_1_192' title='bbox 206 1469 252 1512; x_wconf 93' lang='lat' dir='ltr'>in</span> <span class='ocrx_word' id='word_1_193' title='bbox 271 1468 419 1513; x_wconf 83' lang='lat' dir='ltr'>dextra</span> <span class='ocrx_word' id='word_1_194' title='bbox 440 1469 514 1513; x_wconf 88' lang='lat' dir='ltr'>Dei</span> <span class='ocrx_word' id='word_1_195' title='bbox 538 1469 691 1513; x_wconf 85' lang='lat' dir='ltr'>sedens</span> <span class='ocrx_word' id='word_1_196' title='bbox 709 1490 719 1526; x_wconf 80' lang='lat'><em>3</em></span> <span class='ocrx_word' id='word_1_197' title='bbox 744 1486 842 1529; x_wconf 80' lang='lat' dir='ltr'>quae</span> <span class='ocrx_word' id='word_1_198' title='bbox 863 1485 1034 1513; x_wconf 88' lang='lat' dir='ltr'>sursum</span> <span class='ocrx_word' id='word_1_199' title='bbox 1054 1480 1156 1514; x_wconf 89' lang='lat' dir='ltr'>sunt</span> <span class='ocrx_word' id='word_1_200' title='bbox 1173 1472 1310 1530; x_wconf 83' lang='lat' dir='ltr'>sapite</span> <span class='ocrx_word' id='word_1_201' title='bbox 1324 1507 1334 1526; x_wconf 88' lang='lat'>,</span> <span class='ocrx_word' id='word_1_202' title='bbox 1361 1488 1453 1517; x_wconf 92' lang='lat' dir='ltr'>non</span> 
     </span>
     <span class='ocr_line' id='line_1_20' title="bbox 68 1539 1452 1599; baseline 0.004 -19"><span class='ocrx_word' id='word_1_203' title='bbox 68 1556 88 1581; x_wconf 88' lang='lat'>»</span> <span class='ocrx_word' id='word_1_204' title='bbox 123 1555 223 1599; x_wconf 88' lang='lat' dir='ltr'>quae</span> <span class='ocrx_word' id='word_1_205' title='bbox 250 1555 378 1599; x_wconf 87' lang='lat' dir='ltr'>super</span> <span class='ocrx_word' id='word_1_206' title='bbox 410 1543 613 1583; x_wconf 71' lang='lat' dir='ltr'>terram‘2.</span> <span class='ocrx_word' id='word_1_207' title='bbox 644 1558 663 1580; x_wconf 83' lang='lat'>»</span> <span class='ocrx_word' id='word_1_208' title='bbox 703 1539 745 1583; x_wconf 90' lang='lat' dir='ltr'>Si</span> <span class='ocrx_word' id='word_1_209' title='bbox 778 1555 866 1583; x_wconf 90' lang='lat' dir='ltr'>non</span> <span class='ocrx_word' id='word_1_210' title='bbox 901 1540 1012 1598; x_wconf 80' lang='lat' dir='ltr'>sapis</span> <span class='ocrx_word' id='word_1_211' title='bbox 1047 1549 1241 1598; x_wconf 83' lang='lat' dir='ltr'>terrena,</span> <span class='ocrx_word' id='word_1_212' title='bbox 1281 1556 1370 1585; x_wconf 90' lang='lat' dir='ltr'>non</span> <span class='ocrx_word' id='word_1_213' title='bbox 1407 1558 1452 1587; x_wconf 91' lang='lat' dir='ltr'>es</span> 
     </span>
     <span class='ocr_line' id='line_1_21' title="bbox 65 1609 1453 1669; baseline 0.004 -16"><span class='ocrx_word' id='word_1_214' title='bbox 65 1618 179 1654; x_wconf 87' lang='lat' dir='ltr'>terra</span> <span class='ocrx_word' id='word_1_215' title='bbox 201 1629 209 1654; x_wconf 72' lang='grc' dir='ltr'>ε</span> <span class='ocrx_word' id='word_1_216' title='bbox 246 1610 279 1654; x_wconf 92' lang='lat' dir='ltr'>si</span> <span class='ocrx_word' id='word_1_217' title='bbox 308 1626 398 1653; x_wconf 91' lang='lat' dir='ltr'>non</span> <span class='ocrx_word' id='word_1_218' title='bbox 431 1625 474 1653; x_wconf 91' lang='lat' dir='ltr'>es</span> <span class='ocrx_word' id='word_1_219' title='bbox 495 1619 635 1665; x_wconf 82' lang='lat' dir='ltr'>terra,</span> <span class='ocrx_word' id='word_1_220' title='bbox 659 1625 749 1653; x_wconf 89' lang='lat' dir='ltr'>non</span> <span class='ocrx_word' id='word_1_221' title='bbox 782 1609 1056 1654; x_wconf 82' lang='lat' dir='ltr'>manducaris</span> <span class='ocrx_word' id='word_1_222' title='bbox 1079 1626 1103 1653; x_wconf 87' lang='lat' dir='ltr'>a</span> <span class='ocrx_word' id='word_1_223' title='bbox 1129 1620 1327 1669; x_wconf 85' lang='lat' dir='ltr'>serpente</span> <span class='ocrx_word' id='word_1_224' title='bbox 1344 1647 1355 1667; x_wconf 93' lang='lat'>,</span> <span class='ocrx_word' id='word_1_225' title='bbox 1381 1614 1453 1658; x_wconf 89' lang='lat' dir='ltr'>cui</span> 
     </span>
     <span class='ocr_line' id='line_1_22' title="bbox 66 1679 1450 1740; baseline 0.002 -17"><span class='ocrx_word' id='word_1_226' title='bbox 66 1680 189 1723; x_wconf 90' lang='lat' dir='ltr'>cibus</span> <span class='ocrx_word' id='word_1_227' title='bbox 226 1679 327 1723; x_wconf 84' lang='lat' dir='ltr'>data</span> <span class='ocrx_word' id='word_1_228' title='bbox 355 1688 418 1723; x_wconf 88' lang='lat' dir='ltr'>est</span> <span class='ocrx_word' id='word_1_229' title='bbox 451 1689 579 1723; x_wconf 84' lang='lat' dir='ltr'>terra.</span> <span class='ocrx_word' id='word_1_230' title='bbox 620 1679 779 1724; x_wconf 87' lang='lat' dir='ltr'>Cibum</span> <span class='ocrx_word' id='word_1_231' title='bbox 810 1695 938 1723; x_wconf 90' lang='lat' dir='ltr'>suum</span> <span class='ocrx_word' id='word_1_232' title='bbox 976 1680 1052 1724; x_wconf 86' lang='lat' dir='ltr'>dat</span> <span class='ocrx_word' id='word_1_233' title='bbox 1087 1683 1200 1724; x_wconf 88' lang='lat' dir='ltr'>Deus</span> <span class='ocrx_word' id='word_1_234' title='bbox 1231 1683 1450 1740; x_wconf 88' lang='lat' dir='ltr'>serpenti,</span> 
     </span>
     <span class='ocr_line' id='line_1_23' title="bbox 66 1749 1453 1810; baseline 0.002 -16"><span class='ocrx_word' id='word_1_235' title='bbox 66 1749 244 1810; x_wconf 87' lang='lat' dir='ltr'>quando</span> <span class='ocrx_word' id='word_1_236' title='bbox 266 1750 387 1804; x_wconf 84' lang='lat' dir='ltr'>vult,</span> <span class='ocrx_word' id='word_1_237' title='bbox 417 1765 548 1810; x_wconf 88' lang='lat' dir='ltr'>quem</span> <span class='ocrx_word' id='word_1_238' title='bbox 576 1749 672 1793; x_wconf 87' lang='lat' dir='ltr'>vult</span> <span class='ocrx_word' id='word_1_239' title='bbox 700 1769 708 1794; x_wconf 93' lang='lat'>:</span> <span class='ocrx_word' id='word_1_240' title='bbox 733 1749 844 1794; x_wconf 88' lang='lat' dir='ltr'>bene</span> <span class='ocrx_word' id='word_1_241' title='bbox 865 1759 1011 1793; x_wconf 89' lang='lat' dir='ltr'>autem</span> <span class='ocrx_word' id='word_1_242' title='bbox 1029 1750 1222 1809; x_wconf 84' lang='lat' dir='ltr'>judicat,</span> <span class='ocrx_word' id='word_1_243' title='bbox 1247 1750 1340 1795; x_wconf 76' lang='lat' dir='ltr'>falli</span> <span class='ocrx_word' id='word_1_244' title='bbox 1362 1768 1453 1798; x_wconf 90' lang='lat' dir='ltr'>non</span> 
     </span>
     <span class='ocr_line' id='line_1_24' title="bbox 66 1820 1450 1882; baseline 0.003 -18"><span class='ocrx_word' id='word_1_245' title='bbox 66 1829 209 1880; x_wconf 88' lang='lat' dir='ltr'>potest</span> <span class='ocrx_word' id='word_1_246' title='bbox 224 1853 236 1875; x_wconf 89' lang='lat'>,</span> <span class='ocrx_word' id='word_1_247' title='bbox 259 1836 349 1864; x_wconf 90' lang='lat' dir='ltr'>non</span> <span class='ocrx_word' id='word_1_248' title='bbox 371 1821 409 1864; x_wconf 91' lang='lat' dir='ltr'>ei</span> <span class='ocrx_word' id='word_1_249' title='bbox 429 1820 504 1864; x_wconf 83' lang='lat' dir='ltr'>dat</span> <span class='ocrx_word' id='word_1_250' title='bbox 526 1835 680 1863; x_wconf 85' lang='lat' dir='ltr'>aurum</span> <span class='ocrx_word' id='word_1_251' title='bbox 706 1835 783 1879; x_wconf 83' lang='lat' dir='ltr'>pro</span> <span class='ocrx_word' id='word_1_252' title='bbox 806 1829 932 1864; x_wconf 86' lang='lat' dir='ltr'>terra.</span> <span class='ocrx_word' id='word_1_253' title='bbox 963 1839 982 1862; x_wconf 91' lang='lat'>«</span> <span class='ocrx_word' id='word_1_254' title='bbox 1007 1820 1165 1864; x_wconf 86' lang='lat' dir='ltr'>Omnia</span> <span class='ocrx_word' id='word_1_255' title='bbox 1189 1837 1212 1865; x_wconf 80' lang='lat' dir='ltr'>a</span> <span class='ocrx_word' id='word_1_256' title='bbox 1233 1830 1276 1865; x_wconf 87' lang='lat' dir='ltr'>te</span> <span class='ocrx_word' id='word_1_257' title='bbox 1298 1838 1450 1882; x_wconf 80' lang='lat' dir='ltr'>expec-</span> 
     </span>
     <span class='ocr_line' id='line_1_25' title="bbox 71 1889 1450 1952; baseline 0.005 -21"><span class='ocrx_word' id='word_1_258' title='bbox 71 1908 92 1932; x_wconf 85' lang='lat'>»</span> <span class='ocrx_word' id='word_1_259' title='bbox 127 1899 247 1946; x_wconf 87' lang='lat' dir='ltr'>tant,</span> <span class='ocrx_word' id='word_1_260' title='bbox 287 1891 496 1943; x_wconf 82' lang='lat' dir='ltr'>Domine,</span> <span class='ocrx_word' id='word_1_261' title='bbox 528 1900 578 1933; x_wconf 89' lang='lat' dir='ltr'>ut</span> <span class='ocrx_word' id='word_1_262' title='bbox 614 1889 688 1933; x_wconf 87' lang='lat' dir='ltr'>des</span> <span class='ocrx_word' id='word_1_263' title='bbox 721 1889 803 1933; x_wconf 81' lang='lat' dir='ltr'>illis</span> <span class='ocrx_word' id='word_1_264' title='bbox 836 1890 985 1933; x_wconf 87' lang='lat' dir='ltr'>cibum</span> <span class='ocrx_word' id='word_1_265' title='bbox 1005 1890 1051 1933; x_wconf 90' lang='lat' dir='ltr'>in</span> <span class='ocrx_word' id='word_1_266' title='bbox 1073 1899 1267 1950; x_wconf 84' lang='lat' dir='ltr'>tempore</span> <span class='ocrx_word' id='word_1_267' title='bbox 1286 1908 1450 1952; x_wconf 87' lang='lat' dir='ltr'>oppor-</span> 
     </span>
     <span class='ocr_line' id='line_1_26' title="bbox 70 1959 1447 2023; baseline 0.005 -22"><span class='ocrx_word' id='word_1_268' title='bbox 70 1978 92 2002; x_wconf 69' lang='grc' dir='ltr'>υ</span> <span class='ocrx_word' id='word_1_269' title='bbox 126 1970 236 2005; x_wconf 88' lang='lat' dir='ltr'>tuno</span> <span class='ocrx_word' id='word_1_270' title='bbox 253 1962 284 2003; x_wconf 79' lang='lat'>³.</span> <span class='ocrx_word' id='word_1_271' title='bbox 310 1963 421 2005; x_wconf 84' lang='lat' dir='ltr'>Cum</span> <span class='ocrx_word' id='word_1_272' title='bbox 451 1959 619 2003; x_wconf 84' lang='lat' dir='ltr'>dederis</span> <span class='ocrx_word' id='word_1_273' title='bbox 645 1961 719 2013; x_wconf 82' lang='lat' dir='ltr'>eis,</span> <span class='ocrx_word' id='word_1_274' title='bbox 745 1959 966 2018; x_wconf 80' lang='lat' dir='ltr'>colligent.</span> <span class='ocrx_word' id='word_1_275' title='bbox 997 1979 1016 2001; x_wconf 90' lang='lat'>»</span> <span class='ocrx_word' id='word_1_276' title='bbox 1043 1964 1157 2004; x_wconf 86' lang='lat' dir='ltr'>Ante</span> <span class='ocrx_word' id='word_1_277' title='bbox 1188 1961 1285 2006; x_wconf 78' lang='lat' dir='ltr'>illos</span> <span class='ocrx_word' id='word_1_278' title='bbox 1317 1973 1447 2023; x_wconf 70' lang='lat' dir='ltr'>sunt,</span> 
     </span>
     <span class='ocr_line' id='line_1_27' title="bbox 67 2030 1448 2090; baseline 0.003 -14"><span class='ocrx_word' id='word_1_279' title='bbox 67 2032 143 2076; x_wconf 89' lang='lat' dir='ltr'>sed</span> <span class='ocrx_word' id='word_1_280' title='bbox 163 2047 254 2076; x_wconf 93' lang='lat' dir='ltr'>non</span> <span class='ocrx_word' id='word_1_281' title='bbox 274 2030 480 2090; x_wconf 83' lang='lat' dir='ltr'>colligent</span> <span class='ocrx_word' id='word_1_282' title='bbox 498 2066 509 2085; x_wconf 83' lang='lat'>,</span> <span class='ocrx_word' id='word_1_283' title='bbox 535 2031 615 2074; x_wconf 90' lang='lat' dir='ltr'>nisi</span> <span class='ocrx_word' id='word_1_284' title='bbox 637 2046 737 2074; x_wconf 88' lang='lat' dir='ltr'>cum</span> <span class='ocrx_word' id='word_1_285' title='bbox 761 2030 944 2074; x_wconf 88' lang='lat' dir='ltr'>dederis.</span> <span class='ocrx_word' id='word_1_286' title='bbox 971 2034 1086 2076; x_wconf 87' lang='lat' dir='ltr'>Ante</span> <span class='ocrx_word' id='word_1_287' title='bbox 1114 2031 1341 2078; x_wconf 84' lang='lat' dir='ltr'>diabolum</span> <span class='ocrx_word' id='word_1_288' title='bbox 1362 2036 1448 2080; x_wconf 90' lang='lat' dir='ltr'>Job</span> 
     </span>
     <span class='ocr_line' id='line_1_28' title="bbox 68 2101 1451 2162; baseline 0.003 -16"><span class='ocrx_word' id='word_1_289' title='bbox 68 2111 186 2158; x_wconf 67' lang='lat' dir='ltr'>erat,</span> <span class='ocrx_word' id='word_1_290' title='bbox 212 2111 255 2145; x_wconf 88' lang='lat' dir='ltr'>et</span> <span class='ocrx_word' id='word_1_291' title='bbox 276 2101 451 2162; x_wconf 89' lang='lat' dir='ltr'>quidem</span> <span class='ocrx_word' id='word_1_292' title='bbox 484 2117 569 2145; x_wconf 90' lang='lat' dir='ltr'>non</span> <span class='ocrx_word' id='word_1_293' title='bbox 595 2101 818 2145; x_wconf 79' lang='lat' dir='ltr'>devoravit</span> <span class='ocrx_word' id='word_1_294' title='bbox 841 2101 925 2145; x_wconf 89' lang='lat' dir='ltr'>Job</span> <span class='ocrx_word' id='word_1_295' title='bbox 945 2136 955 2156; x_wconf 88' lang='lat'>,</span> <span class='ocrx_word' id='word_1_296' title='bbox 986 2101 1061 2145; x_wconf 90' lang='lat' dir='ltr'>sed</span> <span class='ocrx_word' id='word_1_297' title='bbox 1082 2101 1151 2145; x_wconf 81' lang='lat' dir='ltr'>vel</span> <span class='ocrx_word' id='word_1_298' title='bbox 1173 2112 1339 2148; x_wconf 86' lang='lat' dir='ltr'>tentare</span> <span class='ocrx_word' id='word_1_299' title='bbox 1360 2121 1451 2151; x_wconf 91' lang='lat' dir='ltr'>non</span> 
     </span>
     <span class='ocr_line' id='line_1_29' title="bbox 68 2170 1452 2231; baseline 0.003 -15"><span class='ocrx_word' id='word_1_300' title='bbox 68 2188 195 2216; x_wconf 87' lang='lat' dir='ltr'>ausus</span> <span class='ocrx_word' id='word_1_301' title='bbox 216 2181 279 2216; x_wconf 90' lang='lat' dir='ltr'>est</span> <span class='ocrx_word' id='word_1_302' title='bbox 295 2207 306 2226; x_wconf 88' lang='lat'>,</span> <span class='ocrx_word' id='word_1_303' title='bbox 327 2172 528 2215; x_wconf 43' lang='lat' dir='ltr'>nisiscum</span> <span class='ocrx_word' id='word_1_304' title='bbox 553 2170 624 2215; x_wconf 87' lang='lat' dir='ltr'>ille</span> <span class='ocrx_word' id='word_1_305' title='bbox 646 2170 833 2214; x_wconf 77' lang='lat' dir='ltr'>dedisset</span> <span class='ocrx_word' id='word_1_306' title='bbox 850 2171 881 2214; x_wconf 73' lang='lat'>⁴.</span> <span class='ocrx_word' id='word_1_307' title='bbox 903 2190 923 2212; x_wconf 92' lang='lat'>«</span> <span class='ocrx_word' id='word_1_308' title='bbox 943 2174 980 2215; x_wconf 93' lang='lat' dir='ltr'>A</span> <span class='ocrx_word' id='word_1_309' title='bbox 1004 2180 1045 2215; x_wconf 87' lang='lat' dir='ltr'>te</span> <span class='ocrx_word' id='word_1_310' title='bbox 1067 2182 1294 2231; x_wconf 79' lang='lat' dir='ltr'>expectant</span> <span class='ocrx_word' id='word_1_311' title='bbox 1316 2194 1324 2218; x_wconf 94' lang='lat'>:</span> <span class='ocrx_word' id='word_1_312' title='bbox 1350 2191 1452 2220; x_wconf 87' lang='lat' dir='ltr'>cum</span> 
     </span>
     <span class='ocr_line' id='line_1_30' title="bbox 71 2240 1446 2302; baseline 0.005 -19"><span class='ocrx_word' id='word_1_313' title='bbox 71 2260 92 2283; x_wconf 90' lang='lat'>»</span> <span class='ocrx_word' id='word_1_314' title='bbox 127 2241 296 2285; x_wconf 87' lang='lat' dir='ltr'>dederis</span> <span class='ocrx_word' id='word_1_315' title='bbox 319 2243 376 2285; x_wconf 90' lang='lat' dir='ltr'>eis</span> <span class='ocrx_word' id='word_1_316' title='bbox 392 2276 403 2296; x_wconf 94' lang='lat'>,</span> <span class='ocrx_word' id='word_1_317' title='bbox 428 2240 660 2299; x_wconf 69' lang='lat' dir='ltr'>colligent,</span> <span class='ocrx_word' id='word_1_318' title='bbox 689 2260 708 2281; x_wconf 88' lang='lat'>»</span> <span class='ocrx_word' id='word_1_319' title='bbox 727 2241 761 2284; x_wconf 89' lang='lat' dir='ltr'>si</span> <span class='ocrx_word' id='word_1_320' title='bbox 783 2257 870 2284; x_wconf 90' lang='lat' dir='ltr'>non</span> <span class='ocrx_word' id='word_1_321' title='bbox 892 2240 1060 2285; x_wconf 85' lang='lat' dir='ltr'>dederis</span> <span class='ocrx_word' id='word_1_322' title='bbox 1077 2277 1087 2296; x_wconf 92' lang='lat'>,</span> <span class='ocrx_word' id='word_1_323' title='bbox 1113 2258 1202 2286; x_wconf 90' lang='lat' dir='ltr'>non</span> <span class='ocrx_word' id='word_1_324' title='bbox 1225 2243 1446 2302; x_wconf 80' lang='lat' dir='ltr'>colligent.</span> 
     </span>
    </p>

    <p class='ocr_par' dir='ltr' id='par_1_3' title="bbox 67 2311 1447 2446">
     <span class='ocr_line' id='line_1_31' title="bbox 126 2311 1447 2373; baseline 0.003 -16"><span class='ocrx_word' id='word_1_325' title='bbox 126 2316 227 2358; x_wconf 86' lang='lat' dir='ltr'><strong>XII.</strong></span> <span class='ocrx_word' id='word_1_326' title='bbox 258 2316 314 2357; x_wconf 89' lang='lat' dir='ltr'>Et</span> <span class='ocrx_word' id='word_1_327' title='bbox 336 2312 442 2373; x_wconf 88' lang='lat' dir='ltr'>quid</span> <span class='ocrx_word' id='word_1_328' title='bbox 464 2329 540 2356; x_wconf 88' lang='lat' dir='ltr'>nos</span> <span class='ocrx_word' id='word_1_329' title='bbox 559 2347 569 2366; x_wconf 84' lang='lat'>,</span> <span class='ocrx_word' id='word_1_330' title='bbox 589 2311 769 2355; x_wconf 77' lang='lat' dir='ltr'>fratres?</span> <span class='ocrx_word' id='word_1_331' title='bbox 792 2328 922 2371; x_wconf 81' lang='lat' dir='ltr'>quem</span> <span class='ocrx_word' id='word_1_332' title='bbox 940 2312 1085 2356; x_wconf 80' lang='lat' dir='ltr'>cibum</span> <span class='ocrx_word' id='word_1_333' title='bbox 1103 2314 1345 2359; x_wconf 79' lang='lat' dir='ltr'>habemus?</span> <span class='ocrx_word' id='word_1_334' title='bbox 1368 2319 1447 2361; x_wconf 90' lang='lat' dir='ltr'>Se·-</span> 
     </span>
     <span class='ocr_line' id='line_1_32' title="bbox 67 2382 1447 2446; baseline 0.002 -17"><span class='ocrx_word' id='word_1_335' title='bbox 67 2386 217 2446; x_wconf 88' lang='lat' dir='ltr'>quitur</span> <span class='ocrx_word' id='word_1_336' title='bbox 241 2394 284 2428; x_wconf 88' lang='lat' dir='ltr'>et</span> <span class='ocrx_word' id='word_1_337' title='bbox 303 2383 358 2427; x_wconf 86' lang='lat' dir='ltr'>de</span> <span class='ocrx_word' id='word_1_338' title='bbox 389 2384 488 2427; x_wconf 76' lang='lat' dir='ltr'>cibo</span> <span class='ocrx_word' id='word_1_339' title='bbox 512 2392 674 2427; x_wconf 81' lang='lat' dir='ltr'>nostro.</span> <span class='ocrx_word' id='word_1_340' title='bbox 716 2402 735 2424; x_wconf 88' lang='lat'>«</span> <span class='ocrx_word' id='word_1_341' title='bbox 766 2382 999 2441; x_wconf 81' lang='lat' dir='ltr'>Aperien-te</span> <span class='ocrx_word' id='word_1_342' title='bbox 1022 2394 1168 2428; x_wconf 86' lang='lat' dir='ltr'>autem</span> <span class='ocrx_word' id='word_1_343' title='bbox 1204 2395 1247 2429; x_wconf 90' lang='lat' dir='ltr'>te</span> <span class='ocrx_word' id='word_1_344' title='bbox 1270 2402 1447 2432; x_wconf 83' lang='lat' dir='ltr'>manum</span> 
     </span>
    </p>

    <p class='ocr_par' dir='ltr' id='par_1_4' title="bbox 117 2479 1449 2524">
     <span class='ocr_line' id='line_1_33' title="bbox 117 2479 1449 2524; baseline 0.002 -11"><span class='ocrx_word' id='word_1_345' title='bbox 117 2488 127 2504; x_wconf 86' lang='lat'>¹</span> <span class='ocrx_word' id='word_1_346' title='bbox 150 2483 228 2514; x_wconf 88' lang='lat' dir='ltr'>Gen.</span> <span class='ocrx_word' id='word_1_347' title='bbox 255 2491 314 2518; x_wconf 84' lang='lat'>111,</span> <span class='ocrx_word' id='word_1_348' title='bbox 347 2479 382 2522; x_wconf 59' lang='lat'>14</span> <span class='ocrx_word' id='word_1_349' title='bbox 411 2484 444 2512; x_wconf 83' lang='lat' dir='ltr'>et</span> <span class='ocrx_word' id='word_1_350' title='bbox 468 2490 518 2521; x_wconf 81' lang='lat'>19.</span> <span class='ocrx_word' id='word_1_351' title='bbox 540 2496 580 2501; x_wconf 84' lang='lat'>—</span> <span class='ocrx_word' id='word_1_352' title='bbox 600 2486 612 2501; x_wconf 75' lang='lat'>2</span> <span class='ocrx_word' id='word_1_353' title='bbox 631 2479 749 2511; x_wconf 76' lang='lat' dir='ltr'>Coioss.</span> <span class='ocrx_word' id='word_1_354' title='bbox 778 2490 836 2519; x_wconf 85' lang='lat' dir='ltr'>ui,</span> <span class='ocrx_word' id='word_1_355' title='bbox 866 2490 901 2520; x_wconf 81' lang='lat'>1,</span> <span class='ocrx_word' id='word_1_356' title='bbox 932 2488 962 2511; x_wconf 89' lang='lat'>2.</span> <span class='ocrx_word' id='word_1_357' title='bbox 993 2496 1033 2502; x_wconf 88' lang='lat'>—</span> <span class='ocrx_word' id='word_1_358' title='bbox 1061 2479 1073 2503; x_wconf 84' lang='lat'>3</span> <span class='ocrx_word' id='word_1_359' title='bbox 1103 2481 1185 2513; x_wconf 87' lang='lat' dir='ltr'>Psal.</span> <span class='ocrx_word' id='word_1_360' title='bbox 1219 2493 1290 2524; x_wconf 82' lang='lat' dir='ltr'>cul,</span> <span class='ocrx_word' id='word_1_361' title='bbox 1319 2483 1374 2516; x_wconf 83' lang='lat'>28.</span> <span class='ocrx_word' id='word_1_362' title='bbox 1408 2502 1449 2507; x_wconf 94' lang='lat'>—-</span> 
     </span>
    </p>
   </div>
   <div class='ocr_carea' id='block_1_3' title="bbox 70 2535 1312 2632">
    <p class='ocr_par' dir='ltr' id='par_1_5' title="bbox 70 2535 1312 2632">
     <span class='ocr_line' id='line_1_34' title="bbox 70 2535 299 2577; baseline 0.004 -10"><span class='ocrx_word' id='word_1_363' title='bbox 70 2535 87 2567; x_wconf 73' lang='lat'>4</span> <span class='ocrx_word' id='word_1_364' title='bbox 109 2536 181 2570; x_wconf 81' lang='lat' dir='ltr'>Job.</span> <span class='ocrx_word' id='word_1_365' title='bbox 202 2547 226 2577; x_wconf 88' lang='lat'>1,</span> <span class='ocrx_word' id='word_1_366' title='bbox 249 2545 299 2568; x_wconf 86' lang='lat'>12.</span> 
     </span>
     <span class='ocr_line' id='line_1_35' title="bbox 1248 2592 1312 2632; baseline 0 -1"><span class='ocrx_word' id='word_1_367' title='bbox 1248 2592 1312 2632; x_wconf 81' lang='lat'>12.</span> 
     </span>
    </p>
   </div>
  </div>
 </body>
</html>
