1848 3261
302 197 544 228 ENARRATro
574 200 619 227 m
652 197 854 227 PsALMnM
883 198 1047 237 cxv111,
1081 197 1220 228 SERMO
1251 201 1282 227 1.
1387 190 1471 230 383

95 263 228 308 culati
249 263 476 308 ambulant
498 264 543 307 in
564 264 660 324 lege
681 262 864 309 Domini.
890 263 1115 323 Numquid
1132 273 1277 310 tamen
1293 264 1367 310 ille
1379 281 1472 312 non

94 335 368 379 scrutabatur
389 335 635 379 testimonia
656 336 769 395 ejus,
799 349 880 377 nec
900 334 1124 393 quaerebat
1146 350 1246 378 eurn
1266 370 1277 391 ‚
1314 336 1389 397 qui
1411 336 1474 382 di-

95 405 222 449 cebat
244 440 255 461 ‚
295 425 316 448 ‹<
351 406 555 465 Magister
587 406 702 450 bone
721 440 732 460 ‚
767 404 875 464 quid
908 405 1013 448 boni
1042 404 1224 460 faciam,
1256 416 1308 450 ut
1339 407 1474 452 vitam

98 493 119 517 »
153 485 361 520 aeternam
382 478 654 536 consequar?
678 494 698 517 »
722 474 806 520 Sed
826 474 1048 535 quomodo
1060 491 1160 519 eum
1173 476 1220 519 in
1236 484 1329 520 toto
1346 477 1476 522 corde

93 547 291 607 quaesivit
311 582 322 602 ,
340 548 407 607 cuj
416 563 462 591 us
481 546 659 591 consilio
681 544 851 590 divitias
867 561 963 589 suas
979 544 1173 605 praetulit
1189 580 1200 598 ‚
1220 562 1309 606 quo
1326 546 1476 591 audito

94 617 224 661 tristis
242 618 445 662 abscessit
460 619 500 662 1?
519 619 627 662 Nam
649 625 693 660 et
713 616 925 676 propheta
938 619 1068 660 Isaias
1084 616 1190 661 dicit
1203 651 1215 672 ,
1245 636 1265 659 «
1285 618 1478 671 Quaerite

97 704 117 728 »
151 689 415 746 Dominum3
435 697 478 732 et
495 704 596 732 cum
615 687 862 733 inveneritis
884 703 1007 743 eum,
1025 687 1301 748 derelinquat
1320 689 1477 749 impius

96 776 117 801 »
151 759 240 804 vias
262 776 357 804 suas
373 795 383 815 ‚
409 769 452 805 et
476 760 540 805 vir
561 759 737 820 iniquus
754 758 1035 818 cogitationes
1057 775 1153 803 suas
1167 761 1182 784 ²
1196 761 1214 803 Ρ
1230 779 1250 801 »

153 832 234 874 III.
261 832 476 883 Quaerunt
496 831 642 890 itaque
665 834 802 874 Deum
826 839 869 874 et
889 829 1009 889 impii
1034 839 1078 874 et
1098 830 1253 890 iniqui,
1280 839 1330 874 ut
1343 831 1476 875 eoin—

92 909 223 944 vento
236 916 326 944 non
347 901 432 945 sint
444 901 585 960 impii,
606 916 686 945 nec
701 900 855 960 iniqui.
874 900 1104 953 Quomodo
1122 916 1223 958 ergo
1234 902 1323 961 jam
1340 901 1472 958 beati,

92 987 193 1015 cum
211 971 355 1016 adhuc
374 971 619 1016 testimonia
637 973 726 1032 ejus
753 981 1002 1016 scrutantur
1027 981 1070 1016 et
1093 973 1327 1032 exquirunt
1345 988 1444 1016 eum
1463 1008 1475 1029 ,

91 1059 191 1087 cum
205 1044 288 1087 hoc
303 1042 445 1088 facere
467 1043 632 1102 possint
649 1053 691 1087 et
713 1043 860 1102 impii,
883 1043 1048 1102 possint
1067 1052 1110 1086 et
1135 1043 1306 1102 iniqui?
1325 1046 1478 1088 Beatos

91 1123 236 1158 autem
256 1130 344 1158 esse
365 1114 520 1173 impios
537 1123 580 1157 et
596 1114 792 1173 iniquos,
820 1113 916 1172 quis
942 1112 1011 1156 vel
1034 1112 1192 1171 impius
1221 1112 1375 1157 dixerit
1403 1123 1479 1158 aut

90 1184 265 1244 iniquus
282 1187 425 1243 YErgo
447 1199 520 1243 spe
538 1184 681 1237 beati,
702 1184 838 1237 sicut⁷
858 1182 1013 1226 «Beati
1033 1183 1109 1242 qui
1132 1183 1478 1242 persecutionem

93 1272 113 1296 >›
133 1255 362 1314 patiuntur
384 1264 561 1314 propter
574 1254 805 1314 justitiane
827 1272 836 1297 :
855 1271 874 1294 »
892 1269 981 1297 non
1001 1254 1311 1314 propterquod
1332 1255 1474 1310 adest,

89 1325 286 1385 quandiu
300 1324 410 1369 mala
427 1325 654 1384 patiuntur
666 1345 677 1382 3
688 1322 761 1367 sed
777 1323 1088 1383 propterquod
1100 1324 1476 1384 aderit5quoniam

88 1395 282 1456 ipsorum
300 1405 363 1440 est
391 1411 575 1454 regnum
602 1394 833 1439 coelorum.
852 1398 932 1450 Et,
951 1395 1099 1439 »Beati
1121 1396 1197 1456 qui
1223 1396 1421 1441 esuriunt
1433 1406 1476 1441 et

93 1485 113 1508 »
134 1468 287 1511 sitiunt
298 1467 510 1528 justitiam
527 1486 536 1511 z
550 1482 665 1511 »non
680 1466 783 1526 quia
796 1466 993 1510 esuriunt
1008 1475 1050 1510 et
1060 1466 1248 1522 sitiunt&
1260 1468 1336 1511 sed
1350 1484 1479 1528 prop-

89 1547 154 1583 ter
162 1538 281 1599 quod
294 1538 505 1598 sequitur,
521 1537 768 1590 «Quoniam
782 1536 863 1595 ipsi
878 1537 1206 1580 saturabuntur.
1217 1541 1315 1593 »Et,
1326 1557 1342 1577 «
1356 1538 1479 1583 Beati

91 1627 112 1651 ³)
147 1610 223 1669 qui
245 1609 441 1669 plorant:
461 1627 480 1649 n
501 1624 591 1652 non
614 1607 715 1668 quia
732 1606 934 1666 plorant,
960 1606 1035 1650 sed
1058 1617 1235 1666 propter
1265 1607 1386 1668 quod
1408 1624 1478 1652 se-

88 1681 258 1740 quitur,
284 1682 429 1733 «Quia
451 1679 697 1723 ridebunt⁵.
723 1696 743 1719 >›
768 1676 969 1732 Proinde,
994 1696 1015 1719 «
1039 1678 1159 1720 Beati
1182 1678 1258 1737 qui
1279 1688 1479 1724 scrutan-

91 1768 112 1792 »
149 1760 219 1795 tur
251 1752 497 1795 testimonia
519 1751 610 1810 ejus
630 1784 640 1804 ,
677 1749 724 1792 in
748 1757 841 1792 toto
873 1747 1006 1791 corde
1036 1748 1269 1808 exquirunt
1291 1765 1422 1795 eum:
1453 1768 1475 1793 »

87 1837 179 1867 non
202 1822 304 1883 quia
321 1830 569 1866 scrutantur
586 1828 630 1863 et
643 1819 899 1878 exquirunt,
921 1818 996 1862 sed
1017 1819 1118 1879 quia
1140 1819 1362 1864 inventuri
1379 1831 1481 1867 sunt

87 1892 209 1954 quod
241 1893 492 1953 exquirunt.
531 1894 583 1935 In
615 1898 708 1934 toto
744 1889 861 1932 enim
895 1888 1056 1945 corde⁷
1092 1905 1182 1934 non
1210 1891 1479 1950 negligenter

88 1964 337 2024 exquirunt.
355 1963 397 2008 Si
410 1978 513 2021 ergo
525 1976 599 2021 spe
608 1960 740 2011 beati,
755 1958 943 2004 fortassis
956 1959 1086 2003 etiam
1102 1976 1176 2020 spe
1191 1961 1474 2009 immaculati.

87 2037 197 2081 Nam
218 2033 415 2095 profecto
433 2034 479 2077 in
497 2034 577 2077 hac
593 2033 678 2077 vita
693 2066 703 2086 ,
720 2030 821 2074 licet
835 2030 881 2074 in
891 2030 988 2089 lege
1000 2031 1170 2075 Domini
1183 2033 1474 2091 ambulemus,

87 2105 189 2150 licet
208 2114 452 2150 scrutemur
473 2102 720 2148 testimonia
742 2103 834 2161 ejus
848 2135 859 2156 ,
885 2110 928 2145 et
947 2101 994 2144 in
1010 2110 1104 2146 toto
1121 2102 1251 2147 corde
1276 2105 1479 2164 exquira-

87 2191 184 2220 mus
204 2192 320 2231 eum,
349 2195 367 2215 «
399 2175 442 2220 Si
467 2173 698 2218 dixerimus
731 2172 833 2232 quia
861 2181 1090 2231 peccatum
1119 2189 1209 2217 non
1235 2173 1474 2232 habemus,

91 2265 113 2289 »
148 2264 226 2292 nos
254 2248 368 2306 ipsos
398 2245 643 2290 seducimus
661 2279 672 2299 ‚
704 2252 748 2287 et
777 2244 934 2288 veritas
963 2244 1009 2288 in
1035 2245 1160 2289 nobis
1186 2261 1276 2290 non
1305 2249 1427 2292 estfi?
1453 2268 1472 2290 »

91 2318 175 2364 Sed
196 2320 279 2363 hoc
312 2317 560 2375 diligentius
587 2314 902 2376 inquirendum
933 2325 1012 2360 est.
1052 2317 1256 2377 Sequitur
1283 2319 1446 2379 quippe
1458 2355 1474 2376 ,

93 2407 114 2432 «
147 2392 245 2434 Non
276 2389 392 2433 enim
415 2388 491 2448 qui
509 2395 744 2447 operantur
765 2385 1039 2445 iniquitatem
1059 2421 1070 2442 ‚
1095 2387 1141 2432 in
1162 2388 1240 2432 viis
1267 2390 1358 2449 ejus
1386 2405 1477 2434 am-

138 2481 146 2498 ¹
164 2475 279 2507 Matth.
300 2468 389 2516 xxti,
411 2474 450 2506 16
465 2477 499 2506 et
515 2482 570 2505 22.
589 2489 632 2495 —
652 2479 665 2495 2
685 2473 758 2504 lsai.
779 2482 833 2513 tv,
852 2470 887 2514 6,
904 2481 935 2514 7.
952 2488 994 2495 —
1015 2471 1028 2495 3
1045 2472 1159 2505 Matth.
1179 2485 1214 2517 v,
1237 2485 1286 2508 10.
1304 2473 1472 2509 —41bid.
1513 2509 1529 2515 ⁴⁷

87 2528 121 2562 6.
135 2546 177 2552 -
195 2527 312 2563 ⁵1bid.
337 2529 368 2563 5.
386 2546 429 2552 -—
446 2527 462 2552 ⁶
484 2540 497 2562 1
518 2530 610 2561 Joan.
630 2539 655 2571 1,
673 2530 707 2560 S.
