1848 3261
405 264 646 294 ENARRATm
677 266 723 294 IN
753 263 957 294 PsALMUM
987 267 1100 295 cx1x.
1349 256 1431 297 553

55 331 147 375 bas.
176 330 259 375 Sed
291 331 468 389 quando
491 330 640 375 laudas
662 332 832 386 vivum,
857 331 891 375 si
913 333 1025 375 nosti
1053 332 1254 385 laudare,
1276 333 1434 378 adhibe

55 401 180 445 illum
211 411 384 446 mortuo
405 411 453 445 ut
477 402 762 457 accendatur3
785 401 830 446 id
864 411 955 456 est,
994 403 1260 462 quicumque
1291 404 1434 449 adhuc

55 471 177 531 piger
199 481 261 515 est
297 472 417 532 sequi
445 475 605 527 Deum,
638 471 818 516 admove
851 472 913 516 illi
951 472 1208 527 carbonem,
1249 474 1438 532 quierat

57 543 268 586 extinctus
287 578 297 598 ,
323 553 366 587 et
382 543 544 587 habeto
565 544 762 601 sagittam
779 543 901 588 verbi
916 544 1013 597 Dei,
1032 552 1074 587 et
1091 544 1324 588 carbonem
1342 560 1437 589 vas-

55 622 240 657 tatorem
258 649 268 668 ,
289 623 339 657 ut
362 630 559 658 occurras
581 614 705 659 labiis
727 614 885 675 iniquis
908 624 950 658 et
971 613 1130 672 linguae
1153 614 1365 659 subdolae.

114 686 191 727 VI.
220 685 337 737 Quid
357 685 769 745 sequiturPAccepit
790 685 868 729 istc
889 685 1062 743 sagittas
1079 684 1300 741 ardentes,
1323 685 1437 730 acci-

55 752 145 811 piat
167 754 375 798 carbones
398 764 649 799 vastatores.
678 757 774 799 Jam
796 754 966 815 repellit
995 754 1187 813 linguam
1210 754 1439 802 subdolam

55 831 98 865 et
125 821 240 867 labia
265 824 438 884 iniqua,
460 825 549 884 jam
569 824 761 870 ascendit
784 824 963 883 gradum
985 860 995 880 ,
1028 825 1180 886 incipit
1200 826 1435 888 proficere:

54 893 130 938 sed
153 894 297 938 adhuc
319 895 426 940 vivit
452 896 565 939 inter
592 895 750 952 malos,
789 896 902 940 inter
928 897 1130 957 iniquos3
1156 897 1352 943 nondum
1379 908 1441 944 est

55 979 152 1009 area
171 964 406 1010 ventilata:
432 975 538 1024 puta
562 967 665 1026 quia
689 967 881 1011 triticum
901 967 1065 1011 factum
1101 976 1185 1021 est,
1223 966 1440 1029 numquid

49 1036 140 1095 jam
164 1036 209 1079 in
227 1036 383 1081 horreo
408 1038 496 1081 est?
521 1037 678 1081 Adhuc
701 1052 872 1082 necesse
890 1046 951 1082 est
970 1037 1108 1082 multa
1127 1038 1249 1097 palea
1267 1053 1441 1098 prema-

54 1115 127 1149 tur
151 1125 160 1151 :
194 1115 236 1149 et
259 1116 475 1166 quantum
497 1108 695 1165 proficit,
720 1116 891 1152 tantum
917 1107 1037 1152 videt
1058 1108 1219 1167 majora
1241 1107 1441 1153 scandala

54 1177 98 1219 in
119 1176 300 1235 populo.
323 1179 433 1221 Nam
456 1178 490 1221 si
508 1193 597 1221 non
614 1178 832 1236 proficiat,
854 1193 943 1221 non
964 1176 1084 1222 videt
1102 1178 1351 1238 iniquitates
1373 1197 1382 1224 z
1408 1178 1441 1223 si

54 1261 144 1290 non
167 1246 221 1290 sit
237 1262 365 1290 verax
388 1247 658 1291 Christianus
673 1282 683 1301 ,
708 1262 797 1292 non
819 1247 938 1291 videt
961 1248 1097 1291 fictos.
1125 1247 1298 1292 Etenim
1315 1283 1324 1301 ,
1352 1246 1442 1293 fra-

54 1326 140 1361 tres
157 1352 168 1372 ,
194 1326 237 1361 et
269 1317 324 1361 de
345 1317 419 1364 illa
441 1317 723 1362 similitudine
745 1318 828 1363 hoc
861 1334 938 1363 nos
963 1318 1091 1363 docet
1117 1319 1354 1375 Dominus,
1387 1317 1442 1364 de

52 1387 283 1431 frumentis
316 1397 358 1431 et
392 1387 577 1431 zizaniis.
621 1406 641 1429 «
675 1390 787 1432 Cum
816 1398 962 1433 autem
1000 1388 1202 1434 crevisset
1233 1389 1369 1433 herba
1400 1398 1444 1434 et

57 1475 77 1499 »
113 1457 307 1502 fructum
338 1457 531 1511 fecisset,
569 1467 674 1502 tunc
704 1468 1000 1518 apparuerunt
1030 1467 1072 1503 et
1097 1459 1285 1503 zizania1
1312 1479 1322 1505 ε
1352 1479 1370 1501 »
1397 1459 1443 1504 id

53 1536 145 1583 est,
159 1527 260 1587 quia
278 1526 388 1570 nulli
402 1527 570 1571 homini
588 1537 797 1587 apparent
814 1527 931 1583 mali,
954 1528 1031 1573 nisi
1052 1528 1192 1574 factus
1206 1527 1337 1573 fuerit
1354 1529 1444 1589 ipse

55 1597 199 1641 bonus
226 1616 235 1642 ε
262 1597 364 1657 quia
401 1613 502 1641 cum
540 1598 740 1641 crevisset
775 1598 911 1642 herba
939 1607 982 1643 et
1016 1597 1210 1643 fructum
1244 1598 1439 1654 fecisset,

55 1676 162 1712 tunc
184 1676 478 1726 apparuerunt
496 1667 672 1712 zizania.
698 1670 795 1712 Jam
818 1683 920 1726 ergo
945 1668 1024 1712 iste
1045 1669 1179 1728 coepit
1200 1669 1410 1729 proficere
1429 1704 1440 1725 ,

55 1747 98 1783 et
119 1740 254 1798 coepit
275 1739 423 1783 videre
444 1738 578 1783 malos
595 1773 606 1794 ,
632 1748 675 1782 et
697 1738 836 1783 multa
858 1739 972 1784 mala
1001 1755 1102 1799 quae
1125 1749 1225 1784 ante
1257 1755 1347 1785 non
1368 1756 1447 1785 no-

54 1818 199 1864 verat,
225 1818 268 1852 et
290 1809 449 1853 clamat
466 1808 521 1853 ad
543 1809 795 1853 Dominum.
823 1828 842 1850 α
866 1812 963 1854 Heu
984 1825 1053 1853 me
1069 1846 1079 1864 ,
1098 1810 1219 1870 quod
1231 1810 1444 1856 incolatus

58 1898 79 1921 »
113 1895 236 1924 meus
268 1880 560 1939 longinquus,
587 1880 731 1939 inquit
748 1914 758 1933 ,
785 1879 926 1925 factus
951 1881 1070 1926 est²1
1099 1902 1116 1922 »
1145 1880 1337 1926 Multum
1360 1898 1383 1926 a
1405 1889 1445 1926 te

55 1950 232 2004 recessi,
271 1949 559 2009 peregrinatio
592 1965 689 1993 mea
720 1948 833 1994 facta
863 1959 925 1995 est
958 1949 1211 2011 longinqua.
1237 1951 1444 1997 Nondum

54 2022 154 2065 veni
176 2021 221 2064 in
242 2021 425 2080 patriam
440 2019 557 2064 illam
573 2055 583 2075 ,
607 2021 685 2064 ubi
707 2037 808 2065 cum
830 2021 953 2066 nullo
975 2021 1089 2066 malo
1106 2023 1299 2067 victurus
1316 2039 1412 2068 sum
1432 2042 1441 2069 ε

54 2089 253 2135 nondum
267 2090 367 2134 veni
379 2089 433 2134 ad
446 2089 564 2134 illam
583 2090 831 2136 societatem
851 2090 1135 2150 Angelorum,
1152 2092 1229 2137 ubi
1245 2091 1444 2137 scandala

56 2177 145 2207 non
164 2161 344 2206 timebo.
370 2164 514 2215 Quare
532 2171 676 2206 autem
701 2162 898 2207 nondum
920 2179 1014 2208 sum
1032 2163 1126 2207 ibi?
1145 2163 1291 2218 Quia«
1314 2167 1444 2209 Inco-

59 2250 80 2274 »
113 2231 228 2276 latus
250 2247 370 2275 meus
393 2231 660 2292 longinquus
682 2232 822 2277 factus
855 2242 932 2277 cst.
963 2253 982 2275 »
1008 2233 1227 2278 Incolatus
1249 2234 1445 2295 peregri-

56 2303 175 2347 natio
196 2312 274 2347 est.
304 2302 451 2347 Incola
480 2302 638 2347 dicitur
659 2304 735 2363 qui
757 2304 926 2348 habitat
951 2305 998 2348 in
1025 2315 1136 2349 terra
1165 2305 1303 2350 alicua
1319 2341 1328 2359 ,
1356 2321 1444 2350 non

54 2373 100 2417 in
121 2373 294 2417 civitate
310 2388 401 2417 sua.
425 2392 445 2415 «
463 2374 746 2434 Longinquus
761 2409 771 2429 ,
798 2373 966 2436 inquit,
994 2373 1133 2420 factus
1149 2384 1212 2419 est
1230 2375 1444 2421 incolatus

62 2464 80 2484 ι
115 2457 252 2486 meus.
281 2461 302 2484 »
328 2445 386 2487 Et
407 2443 483 2486 ubi
513 2443 806 2504 longinquus?
829 2444 1104 2505 Aliquando,
1144 2445 1295 2490 fratres
1328 2447 1411 2490 mei
1429 2481 1440 2501 ,

57 2528 158 2558 cum
182 2513 482 2573 peregrinatur
511 2514 670 2569 homo,
702 2514 815 2559 inter
848 2514 1046 2559 meliores
1077 2515 1208 2572 vivit,
1245 2531 1376 2576 quam
1398 2516 1443 2561 in

107 2603 117 2621 ¹
132 2597 247 2631 Matth.
269 2608 338 2640 xm,
354 2598 406 2631 26.
431 2615 471 2622 —-
495 2598 604 2632 ²Psal.
628 2608 712 2642 cxix,
734 2598 767 2631 5.
