1848 3261
396 233 480 274 476
829 243 863 272 s.
899 242 1129 272 Aucusnm
1160 244 1342 271 Enscon

395 320 439 355 et
470 311 524 353 de
547 309 830 370 quibusdam,
860 328 879 351 «
915 309 1148 353 Proficient
1170 308 1214 351 in
1236 310 1401 368 pejus1.
1429 326 1449 350 »
1477 311 1542 352 Ita
1565 317 1608 352 et
1627 306 1775 353 defec-

394 390 464 425 tus
487 396 511 424 a
532 380 650 425 bono
673 380 718 423 in
740 379 903 424 malum
926 379 1063 423 malus
1085 387 1169 433 est,
1193 395 1215 423 a
1244 377 1358 423 malo
1374 379 1426 422 in
1447 379 1614 424 honum
1635 379 1776 423 bonus

396 462 474 496 est.
500 454 622 496 Bono
645 452 807 511 quippe
827 450 1002 494 defectu
1025 450 1190 494 dictum
1209 458 1297 494 est:
1327 468 1347 491 «
1366 450 1589 494 Desiderat
1608 460 1650 494 et
1666 449 1777 493 defi-

397 540 417 564 »
455 523 512 566 cit
535 523 678 565 anima
701 536 795 564 mea
822 520 867 563 in
890 520 995 564 atria
1025 520 1241 565 l)omini⁰-.
1272 538 1291 560 »
1322 520 1388 564 Sic
1412 529 1454 564 et
1475 520 1546 564 hic
1569 536 1659 564 non
1682 520 1741 564 ait
1765 539 1775 565 z

399 611 420 634 «
454 591 656 636 Defecita
670 590 846 634 salutari
864 599 958 646 tuo,
977 609 996 631 »
1014 590 1110 645 sed,
1131 610 1151 632 «
1162 588 1328 634 Defecit
1339 591 1384 633 in
1402 589 1587 634 salutare
1606 600 1775 646 tuum,»

394 665 477 709 hoc
500 672 585 719 est,
611 663 665 706 ad
683 662 869 706 salutare
893 671 1040 716 tuum,
1071 682 1087 702 «
1110 662 1251 705 anima
1266 677 1377 706 mea.
1401 683 1418 704 »
1435 664 1581 707 Bonus
1594 671 1657 706 est
1678 677 1781 720 ergo

393 734 474 778 iste
499 732 696 777 defectus
733 732 929 776 :indicat
960 733 1075 775 enim
1110 732 1374 776 desiderium
1409 733 1542 789 boni,
1583 732 1782 779 nondum

395 805 575 865 quidem
597 804 767 863 adepti,
789 804 866 848 sed
888 802 1128 848 avidissime
1152 819 1200 848 ac
1221 804 1595 850 vehementissime
1619 820 1784 849 concu-

395 877 488 937 piti.
518 875 603 920 Sed
625 875 720 935 quis
743 875 826 919 hoc
845 875 949 919 dicit
971 875 1051 918 nisi
1079 890 1214 933 genus
1235 873 1424 919 electum
1440 911 1450 928 ,
1480 875 1622 933 regale
1641 890 1784 919 sacer-

395 947 565 993 dotium
587 982 598 1002 ,
636 962 738 1006 gens
767 955 936 1001 sancta,
963 945 1152 1005 populus
1178 946 1518 1006 acquisitionisss,
1544 947 1598 990 ab
1621 946 1786 1004 origine

399 1019 566 1078 generis
588 1017 771 1062 humani
807 1033 946 1077 usque
972 1016 1027 1061 ad
1047 1017 1175 1077 hujus
1198 1017 1344 1061 saeculi
1367 1018 1521 1072 finem,
1546 1017 1590 1063 in
1627 1017 1685 1061 eis
1710 1017 1786 1077 qui

398 1105 476 1134 suo
503 1089 667 1149 quique
692 1098 887 1148 tempore
914 1089 984 1132 hic
1006 1089 1227 1143 vixerunt,
1252 1089 1429 1143 vivunt,
1460 1088 1618 1133 victuri
1657 1097 1783 1142 sunt,

399 1159 646 1204 desiderans
679 1159 932 1203 Christum?
967 1161 1090 1202 Teste
1128 1159 1395 1203 sanctissimo
1427 1174 1528 1202 sene
1562 1159 1784 1214 Simeone,

399 1231 475 1291 qui
497 1236 597 1275 cum
622 1245 721 1273 eum
738 1230 949 1274 infantem
969 1230 1198 1289 accepisset
1212 1230 1256 1272 in
1274 1245 1443 1284 manus,
1465 1230 1571 1273 dixit
1586 1265 1596 1284 ,
1621 1248 1640 1271 «
1660 1231 1787 1274 Nunc

403 1321 422 1343 »
460 1301 656 1355 dimittis,
672 1301 870 1355 Domine,
882 1315 1052 1344 servum
1063 1310 1205 1355 tuum,
1217 1301 1459 1345 secundum
1470 1301 1652 1344 verbum
1662 1309 1788 1344 tuum

409 1393 426 1413 »
461 1373 507 1416 in
524 1387 630 1431 pace
657 1391 664 1416 :
687 1371 893 1432 quoniam
918 1370 1123 1414 viderunt
1145 1370 1259 1414 oculi
1281 1371 1366 1413 mei
1394 1370 1578 1414 salutare
1596 1380 1738 1415 tuum.
1767 1389 1788 1412 »

402 1446 641 1502 Acceperat
673 1443 788 1485 enim
816 1457 1068 1501 responsum
1091 1440 1311 1495 divinum,
1337 1456 1425 1485 non
1453 1456 1496 1484 se
1519 1450 1793 1500 gustaturum

400 1524 611 1567 mortem,
652 1512 729 1555 nisi
762 1512 937 1556 vidisset
959 1511 1181 1556 Christum
1208 1511 1428 1555 Domini⁴.
1462 1511 1600 1564 Quale
1646 1519 1793 1555 autem

404 1583 666 1626 desiderium
689 1582 773 1625 fuit
793 1582 837 1625 in
855 1582 936 1625 isto
957 1597 1080 1636 sene,
1107 1581 1192 1624 tale
1215 1579 1346 1624 fuisse
1370 1581 1640 1625 credendum
1663 1590 1727 1625 est
1748 1582 1794 1624 in

404 1653 606 1697 omnibus
621 1652 893 1711 superiorum
915 1660 1163 1710 temporum
1185 1651 1355 1694 sanctis.
1386 1651 1509 1695 Unde
1532 1661 1575 1695 et
1595 1651 1686 1711 ipse
1705 1654 1793 1696 Do-

404 1724 548 1767 minus
567 1723 786 1782 discipulis
807 1722 868 1765 ait
887 1741 894 1766 :
917 1741 937 1763 κ
958 1721 1087 1766 Multi
1109 1723 1335 1781 prophetae
1354 1730 1398 1764 01
1419 1736 1537 1779 reges
1560 1721 1795 1766 voluerunt

408 1813 428 1836 »
464 1794 610 1838 videre
632 1810 730 1854 quae
752 1808 826 1837 vos
845 1791 1022 1846 videtis,
1045 1801 1088 1835 et
1104 1808 1194 1835 11011
1208 1791 1438 1849 viderunt,
1462 1801 1505 1836 et
1523 1793 1673 1836 audire
1695 1809 1795 1852 quae

408 1884 428 1907 »
465 1864 643 1919 auditis,
671 1874 713 1908 et
742 1879 833 1908 non
866 1861 1128 1907 audierunt⁵
1157 1882 1164 1906 :
1195 1880 1214 1903 »
1257 1864 1314 1906 Ut
1335 1863 1529 1921 ipsorum
1558 1863 1687 1906 etiam
1714 1878 1795 1907 vox

405 1936 489 1979 hoc
521 1934 618 1979 loco
661 1942 920 1993 agnoscatur
966 1953 975 1978 ι
1000 1953 1018 1974 «
1048 1931 1216 1977 Defecit.
1234 1933 1278 1976 in
1301 1932 1487 1977 salutare
1507 1942 1635 1978 tuum
1653 1933 1796 1978 anima

409 2024 429 2047 »
466 2021 577 2050 mea.
595 2024 615 2046 »
631 2008 718 2050 Nec
734 2015 838 2049 tunc
853 2019 954 2062 ergo
970 2004 1137 2064 quievit
1151 2004 1234 2048 hoc
1250 2003 1512 2048 desiderium
1526 2013 1792 2060 sanctorum,

406 2092 486 2121 nec
521 2092 639 2121 nunc
662 2076 844 2136 quiescit
868 2076 913 2119 in
935 2076 1093 2120 Christi
1118 2090 1319 2134 corpore,
1350 2074 1470 2135 quod
1495 2084 1558 2119 051
1575 2075 1792 2132 Ecclesia,

407 2163 545 2208 usque
569 2147 624 2191 ad
660 2147 896 2191 terminum
928 2146 1096 2201 saeculi,
1136 2145 1275 2190 donec
1304 2146 1450 2190 veniat
1476 2165 1496 2189 «
1521 2146 1796 2191 Desideratus

410 2238 429 2259 »
465 2218 632 2262 cunctis
663 2217 865 2276 gentihus
880 2218 918 2272 ⁶,
950 2237 966 2257 »
990 2217 1101 2260 sieut
1123 2215 1394 2276 promittitur
1410 2232 1488 2276 per
1511 2218 1792 2277 Prophetam.

410 2293 593 2347 Propter
629 2287 750 2348 quod
791 2287 897 2331 dicit
926 2286 1181 2346 Apostolus,
1211 2305 1231 2328 «
1273 2288 1475 2346 Superest
1501 2287 1607 2331 mihi
1637 2303 1797 2332 corona

409 2378 429 2400 »
461 2358 640 2419 justitiae
657 2394 667 2413 ,
693 2373 824 2418 quam
854 2357 1008 2402 reddet
1030 2357 1135 2401 mihi
1157 2357 1363 2401 Dominus
1389 2358 1433 2401 in
1455 2357 1530 2402 illo
1559 2358 1629 2402 die
1653 2360 1795 2418 justus

410 2449 430 2471 n
460 2429 596 2489 judex
620 2449 628 2473 ;
653 2444 743 2473 11011
765 2427 906 2472 50111111
929 2437 1074 2472 autem
1088 2428 1215 2481 mihi,
1241 2427 1316 2471 sed
1338 2437 1380 2472 et
1399 2428 1600 2472 omnibus
1625 2429 1701 2488 qui
1725 2429 1794 2472 di-

457 2533 465 2548 ¹
484 2535 503 2558 2
527 2527 606 2558 Tim.
625 2538 674 2568 111,
697 2527 747 2558 13.
764 2542 805 2548 —-
829 2531 841 2548 ²
861 2524 941 2556 Psal.
963 2535 1089 2566 Lxxxui,
1106 2524 1134 2556 3.
1151 2541 1191 2546 —
1212 2522 1225 2547 3
1249 2536 1260 2556 1
1285 2526 1370 2557 Petr.
1389 2536 1422 2566 11,
1444 2536 1476 2567 9.
1494 2524 1563 2554 -4
1583 2527 1659 2557 Luc.
1681 2536 1714 2566 11,
1728 2525 1784 2566 26,

410 2585 441 2613 ct
460 2590 515 2623 29,
538 2582 586 2613 30.
610 2599 650 2604 —
670 2580 684 2604 5
703 2580 818 2613 Matth.
838 2591 911 2622 xm,
934 2591 982 2621 17.
1006 2597 1046 2603 —-
1070 2577 1085 2603 6
1104 2580 1218 2621 Aggaei.
1239 2590 1278 2620 11,
1300 2582 1333 2611 8.
