1848 3261
273 198 516 232 ENARnAno
543 202 560 231 1
590 203 637 231 m
667 198 871 232 PsALMUM
900 202 1029 242 cxm,
1063 200 1202 233 SERMO
1233 205 1265 232 1.
1366 194 1450 233 337

71 285 94 311 >›
127 269 235 313 iram
251 281 375 312 suam
388 302 400 323 ,
417 267 627 328 quoniam
639 267 910 313 voluntarius
926 276 969 312 et
988 268 1228 313 misericors
1250 277 1337 325 est,
1361 270 1454 330 ipse

71 355 94 380 >›
128 347 352 384 convertet
365 347 409 382 et
420 338 693 382 miserebitur
709 337 859 392 nostri,
876 336 1099 396 demerget
1115 337 1274 383 delicta
1289 349 1452 396 nostra,

63 425 92 470 v»
125 407 347 466 demerget
359 408 405 451 in
427 409 555 452 maris
576 406 846 467 profundum
863 421 1012 451 omnes
1031 406 1181 467 culpas
1195 411 1397 452 nostr-38¹.
1428 426 1450 451 »

68 480 235 539 Nempe
257 478 499 535 advertitis,
532 478 686 524 fratres
701 513 713 535 ,
737 478 1007 522 manifestius
1037 478 1108 522 hic
1139 478 1295 537 aperiri
1320 493 1458 523 sacro·

69 557 217 593 sancta
238 549 459 606 mysteria.
486 551 538 592 In
559 548 643 592 hoc
676 563 778 607 ergo
802 546 973 592 Psalmo
999 549 1197 608 quamvis
1218 547 1367 592 futura
1389 548 1459 591 in-

68 626 243 662 tueatur
263 618 468 662 mirabilis
483 618 725 678 prophetiae
749 617 931 677 Spiritus
946 653 957 673 ,
980 626 1126 663 tamen
1146 616 1321 662 videtur
1334 616 1457 662 velut

69 697 282 733 transacta
294 705 482 733 narrare.
506 692 674 734 «Facta
696 697 781 744 est,
803 689 962 748 inquit,
994 688 1147 732 Judaea
1168 689 1456 734 sanctificatio

71 775 92 801 >›
113 761 356 819 ejustmare
378 759 487 804 vidit
503 768 547 803 et
567 758 791 818 fugit.»Et
818 759 932 803 facta
953 768 1038 814 est,
1063 768 1106 803 et
1126 758 1252 814 vidit,
1270 758 1454 818 etfugit,

68 829 275 888 praeteriti
291 829 498 888 temporis
519 829 652 873 verba
671 836 788 873 sunt.
815 832 873 873 Et
888 844 1121 873 conversus
1141 838 1205 873 est
1228 829 1428 874 Jordanis
1443 863 1454 885 ,

68 908 111 943 et
133 900 370 959 gestierunt
391 908 583 955 montes,
609 909 653 944 et
670 909 887 944 commota
914 909 978 944 est
996 909 1129 955 terra,
1152 899 1305 944 eodem
1325 899 1458 945 modo

68 971 335 1029 praeteritum
364 979 546 1027 sonant,
581 970 672 1013 sine
700 969 952 1030 praejudicio
985 978 1133 1013 tamen
1183 969 1458 1028 intelligendi

67 1038 230 1084 futura.
270 1039 476 1100 Alioquin
513 1049 664 1084 contra
690 1038 987 1098 evangelicum
1019 1038 1318 1082 testimonium
1340 1039 1458 1098 cogi-

67 1124 167 1153 mur
189 1110 319 1153 etiam
335 1109 408 1153 illa
431 1125 520 1154 non
542 1108 596 1153 dc
618 1108 768 1153 futuro
785 1108 1077 1167 praenuntiata
1092 1142 1103 1163 ,
1133 1109 1209 1151 sed
1231 1107 1285 1151 de
1302 1118 1460 1168 praete-

68 1179 152 1224 rito
186 1187 521 1224 commemorata
538 1212 549 1234 ,
584 1176 827 1236 intelligere
854 1193 864 1219 ε
893 1196 912 1217 «
940 1177 1188 1222 Diviserunt
1215 1178 1297 1221 sibi
1326 1179 1460 1223 vesti-

71 1268 103 1307 »1
126 1260 274 1294 menta
306 1265 403 1294 mea
425 1284 436 1303 ,
475 1258 519 1293 et
553 1264 682 1307 super
721 1248 1031 1294 vestimentum
1066 1263 1214 1291 meum
1247 1248 1460 1294 miserunt

71 1339 92 1363 >›
128 1331 288 1366 sortem
305 1324 338 1364 2.
362 1338 383 1362 n
404 1323 512 1373 Quae
528 1319 725 1380 quamvis
737 1319 880 1363 verbis
894 1320 1100 1378 praeteriti
1114 1319 1319 1380 temporis
1343 1319 1460 1365 dicta

69 1393 177 1447 sint,
201 1392 247 1436 id
271 1401 416 1436 tamen
439 1389 820 1449 praenuntiabant,
849 1389 969 1449 quod
995 1398 1116 1434 tanto
1139 1399 1236 1449 post
1257 1388 1460 1435 futurum

69 1462 116 1506 in
128 1462 324 1521 passione
337 1460 511 1505 Domini
533 1457 839 1518 compleretur.
876 1459 961 1503 Sed
983 1467 1151 1514 tamen,
1173 1459 1456 1515 dilectissimi,

69 1533 288 1592 Propheta
318 1531 398 1575 iste
432 1545 563 1590 quem
594 1528 951 1583 commemoravi,
986 1529 1115 1573 etiam
1147 1544 1288 1588 grossa
1326 1530 1460 1575 corda

69 1602 251 1657 limavit,
268 1611 310 1645 et
332 1601 387 1645 ad
399 1599 681 1658 intelligenda
703 1599 757 1642 dc
774 1596 1000 1657 praeteritis
1019 1599 1149 1643 rebus
1167 1599 1292 1658 gestis
1309 1599 1459 1646 futura

70 1673 376 1717 incunctanter
394 1670 587 1715 extendit
611 1690 622 1727 3
646 1677 697 1713 ut
718 1684 808 1712 non
831 1667 974 1712 solum
995 1669 1235 1728 apostolica
1265 1671 1458 1715 auctori-

70 1751 158 1786 tate
180 1743 337 1800 figuras
358 1750 524 1785 nostras
543 1739 637 1783 illas
659 1737 790 1783 fuisse
807 1738 1054 1793 credamus,
1080 1738 1156 1783 sed
1176 1755 1257 1784 nec
1279 1740 1334 1784 ab
1356 1741 1460 1800 ipsis

71 1813 297 1871 Prophetis
317 1812 401 1855 hoc
417 1808 754 1870 praetermissum
771 1823 860 1852 esse
872 1842 883 1863 ,
903 1817 954 1852 ut
968 1809 1096 1852 etiam
1113 1824 1265 1853 eorum
1282 1810 1460 1871 eloquio

69 1881 312 1941 pandente,
340 1880 536 1925 videntes
557 1888 687 1938 atque
706 1877 944 1936 gaudentes
961 1913 972 1934 ,
1003 1878 1110 1923 certi
1131 1894 1179 1923 ac
1208 1881 1374 1935 securi,
1401 1879 1458 1926 de

71 1954 274 1997 thesauro
296 1952 373 1996 Dei
395 1960 438 1995 et
458 1966 571 1995 nova
592 1959 636 1993 et
655 1958 800 1994 vetera
821 1949 1095 1994 concorditer
1115 1950 1289 1995 sibimet
1309 1952 1459 1997 cohae-

71 2025 209 2068 rentia
230 2022 515 2082 proferamus.
537 2023 650 2066 Cum
669 2021 784 2064 enim
807 2029 929 2065 tanto
948 2030 1046 2079 post
1067 2036 1285 2079 egressum
1305 2023 1477 2083 populi¹

71 2093 185 2138 illius
207 2109 257 2137 ex
279 2097 493 2151 AEgypto,
521 2100 564 2135 et
580 2100 701 2135 tanto
719 2098 819 2134 ante
836 2090 915 2134 ista
938 2090 1141 2135 Ecclesiae
1155 2101 1349 2152 tempora
1364 2094 1461 2139 haee

72 2180 172 2226 quoe
197 2161 531 2208 commemoravi
544 2197 554 2216 ‚
580 2161 807 2219 cecinerit3
827 2170 974 2204 tamen
995 2176 1038 2204 se
1056 2159 1204 2206 futura
1221 2162 1458 2222 praedicere

73 2235 164 2279 sine
185 2233 275 2278 ulla
299 2231 572 2276 dubitatione
596 2239 793 2274 testatur.
827 2248 848 2273 «
875 2229 1123 2275 Secundum
1145 2232 1256 2285 dies,
1282 2233 1427 2294 inquit
1445 2269 1458 2290 ,

76 2322 96 2347 >›
132 2302 412 2363 profectionis
428 2316 578 2346 eorum
596 2316 649 2344 ex
664 2302 873 2359 AEgypto,
895 2299 1119 2345 ostendam
1132 2301 1344 2346 mirabilia
1356 2302 1456 2348 illis.

76 2393 98 2417 »
133 2374 360 2419 Videbunt
391 2373 609 2428 nationes,
639 2380 683 2416 et
704 2369 1046 2417 confundentur,
1075 2390 1095 2414 »
1123 2374 1218 2418 Hoc
1245 2381 1308 2418 est
1337 2373 1457 2435 quod

123 2479 132 2495 ¹
152 2472 247 2507 mich.
273 2481 333 2511 vu,
350 2470 465 2513 15-19.
482 2486 521 2494 -
544 2476 557 2492 ²
572 2468 652 2501 Psal.
675 2479 738 2510 xxi,
762 2478 813 2509 19·

287 2547 426 2577 cxvn.
1242 2536 1295 2576 22
