1848 3261
439 203 680 237 ENARRAno
710 209 756 237 ΙΝ
787 205 991 238 PsALMUM
1020 209 1087 237 ev.
1356 199 1442 240 225

64 271 151 316 lem
171 286 251 332 pro
272 270 409 316 nihilo
439 272 717 330 habuerunt,
755 272 897 318 verbis
919 273 992 316 Dei
1023 287 1114 316 non
1134 272 1413 320 crediderunt
1428 311 1441 332 ,

64 358 141 402 per
157 343 358 402 quaedam
376 358 508 402 parva
521 344 716 388 ducentis
729 343 784 388 ad
796 359 951 402 magna
962 378 973 399 ,
993 352 1036 387 et
1053 341 1302 389 festinantes
1324 347 1445 391 beari

65 414 373 474 temporalibus
395 414 545 470 rebus,
583 431 690 476 quas
720 414 962 459 seeundum
988 430 1164 459 carnem
1192 415 1442 475 sapiebant,

68 504 89 528 «
121 487 220 530 Non
252 485 575 542 sustinuerunt,
606 487 717 531 sicut
748 501 877 545 supra
904 484 1071 530 dictum
1099 494 1183 542 est,
1216 486 1445 531 consilium

66 573 88 598 »
123 556 255 615 ejus1.
280 573 301 597 »

121 627 289 670 XXIII.
327 645 348 668 «
378 628 435 670 Et
469 636 797 671 murmurarunt
818 627 865 670 in
886 626 1177 671 tabernaculis
1210 626 1296 671 suis
1310 661 1321 682 ,
1359 642 1450 671 non

69 715 88 737 »
123 695 408 740 exaudierunt
428 712 580 741 vocem
603 697 775 741 Domini
790 700 807 723 2
827 716 836 741 :
865 715 885 738 »
906 697 1185 742 veliementer
1202 712 1274 742 eos
1288 712 1312 741 a
1332 712 1448 742 mur-

63 766 307 810 muratione
328 766 614 825 prohibentis.

122 838 284 880 XXIV.
315 854 332 876 «
359 839 416 880 Et
433 835 616 880 elevavit
638 852 817 881 manum
837 851 963 881 suam
985 851 1114 896 super
1134 852 1205 881 eos
1219 872 1230 892 ‚
1251 846 1302 881 ut
1322 853 1448 896 pros-

66 925 87 949 »
123 916 313 950 temeret
333 922 404 951 eos
420 908 465 950 in
482 907 650 951 deserto
673 927 681 951 :
704 918 748 952 et
766 917 816 952 ut
832 908 1033 967 dejiceret
1055 923 1202 952 semen
1230 924 1382 953 eorum
1403 909 1450 954 in

68 996 87 1018 »
123 977 371 1021 nationibus
386 1012 397 1032 ,
423 986 465 1021 et
486 976 749 1036 dispergeret
770 994 842 1022 eos
863 979 907 1021 in
930 978 1178 1036 regionibus
1192 981 1223 1022 3.
1246 997 1267 1020 »

121 1050 259 1092 XXV.
288 1048 368 1091 Hic
389 1057 619 1107 antequam
657 1048 819 1093 diceret
839 1048 961 1108 quod
992 1057 1126 1092 tantae
1157 1048 1448 1108 indignationi

64 1119 141 1162 Dei
162 1118 393 1178 quisquam
420 1118 709 1161 intercesserit
726 1153 736 1172 ,
764 1134 953 1178 eumque
979 1118 1126 1178 aliquo
1156 1118 1285 1163 modo
1308 1119 1453 1179 placa-

64 1189 201 1243 verit,
223 1198 394 1232 secutus
414 1187 611 1248 adjunxit
631 1207 638 1232 :
662 1207 679 1228 «
702 1191 758 1233 Et
779 1189 937 1233 initiati
959 1198 1059 1233 sunt
1081 1189 1350 1248 Beelphegor
1366 1192 1382 1216 4
1400 1206 1409 1232 ε
1428 1209 1450 1232 »

64 1257 112 1302 id
129 1267 213 1313 est,
234 1258 352 1302 idolo
375 1258 582 1301 Gentium
599 1259 852 1302 consecrati.
879 1277 900 1301 (ς
925 1262 981 1303 Et
1002 1258 1379 1304 manducaverunt
1394 1276 1455 1305 sa-

67 1329 226 1373 crificia
250 1337 539 1372 mortuorum.
573 1331 631 1372 Et
661 1329 940 1374 irritaverunt
969 1345 1070 1373 eum
1101 1330 1146 1373 in
1180 1330 1455 1376 adinventio-

71 1417 91 1442 »
128 1400 256 1444 nibus
278 1400 386 1454 suis,
414 1409 458 1443 et
474 1399 761 1459 multiplicata
783 1409 846 1444 est
866 1401 911 1444 in
933 1401 992 1444 eis
1010 1400 1161 1445 ruina⁵
1180 1419 1200 1442 »
1228 1404 1455 1462 Tanquam

69 1470 124 1516 ad
144 1472 228 1515 hoc
249 1470 488 1526 distulerit,
518 1471 639 1531 quod
659 1471 876 1516 levaverat
898 1487 1076 1515 manum
1097 1487 1227 1531 super
1244 1488 1315 1517 eos
1336 1488 1456 1532 pros-

69 1542 302 1587 ternendos
324 1543 371 1586 in
393 1542 578 1598 deserto,
596 1552 638 1586 et
657 1542 946 1603 dejiciendum
964 1558 1110 1586 semen
1131 1559 1282 1587 eorum
1307 1546 1353 1588 in
1375 1561 1457 1589 na·-

70 1613 283 1668 tionibus‚
320 1622 363 1656 et
391 1612 700 1672 dispergendos
730 1628 802 1657 eos
835 1613 880 1656 in
911 1613 1181 1670 regionibus,
1219 1623 1265 1658 ut
1297 1615 1387 1659 dati
1410 1617 1456 1661 in

70 1684 305 1744 reprobum
323 1699 495 1727 sensum
513 1719 523 1738 ,
541 1683 670 1727 etiam
687 1682 800 1726 illud
818 1682 1117 1738 admitterent,
1132 1684 1178 1726 in
1196 1700 1286 1744 quo
1299 1685 1456 1730 imma-

71 1755 191 1799 niore
210 1754 388 1799 erimine
401 1753 588 1798 evidenti
600 1753 766 1813 justitia
779 1753 1040 1812 punirentur
1056 1773 1064 1799 :
1085 1754 1457 1814 quemadmodum

72 1824 178 1869 dicit
199 1823 431 1884 Apostolus
446 1859 456 1879 ,
477 1842 494 1863 «
514 1827 571 1867 Et
584 1824 694 1867 sicut
714 1839 804 1867 non
826 1823 1123 1883 probaverunt
1138 1828 1276 1869 Deum
1294 1827 1455 1872 habere

75 1913 95 1937 »
131 1895 177 1938 in
199 1894 419 1948 notitiam,
441 1893 620 1937 tradidit
642 1893 737 1937 illos
767 1896 881 1937 Deus
903 1892 950 1938 in
981 1895 1212 1954 reprobam
1232 1906 1449 1956 mentem,

75 1985 96 2008 »
131 1975 180 2010 ut
202 1966 362 2010 faciant
384 1981 482 2025 quae
501 1980 591 2009 non
613 1966 923 2010 conveniuntss.
952 1983 973 2008 »

132 2039 295 2080 XXVI.
319 2035 515 2095 Denique
532 2044 703 2079 tantum
719 2035 802 2079 fuit
818 2036 956 2080 scelus
974 2051 1125 2081 eorum
1139 2073 1149 2093 ,
1171 2039 1291 2098 quod
1310 2056 1458 2086 conse-

73 2108 181 2153 crati
202 2115 304 2150 sunt
328 2105 468 2160 idolo,
494 2115 537 2150 et
558 2106 843 2151 comederunt
861 2108 1065 2152 sacrificia
1081 2118 1371 2167 mortuorum,
1387 2113 1457 2170 (id

74 2187 161 2232 est,
198 2176 299 2237 quia
326 2176 507 2221 mortuis
528 2177 780 2222 hominibus
813 2186 1021 2238 tanquam
1049 2178 1130 2224 diis
1157 2182 1457 2228 sacrificabant

76 2251 258 2303 Gentes,
275 2250 291 2305 J,
309 2257 358 2291 ut
380 2246 503 2291 aliter
532 2263 576 2292 se
597 2248 759 2307 placari
783 2252 895 2293 Deus
923 2249 1090 2306 nollet,
1125 2251 1206 2296 nisi
1234 2254 1457 2313 quomodo

77 2334 177 2364 eum
189 2317 569 2378 placavitPhinees
586 2318 799 2374 sacerdos,
817 2319 893 2379 qui
906 2320 1148 2365 masculum
1167 2331 1210 2366 et
1230 2322 1456 2370 foeminam

76 2390 123 2434 in
153 2388 382 2447 complexu
413 2387 657 2433 adulterino
688 2389 977 2449 deprehensos
1004 2392 1164 2451 pariter
1193 2393 1453 2441 interemit⁷.

127 2493 136 2509 ¹
155 2485 236 2518 Psal.
252 2496 303 2526 cv,
333 2484 384 2517 13.
402 2501 443 2508 —
461 2491 474 2508 2
489 2484 572 2517 Ibid.
590 2484 644 2517 26.
671 2501 712 2508 ·-
729 2483 742 2508 3
761 2486 841 2519 Ibid.
862 2494 916 2529 27.
934 2503 975 2510 -
988 2484 1005 2518 4
1024 2487 1105 2521 Ibid.
1134 2488 1188 2521 28.
1209 2505 1249 2512 --
1267 2487 1378 2525 ⁵1bid.
1397 2501 1452 2537 29.

81 2559 121 2566 —-
139 2540 155 2565 6
173 2544 264 2575 Rom.
285 2553 310 2582 1,
325 2542 379 2574 28.
400 2558 442 2564 —
467 2548 480 2575 7
499 2543 593 2575 Num.
613 2553 688 2584 xxm
707 2541 748 2579 8.,

241 2605 396 2636 CXVIII·
1252 2601 1301 2640 15
