1848 3261
241 212 483 244 ENARnAno
514 216 560 244 ΙΝ
591 214 795 245 PsALMUM
825 215 984 254 cxvm,
1018 214 1156 245 SERMO
1188 216 1300 245 xxm.
1381 206 1463 245 527

85 279 131 324 id
153 287 239 335 est,
270 299 290 323 «
313 281 360 325 in
380 281 705 326 immaturitate.
734 299 754 323 »
782 281 1073 325 Immaturitas
1089 283 1236 342 itaque
1267 282 1465 326 hocloco

84 359 351 395 nocturnum
390 360 562 412 tempus
590 361 674 408 est,
705 352 825 412 quod
849 367 938 395 non
960 360 1024 395 est
1047 361 1282 407 maturum,
1307 352 1353 396 id
1375 362 1463 408 est,

85 431 384 480 opportunum
422 432 472 467 ut
513 433 665 482 agatur
705 422 871 482 aliquid
909 421 1129 481 vigilando
1156 442 1166 466 t
1191 424 1311 482 quod
1340 424 1468 467 etiam

83 490 218 550 vulgo
240 492 326 536 dici
348 493 479 548 solet,
515 495 621 538 hora
654 495 960 552 inopportuna.
987 495 1082 537 Nox
1110 508 1287 553 quoque
1308 493 1468 536 intem-

84 571 203 620 pesta
219 597 230 616 ,
255 562 301 606 id
324 571 388 607 cst
408 563 550 607 media
566 599 576 618 ,
602 563 779 624 quando
802 562 1112 623 quiescendum
1131 573 1215 618 est,
1240 563 1342 606 hinc
1364 578 1468 622 pro-

84 632 157 675 cul
179 632 315 676 dubio
332 641 581 693 nuncupata
599 643 686 689 est,
709 634 809 693 quia
829 634 1122 693 inopportuna
1139 642 1203 677 est
1226 633 1469 677 actionibus

84 701 373 760 vigilantium.
387 704 711 763 Tempestivum
725 703 840 748 enim
858 703 1236 762 dixeruntgveteres
1257 711 1468 763 opportu-

83 787 217 829 num,
241 781 284 816 et
302 774 678 833 intempestivum,
696 775 1068 834 inopportunum:
1095 790 1117 818 a
1139 784 1333 833 tempore
1350 773 1468 817 dicto

83 841 321 898 vocabulo,
357 859 446 887 non
469 844 523 887 ab
546 843 618 888 illa
637 853 913 903 tempestate,
939 860 1037 905 quae
1065 844 1378 889 consuetudine
1395 843 1463 887 la-

85 913 188 956 tinae
205 913 367 972 linguae
384 914 485 958 coeli
504 916 872 975 perturbatiojam
893 924 1087 960 vocatur.
1106 919 1366 975 Quanquam
1385 916 1466 958 isto

83 982 216 1027 verbo
236 983 425 1027 libenter
447 993 632 1029 utuntur
652 986 858 1039 historici,
879 995 929 1030 ut
946 985 1094 1030 dicant
1115 1001 1162 1028 ea
1187 994 1439 1044 tempestate
1453 1019 1464 1039 ‚

78 1052 199 1113 quod
225 1053 382 1099 volunt
403 1070 454 1100 eo
490 1064 684 1116 tempore
716 1055 900 1114 intelligi
940 1075 948 1100 ε
982 1064 1026 1100 et
1055 1055 1176 1116 quod
1200 1057 1258 1100 ait
1293 1055 1466 1100 locutor

78 1137 301 1183 egregius,

260 1220 562 1231 .........
588 1198 676 1231 Unde
694 1197 762 1230 haec
780 1203 843 1230 tam
861 1197 950 1229 clara
971 1202 1106 1240 repente

255 1255 440 1296 Tempestas
457 1260 466 1277 ¹
485 1253 499 1286 ‘2

77 1332 167 1362 non
184 1316 346 1362 coelum
359 1319 517 1363 nimbis
534 1319 730 1363 ventisve
752 1318 977 1361 turbatum
989 1352 999 1372 ,
1016 1317 1091 1361 sed
1108 1318 1241 1374 magis
1259 1316 1402 1361 subita
1423 1326 1467 1362 et

76 1387 304 1447 splendida
337 1390 565 1433 serenitate
597 1387 818 1448 fulgidum
851 1387 1108 1445 significavit
1141 1389 1224 1432 hoc
1267 1388 1461 1432 nomine.

77 1458 205 1511 Quod
232 1474 332 1517 ergo
351 1475 489 1518 graece
513 1459 677 1504 dictum
696 1469 761 1503 est
780 1468 808 1499 ἐν
830 1466 952 1514 anapia,
977 1474 1067 1503 non
1095 1474 1184 1502 uno
1207 1459 1364 1513 verbo,
1389 1456 1466 1502 sed

77 1529 272 1584 duobus,
302 1529 349 1574 id
369 1540 431 1574 est
456 1565 466 1586 ,
493 1530 800 1590 praepositione
823 1540 866 1574 et
894 1531 1072 1574 nomine
1097 1549 1106 1574 z
1133 1531 1218 1574 hoc
1241 1530 1461 1589 interpre-

77 1607 140 1642 tes
162 1600 299 1644 nostri
331 1599 511 1660 quidam
533 1601 761 1658 dixerunt,
799 1619 819 1642 «
840 1603 1104 1658 Intempesta
1126 1609 1283 1656 nocte;
1309 1617 1330 1640 »
1360 1599 1463 1658 plu-

77 1685 158 1724 res,
183 1689 202 1712 «
219 1671 584 1727 immaturitate,»
610 1687 700 1715 non
727 1671 898 1715 duobus
912 1670 1077 1726 verbis,
1102 1670 1177 1715 sed
1198 1685 1313 1723 uno,
1339 1670 1463 1728 cujus

75 1742 279 1785 vocabuli
300 1742 591 1787 nominativus
614 1751 677 1786 cst
709 1742 996 1785 immaturitas
1024 1761 1033 1785 ;
1061 1740 1262 1784 nonnulli
1292 1755 1394 1783 vero
1416 1739 1463 1782 in

77 1808 251 1854 duobus
271 1809 415 1853 verbis
430 1844 441 1863 ‚
468 1809 582 1853 sicut
611 1823 775 1867 graecus
799 1813 969 1866 posuit,
999 1828 1018 1850 «
1050 1814 1101 1852 In
1122 1810 1459 1857 immaturitate:

77 1888 179 1935 ἀωρίᾳ
212 1881 376 1941 quippe
411 1879 699 1923 immaturitas
729 1887 794 1922 est
812 1912 823 1933 ,
861 1887 890 1919 ἐν
911 1886 1011 1931 ἀωρίᾳ
1032 1913 1043 1933 ‚
1075 1896 1093 1918 «
1140 1881 1190 1922 In
1216 1879 1460 1922 immaturi-

82 1971 101 1994 »
137 1960 251 1996 tate:
281 1972 298 1992 »
321 1960 531 2011 tanquam
556 1950 590 1994 si
613 1949 745 1993 vellet
767 1949 895 1992 etiam
917 1947 990 1992 ille
1019 1949 1095 2009 qui
1116 1949 1224 1993 dixit
1247 1957 1266 1990 ἃ
1301 1952 1462 1994 Intem-

81 2040 101 2064 »
136 2031 258 2081 pesta
279 2030 433 2076 nocte,
458 2040 474 2060 »
499 2020 803 2080 praepositione
825 2020 967 2063 dicere
1001 2019 1238 2078 geminata,
1270 2039 1290 2061 «
1317 2022 1367 2063 In
1389 2020 1461 2063 in-

80 2110 101 2133 »
137 2101 370 2152 tempesta,
392 2110 412 2133 >³
440 2101 490 2135 ut
520 2108 607 2135 una
639 2090 886 2150 praepositio
908 2090 1118 2148 significet
1145 2090 1189 2133 in
1216 2106 1303 2149 qua
1330 2091 1459 2145 hora,

78 2163 211 2208 altera
230 2165 442 2223 pertineat
465 2163 522 2207 ad
542 2162 898 2222 compositionem
918 2161 1121 2205 nominis.
1142 2161 1258 2206 Nihil
1280 2177 1381 2205 sane
1394 2163 1461 2205 in-

77 2243 208 2278 terest
234 2234 289 2278 ad
316 2235 571 2278 sententiam
589 2269 598 2287 ,
631 2243 779 2276 utrum
809 2232 905 2292 quis
927 2231 1046 2275 dicat
1074 2231 1203 2289 egisse
1231 2247 1274 2275 se
1297 2231 1462 2292 aliquid

79 2304 181 2364 galli
202 2314 350 2358 cantu,
375 2320 446 2358 an,
463 2305 508 2347 in
533 2303 632 2363 galli
652 2312 811 2347 cantu:
836 2303 896 2346 ita
923 2301 1032 2345 nihil
1047 2302 1286 2348 interesset.
1308 2311 1458 2346 utrum

83 2394 104 2417 «
138 2378 416 2434 Intempesta,
441 2395 458 2416 »
483 2390 538 2418 an
561 2390 664 2418 vero
689 2393 709 2415 «
736 2376 787 2416 In
806 2373 1065 2431 intempesta
1087 2382 1237 2427 nocte,
1266 2392 1285 2413 »
1304 2372 1349 2416 id
1374 2382 1454 2428 cst,

83 2464 104 2488 «
138 2449 190 2489 In
203 2455 331 2490 nocte
346 2446 604 2505 intempesta
619 2462 639 2486 »
656 2444 858 2490 clamasse
870 2443 1100 2488 sediceret.
1121 2445 1296 2489 Graecus
1313 2453 1459 2489 tamen

127 2549 135 2564 ¹
156 2542 262 2585 Virgil.
290 2545 360 2574 AEn.
382 2553 426 2584 ix,
445 2553 496 2584 19,
522 2552 563 2576 20
