1848 3261
374 214 458 254 316
818 226 852 256 s.
888 226 1118 257 Aucus'mu
1148 227 1330 256 Enscom

373 289 495 351 quod
515 290 761 336 hominibus
783 291 960 338 difficile
981 302 1058 338 est.
1087 292 1154 338 Sic
1177 292 1291 336 enim
1312 291 1441 337 multi
1461 291 1604 337 vocati
1626 302 1751 349 sunt,

371 361 429 405 sic
467 371 676 420 occupata
703 372 766 407 est
796 363 1024 408 haereditas
1054 362 1288 418 Gentium,
1319 363 1378 408 sic
1411 362 1576 408 factum
1611 372 1677 408 est
1704 371 1756 407 ut

371 433 499 476 etiam
517 433 718 493 plurimi,
739 435 815 495 qui
833 451 922 479 non
948 436 1205 479 dimiserunt
1221 435 1364 479 omnia
1387 451 1463 479 sua
1477 435 1521 478 in
1536 435 1618 479 hac
1634 436 1721 479 vita
1741 470 1752 491 ‚

370 513 419 547 ut
444 514 729 564 sequerentur
751 520 851 548 eum
868 540 879 561 ‚
906 506 1039 550 vitam
1057 506 1186 550 etiam
1206 506 1342 565 ipsam
1360 521 1439 565 pro
1456 506 1642 549 nominis
1664 507 1758 564 ejus

369 574 685 620 confessionem
714 584 1071 634 contemnerent3
1110 585 1152 620 et
1184 586 1395 637 tanquam
1424 574 1576 620 cameli
1611 576 1759 620 humi-

370 644 522 689 liantes
543 659 587 688 se
606 643 661 687 ad
680 645 893 703 portanda
910 661 1040 690 onera
1058 661 1375 706 pressurarum,
1396 647 1608 690 intrarent
1629 646 1759 689 etiam

370 716 480 759 sicut
500 731 577 774 per
598 714 794 759 foramen
817 732 917 761 acus
933 752 944 772 ‚
981 732 1058 777 per
1079 727 1422 777 compungentes
1445 717 1650 777 passionis
1678 732 1758 761 an-

371 786 545 845 gustias,
569 789 664 845 Ipse
686 786 790 831 fecit
811 788 903 832 haec
919 823 930 843 ‚
953 789 1024 832 cui
1044 789 1188 833 omnia
1212 788 1430 848 possibilia
1449 798 1565 832 sunt.

429 859 528 900 VII.
563 876 583 898 «
609 858 750 916 Opera
767 874 977 903 manuum
1000 860 1089 919 ejus
1116 859 1271 904 veritas
1297 869 1339 903 et
1356 858 1586 919 judicium.
1618 876 1639 899 υ
1675 860 1760 902 Te-

370 936 525 971 neatur
538 927 694 971 veritas
708 928 761 971 ab
774 929 823 972 iis
840 930 912 989 qui
920 929 1173 990 judicantur
1190 931 1275 974 hic.
1289 932 1313 974 J
1318 929 1550 973 udicantur
1565 929 1637 972 hic
1649 931 1762 972 Mar-

370 1006 509 1055 tyres,
540 1006 581 1040 et
605 998 659 1040 ad
683 999 899 1058 judicium
930 1000 1235 1060 perducuntur
1253 1036 1263 1054 ‚
1297 1016 1386 1060 quo
1405 1015 1495 1043 non
1519 998 1659 1043 solum
1690 1014 1762 1044 eos

372 1085 395 1112 a
421 1068 580 1128 quibus
610 1067 794 1128 judicati
834 1080 935 1114 sunt
955 1107 966 1126 ‚
993 1072 1067 1116 sed
1093 1073 1223 1116 etiam
1254 1071 1443 1130 Angelos
1465 1070 1730 1131 dijudicent1
1746 1105 1758 1126 ‚

371 1139 573 1182 adversus
592 1156 700 1199 quos
715 1140 774 1183 eis
792 1150 882 1184 erat
903 1140 1154 1185 colluctatio
1169 1177 1179 1196 ⁷
1198 1143 1326 1185 etiam
1353 1157 1453 1186 cum
1482 1142 1536 1184 ab
1566 1141 1759 1185 homini-

371 1211 453 1253 bus
464 1209 651 1269 judicari
665 1211 932 1256 viderentur.
953 1215 1049 1257 Non
1077 1221 1244 1271 separet
1262 1229 1284 1256 a
1309 1212 1482 1257 Christo
1506 1211 1730 1256 tribulatio
1745 1247 1756 1267 ‚

371 1280 565 1337 angustia
581 1279 750 1333 ‚sames
765 1317 775 1336 ‚
798 1281 987 1337 nuditas,
1008 1282 1176 1341 gladius
1191 1285 1223 1326 ².
1243 1302 1264 1324 α
1283 1282 1447 1326 Fidelia
1475 1282 1588 1325 enim
1616 1282 1762 1326 omnia

375 1369 395 1391 >›
429 1350 633 1395 mandata
654 1352 797 1411 ejus.»
814 1355 912 1397 Non
940 1351 1073 1407 fallit,
1093 1352 1267 1396 exhibet
1290 1351 1410 1411 quod
1433 1352 1645 1411 promisit.
1662 1354 1762 1397 Non

372 1429 519 1464 tamen
541 1422 661 1482 quod
685 1422 880 1481 promisit
902 1432 965 1466 est
985 1423 1055 1466 hic
1078 1421 1396 1482 expectandum
1416 1457 1427 1477 ‚
1453 1438 1542 1466 non
1564 1422 1634 1466 hic
1662 1437 1762 1481 spe-

371 1491 558 1535 randum
579 1511 587 1535 :
613 1491 708 1547 sed,
734 1511 754 1534 a
768 1494 1033 1537 Confirmata
1056 1501 1157 1536 sunt
1178 1493 1223 1536 in
1246 1492 1452 1536 saeculum
1470 1491 1633 1546 saeculi,
1650 1490 1763 1536 facta

376 1580 397 1603 »
432 1562 477 1606 in
499 1563 678 1605 veritate
701 1572 742 1606 et
758 1563 924 1622 justitia
941 1565 972 1607 ³.
1002 1582 1022 1604 »
1049 1566 1142 1608 Hoc
1165 1573 1228 1607 est
1256 1579 1406 1607 verum
1430 1572 1472 1607 et
1493 1564 1661 1623 justum
1677 1597 1688 1618 ,
1713 1571 1763 1606 ut

374 1633 446 1676 hic
467 1632 716 1687 laboretur,
742 1632 829 1677 illic
860 1634 1168 1693 requiescatur.
1192 1634 1327 1688 Quia,
1352 1653 1373 1675 «
1399 1632 1762 1692 'Redemptionem

377 1721 398 1744 >›
434 1703 549 1746 misit
583 1703 748 1762 populo
768 1705 893 1747 suo⁴.
921 1722 941 1744 »
969 1703 1094 1748 Unde
1123 1713 1268 1748 autem
1303 1703 1604 1752 redimuntur,
1637 1703 1718 1746 nisi
1741 1719 1764 1747 a

376 1775 624 1834 captivitate
645 1775 1003 1834 peregrinationis
1031 1776 1196 1835 hujus?
1230 1778 1328 1821 Non
1362 1791 1464 1834 ergo
1493 1775 1662 1837 requies
1683 1774 1764 1817 nisi

376 1846 420 1889 in
443 1845 609 1889 coelesti
626 1845 764 1904 patria
787 1846 1048 1906 requiratur.

434 1919 555 1960 VIII.
578 1917 705 1961 Dedit
728 1916 906 1977 quidem
929 1923 1038 1962 Deus
1057 1917 1258 1962 Isra'e'litis
1280 1916 1525 1962 carnalibus
1548 1927 1764 1961 terrenam

376 1987 614 2031 Jerusalem
633 2023 644 2043 ,
674 2006 691 2028 «
719 1991 826 2040 Quae
849 1989 978 2033 servit
999 2004 1099 2032 cum
1122 1988 1220 2032 filiis
1240 1989 1326 2032 suis
1341 1991 1355 2015 ⁵
1384 2007 1393 2034 ε
1422 2006 1443 2029 »
1469 1987 1544 2031 sed
1573 1989 1657 2032 hoc
1680 1990 1766 2031 Ve-

375 2067 444 2102 tus
463 2061 786 2102 Testamentum
810 2068 888 2113 est,
905 2058 959 2102 ad
977 2068 1166 2103 veterem
1182 2059 1403 2102 hominem
1420 2058 1658 2116 pertinens.
1681 2057 1766 2110 Qui

377 2138 520 2172 autem
541 2128 601 2171 ibi
624 2129 804 2186 figuram
827 2129 1150 2183 intellexerunt,
1167 2127 1360 2172 haercdes
1383 2127 1511 2170 etiam
1534 2136 1640 2171 tunc
1655 2127 1767 2172 Novi

378 2200 641 2243 Testamenti
674 2200 938 2244 extiterunt:
970 2199 1227 2253 «Quoniam
1263 2214 1362 2257 quae
1393 2213 1563 2241 sursum
1592 2206 1656 2241 est
1690 2200 1766 2242 Je-

378 2288 398 2311 »
434 2269 620 2314 rusalem
651 2270 787 2314 libera
825 2280 911 2325 est,
938 2276 1046 2330 'quse
1072 2278 1135 2313 est
1167 2278 1305 2312 mater
1338 2277 1483 2312 nostra
1524 2276 1684 2311 {eterna
1720 2268 1768 2311 in

375 2359 396 2382 »
432 2340 550 2385 coelis
567 2344 599 2385 ⁶.
630 2360 650 2383 »
677 2344 832 2385 Vetere
855 2351 1001 2385 autem
1025 2341 1115 2395 illo,
1140 2340 1277 2399 reipsa
1299 2338 1533 2398 probatum
1557 2347 1620 2381 est
1642 2347 1764 2381 tran-

374 2411 518 2455 sitoria
540 2412 780 2471 promisisse
801 2431 810 2456 :
836 2431 856 2454 α
880 2411 1106 2456 Mandavit
1128 2411 1290 2470 quippe
1312 2411 1357 2452 in
1380 2418 1594 2452 aeternum
1616 2411 1764 2451 Testa-

421 2513 430 2528 ¹
456 2518 467 2537 1
489 2509 561 2539 Cor.
582 2518 627 2547 Vl,
648 2506 677 2538 3.
694 2521 733 2528 -
755 2513 768 2528 ²
787 2509 878 2539 Rom.
898 2518 964 2548 vni,
989 2506 1086 2540 35.—-
1112 2503 1125 2530 3
1148 2504 1226 2538 Psal.
1246 2515 1296 2546 cx,
1316 2501 1425 2536 8.-4
1449 2502 1530 2535 Ibid.
1553 2513 1585 2544 9.
1611 2500 1761 2536 -5GaL

380 2572 424 2603 iv,
444 2561 497 2595 25.
514 2578 556 2584 -
580 2559 596 2584 6
619 2561 701 2594 Ibid.
724 2561 777 2593 26.
