1848 3261
317 167 400 206 246
736 178 769 223 s.
806 181 1034 207 AUGUST1N1
1068 181 1247 206 EPISCOPI

318 257 431 301 saepe
466 257 544 301 pro
578 242 749 301 populis
776 244 900 303 poni,
933 244 1049 288 testis
1077 253 1141 287 est
1172 243 1452 304 Apocalypsis
1482 243 1688 298 Joannis,

320 313 397 357 ubi
419 314 686 371 interrogans
708 316 895 358 Joannes
917 314 1023 375 quid
1052 314 1137 357 illae
1165 330 1289 373 aquae
1315 324 1476 370 essent,
1510 329 1692 373 respon-

317 398 414 427 sum
435 392 496 427 est
517 383 555 427 ei
580 403 625 427 2«
651 383 806 443 Populi
837 387 981 429 sunt1.
1009 403 1027 425 »
1054 384 1138 437 Qui
1161 399 1262 442 ergo
1282 383 1448 428 faciunt
1475 383 1692 443 operatio-

316 469 418 497 nem
447 454 491 497 in
523 453 645 513 aquis
675 453 844 508 multis,
874 473 894 496 υ.
919 454 1006 514 Ipsi
1032 453 1238 498 viderunt
1264 469 1395 513 opera
1421 454 1626 509 Domini,
1651 461 1696 498 et

317 543 337 565 »
372 523 582 567 mirabilia
607 525 697 583 ejus
728 524 773 566 in
799 522 1060 582 profundo2.
1103 545 1120 565 »
1149 524 1262 577 Quid
1289 525 1403 568 enim
1434 523 1695 584 profundius

312 593 514 638 cordibus
535 593 762 636 humanis?
781 592 889 636 Inde
900 593 1157 654 plerumque
1169 595 1288 639 venti
1305 603 1543 655 erumpunt
1562 629 1573 649 ,
1589 603 1697 638 tem-

311 673 496 724 pestates
520 662 783 708 seditionum
815 672 859 707 et
887 663 1202 708 dissensionum
1236 680 1392 709 navem
1416 664 1691 724 perturbant.

313 737 369 779 Et
386 733 489 794 quid
516 733 657 792 agitur
675 733 721 776 in
742 733 840 777 his?
865 733 1025 778 Volens
1045 737 1159 778 Deus
1181 744 1231 778 ut
1253 734 1308 779 ad
1337 750 1438 779 eum
1459 735 1698 780 clamarent

314 806 415 850 ethi
428 805 504 864 qui
522 805 790 863 gubernant,
807 814 850 849 et
865 805 912 848 hi
934 805 1010 864 qui
1031 814 1260 864 portantur
1276 841 1288 860 ,
1311 825 1332 848 «
1357 806 1492 862 Dixit,
1518 814 1561 849 et
1581 804 1698 849 stetit

316 895 336 917 »
371 876 544 935 spiritus
579 874 797 935 procellae.
833 893 853 916 »
881 874 995 928 Quid
1027 885 1112 931 est,
1148 895 1169 918 «
1194 877 1345 921 Stetit?
1375 896 1391 917 »
1432 875 1694 929 Permansit,

312 945 564 1006 perduravit
581 965 589 989 z
610 945 753 989 adhuc
770 945 939 999 turbat,
957 945 1032 989 diu
1045 947 1195 1006 jactat,
1210 946 1345 1000 saevit,
1363 955 1405 990 et
1418 962 1507 990 non
1525 944 1693 990 transit.

318 1036 338 1059 »
373 1017 492 1062 Dixit
512 1017 626 1060 enim
641 1052 651 1071 ,
669 1025 711 1060 et
726 1017 843 1060 stetit
859 1016 1033 1075 spiritus
1051 1016 1267 1075 procellae.
1290 1035 1308 1058 »
1328 1019 1385 1060 Et
1398 1016 1504 1077 quid
1519 1016 1606 1075 egit
1620 1016 1699 1060 iste

315 1089 488 1148 spiritus
508 1087 737 1148 procellae?
765 1107 785 1129 «
810 1090 867 1131 Et
894 1086 1068 1131 exaltati
1089 1098 1190 1132 sunt
1212 1089 1371 1132 fluctus
1403 1089 1508 1147 ejus.
1534 1091 1699 1132 Ascen-

317 1177 339 1200 »
375 1159 488 1202 dunt
506 1173 645 1217 usque
661 1157 715 1201 ad
731 1157 863 1202 coelos
878 1193 889 1211 ,
916 1176 936 1197 »
957 1156 1160 1201 audendo
1187 1178 1195 1201 ε
1221 1178 1240 1199 «
1261 1157 1541 1202 Descendunt
1561 1173 1700 1217 usque

315 1247 336 1270 »
373 1229 419 1271 in
440 1228 616 1285 abyssos
634 1263 644 1281 ,
679 1246 698 1268 »
722 1227 934 1271 timendo.
960 1247 979 1269 «
1006 1227 1261 1271 Ascendunt
1293 1244 1432 1288 usque
1458 1228 1504 1271 in
1536 1225 1669 1271 coelos
1685 1262 1696 1281 ,

317 1318 337 1340 »
374 1297 645 1342 descendunt
678 1313 814 1357 usque
858 1297 904 1340 in
936 1297 1141 1352 abyssos:
1182 1318 1198 1338 »
1230 1296 1331 1341 foris
1363 1313 1552 1357 pugnae,
1583 1297 1701 1341 intus

315 1370 504 1414 timores.
526 1388 545 1410 «
566 1368 720 1412 Anima
736 1383 886 1411 eorum
900 1367 946 1410 in
959 1366 1083 1411 malis
1103 1367 1366 1411 tabescebat.
1387 1367 1567 1411 Turbati
1580 1376 1698 1422 sunt,

319 1461 338 1482 »
366 1450 409 1484 et
421 1441 526 1484 moti
540 1449 642 1483 sunt
655 1439 767 1482 sicut
785 1438 965 1482 ebriusss.
977 1456 995 1478 η
1009 1437 1089 1491 Qui
1103 1436 1253 1481 sedent
1266 1437 1319 1481 ad
1332 1436 1643 1496 gubernacula,
1659 1446 1702 1481 et

317 1512 393 1573 qui
412 1510 598 1554 fideliter
619 1525 775 1553 navem
798 1517 966 1562 amant,
993 1509 1185 1552 sentiunt
1197 1507 1318 1568 quod
1330 1508 1428 1552 dico
1448 1528 1457 1552 ;
1483 1508 1703 1552 «Turbati

317 1602 338 1625 n
374 1591 476 1626 sunt
498 1590 540 1624 et
562 1580 669 1624 moti
682 1579 908 1623 suntsicut
932 1578 1090 1622 ebrius.
1105 1598 1125 1620 ³>
1142 1576 1270 1623 Certe
1283 1577 1702 1638 quandoloquntur,

316 1651 494 1714 quando
515 1650 694 1709 legunt,
720 1650 895 1710 quando
914 1658 1123 1699 tractant,
1150 1650 1360 1709 sapientes
1376 1658 1586 1708 apparent
1611 1664 1704 1693 :vae

317 1740 340 1768 a
353 1730 624 1781 tempestate.
644 1740 664 1762 α
680 1723 736 1764 Et
750 1720 889 1763 omnis
901 1755 910 1773 ,
925 1720 1091 1779 inquit,
1111 1719 1317 1779 sapientia
1336 1734 1484 1763 eorum
1503 1719 1703 1778 absorpta

320 1812 340 1835 »
376 1801 453 1836 est.
493 1810 514 1832 )›
544 1789 793 1850 Aliquando
828 1789 1039 1833 deficiunt
1075 1790 1219 1833 omnia
1251 1790 1443 1832 humana
1473 1788 1651 1833 consilia
1690 1808 1700 1833 :

318 1877 597 1923 quacumque
619 1876 662 1904 se
684 1860 867 1920 quisque
877 1859 1137 1903 converterit
1151 1895 1161 1914 ,
1182 1859 1341 1902 fluctus
1356 1858 1571 1914 fremunt,
1595 1868 1705 1902 tem-

319 1942 459 1993 pestas
493 1931 634 1985 saevit,
661 1930 838 1974 brachia
867 1929 1077 1973 deficiunt
1103 1949 1112 1975 :
1137 1945 1225 1989 quo
1258 1945 1386 1988 prora
1409 1929 1700 1988 impingatur,

323 2004 393 2048 cui
416 2002 569 2046 fluctui
592 2000 704 2045 latus
727 2000 938 2055 nudetur,
970 2016 1057 2059 quo
1078 2000 1196 2043 navis
1218 1998 1404 2058 impulsa
1432 1998 1700 2055 dimittatur,

322 2091 346 2119 a
365 2074 524 2134 quibus
553 2072 658 2116 saxis
682 2087 736 2115 ne
763 2080 910 2130 pereat
934 2070 1197 2125 refrenetur,
1221 2070 1399 2114 omnino
1419 2085 1442 2113 a
1465 2070 1704 2114 rectoribus

322 2160 412 2189 non
435 2144 620 2186 videtur.
643 2145 701 2186 Et
717 2141 824 2201 quid
845 2149 999 2195 restat,
1026 2140 1106 2184 nisi
1129 2139 1249 2200 quod
1271 2141 1495 2200 sequitur?
1510 2159 1529 2181 «
1556 2142 1612 2184 Et
1629 2155 1704 2183 ex-

327 2238 344 2256 »
380 2214 678 2258 clamaverunt
710 2212 764 2256 ad
788 2213 1021 2255 Dominum
1063 2226 1164 2255 cum
1194 2209 1533 2265 tribularentur,
1570 2220 1613 2254 et
1649 2209 1705 2254 dc

325 2305 344 2327 »
379 2284 702 2330 necessitatibus
725 2299 876 2327 eorum
899 2282 1046 2326 eduxit
1059 2298 1144 2327 eos.
1161 2285 1217 2326 Et
1234 2282 1462 2341 imperavit
1482 2280 1701 2341 procellae,

326 2376 345 2398 »
382 2366 424 2400 et
446 2355 563 2400 stetit
590 2356 634 2399 in
668 2356 860 2399 auram4.
890 2373 908 2394 n
934 2357 1032 2399 Non
1054 2354 1172 2398 stetit
1207 2353 1253 2396 in
1276 2362 1574 2412 tempestatem
1591 2388 1602 2407 ,
1629 2351 1705 2396 sed

328 2447 347 2469 «
383 2431 434 2471 In
457 2441 621 2470 auram.
648 2428 703 2469 Et
721 2424 933 2469 siluerunt
950 2425 1106 2468 fluctus
1129 2425 1232 2484 ejus.
1258 2443 1277 2464 »
1304 2422 1463 2468 Audite
1487 2422 1540 2467 de
1560 2423 1641 2467 hac
1659 2437 1704 2466 re

376 2519 382 2534 ¹
407 2512 510 2553 Apoc.
528 2522 608 2551 ΠΗ,
631 2511 681 2542 15.
702 2527 742 2532 -—-
761 2509 864 2541 ’Psal
886 2520 952 2550 ew,
971 2509 1024 2550 234.
1047 2527 1086 2531 —
1114 2507 1226 2541 31bid.
1247 2508 1362 2550 25·27.
1387 2506 1453 2536 ——4
1477 2508 1560 2541 Ibid.
1580 2507 1701 2549 28,29.
