1848 3261
223 221 466 267 ENA'RRATIO
496 241 542 267 m
573 238 776 268 PSALMUM
806 241 968 278 cxvm,
1004 238 1143 269 sumno
1173 242 1270 270 xxv.
1356 231 1440 271 507

58 303 242 358 habent,
273 322 293 345 «
315 318 505 362 semper,
535 323 554 346 »
589 304 766 365 quidam
786 320 876 349 non
898 304 1076 349 habent.
1105 306 1190 350 Sed
1212 308 1243 351 si
1268 316 1332 352 est
1348 343 1357 358 ,
1383 307 1443 353 sic

58 373 360 433 accipiendum
389 384 473 429 est,
504 393 520 414 «
548 390 736 434 semper,
767 394 785 415 »
819 383 869 418 ut
896 374 955 418 sic
978 374 1267 433 intelligatur,
1303 393 1445 437 quan-

57 443 134 488 diu
168 445 236 488 hic
259 445 449 489 vivitur.·
469 445 548 489 Hic
585 454 685 488 sunt
723 445 837 488 enim
867 445 1112 488 testimonia
1134 447 1370 491 necessaria
1389 447 1443 491 de

57 517 170 571 Lege
203 524 245 558 et
264 515 514 574 Prophetis,
542 515 787 559 attestantia
802 515 981 574 justitiae
1003 515 1106 570 Dei,
1133 531 1218 575 qua
1233 517 1444 575 justifica—

55 599 156 628 mur
179 585 308 643 gratis
336 604 345 630 t
377 586 447 629 hic
467 594 569 628 sunt
590 594 633 629 et
651 593 794 629 nostra
818 586 1062 629 testimonia
1079 587 1314 630 necessaria
1329 622 1340 641 ,
1364 603 1444 646 pro

55 654 213 714 quibus
235 656 388 714 ipsam,
413 671 512 716 quae
536 656 607 699 hic
629 656 785 713 agitur,
810 656 946 700 vitam
969 659 1183 714 Martyres
1205 657 1427 702 finierunt.

112 728 189 769 VI.
225 720 409 785 Cognita
431 728 578 787 itaque
599 728 673 770 Dei
698 728 854 786 gratia,
884 743 983 787 quae
999 728 1088 771 sola
1109 728 1265 773 liberat
1287 745 1310 773 a
1333 745 1443 789 prae-

53 796 347 851 varicatione,
386 814 484 857 quae
524 798 629 856 legis
663 799 912 857 cognitione
942 799 1253 855 committitur,
1279 800 1444 845 orando

53 865 185 911 dicit:
213 885 234 908 «
261 869 441 925 Confige
474 868 605 913 clavis
628 886 649 913 a
680 870 834 913 timore
857 878 934 913 tuo
957 884 1106 913 carnes
1130 885 1246 914 meas
1268 872 1298 915 ¹.
1327 888 1348 912 π
1377 871 1444 915 Sic

53 937 168 981 enim
194 939 432 997 expressius
461 939 732 999 interpretati
777 949 878 984 sunt
916 939 1096 1000 quidam
1121 943 1283 997 nostri,
1324 942 1444 1002 quod

53 1023 191 1066 graece
220 1023 310 1053 uno
344 1010 479 1053 verbo
506 1010 591 1054 dici
621 1011 785 1069 potuit,
812 1010 856 1054 id
889 1020 974 1066 est,
994 1018 1185 1053 mavimam.
1222 1015 1316 1057 Hoc
1352 1012 1441 1068 alii,

55 1096 76 1120 «
100 1079 284 1137 Confige
310 1098 330 1120 »
357 1079 504 1124 dicere
532 1081 788 1136 voluerunt,
814 1097 894 1125 nec
912 1081 1176 1126 addiderunt
1200 1101 1218 1123 «
1239 1082 1393 1139 clavis,
1420 1101 1441 1124 n

52 1158 185 1208 atque
221 1150 280 1193 ita
316 1151 424 1194 dum
446 1151 602 1195 volunt
634 1168 723 1195 uno
761 1152 896 1196 verbo
918 1167 1059 1210 graeco
1093 1168 1231 1197 unum
1259 1152 1444 1196 latinum

50 1219 378 1278 interpretando
396 1220 578 1265 reddere
595 1256 605 1276 ,
638 1222 895 1265 sententiam
919 1223 1063 1266 minus
1084 1223 1412 1282 explicaverunt
1432 1239 1441 1267 ε

50 1289 260 1349 quoniam
297 1289 342 1332 in
375 1305 427 1335 eo
448 1290 570 1350 quod
602 1300 666 1335 est
697 1310 716 1333 «
743 1292 950 1350 Confige,
977 1312 993 1333 »
1019 1308 1109 1336 non
1128 1301 1283 1336 sonant
1306 1291 1442 1350 clavi3

49 1366 225 1401 moneam
252 1370 398 1404 autem
436 1362 527 1405 sine
562 1362 693 1405 clavis
730 1361 914 1420 intelligi
947 1378 1036 1406 non
1067 1372 1234 1422 potest,
1255 1379 1335 1407 nec
1363 1363 1445 1407 nisi

49 1428 224 1473 duobus
273 1429 414 1474 verbis
462 1431 598 1475 latine
644 1431 731 1475 dici
772 1441 931 1490 potest,
987 1433 1100 1477 sicut
1141 1433 1309 1477 dictum
1351 1441 1414 1477 est
1430 1468 1441 1488 ,

49 1508 140 1554 est,
169 1518 189 1540 «
214 1501 397 1558 Confige
419 1500 566 1545 clavis.
596 1520 616 1543 »
644 1501 729 1545 Ubi
747 1502 856 1562 quid
878 1501 973 1546 vult
994 1503 1196 1562 intelligi,
1221 1504 1301 1547 nisi
1323 1503 1445 1562 quod

49 1570 109 1614 ait
141 1570 374 1630 Apostolus
392 1607 402 1627 ,
441 1591 461 1613 «
490 1572 599 1618 Mihi
623 1582 769 1616 autem
793 1573 905 1616 absit
927 1573 1120 1631 gloriari,
1146 1574 1229 1618 nisi
1251 1575 1295 1617 in
1317 1589 1446 1618 cruce

52 1658 73 1681 »
109 1642 284 1685 Domini
317 1642 454 1685 nostri
486 1645 591 1686 Jesu
627 1642 816 1697 Christi,
847 1659 925 1702 per
961 1659 1093 1704 quem
1122 1645 1230 1688 mihi
1253 1644 1445 1688 mundus

51 1730 73 1753 »
108 1712 340 1756 crucifixus
360 1721 424 1756 est
438 1747 449 1767 ,
475 1721 518 1756 et
535 1728 617 1771 ego
637 1713 850 1757 mund02?
872 1732 892 1754 »
913 1717 969 1757 Et
991 1715 1150 1757 iterum
1168 1733 1178 1758 :
1198 1733 1219 1755 «
1244 1715 1416 1759 Christo
1431 1750 1442 1770 ,

51 1799 73 1823 »
106 1781 276 1841 inquit,
303 1782 498 1825 confixus
515 1798 614 1825 sum
637 1783 784 1833 cruci3
809 1783 910 1827 vivo
932 1792 1079 1828 autem
1097 1785 1190 1844 jam
1222 1800 1312 1828 non
1334 1801 1416 1843 ego
1431 1820 1441 1840 ,

53 1869 73 1893 »
107 1851 215 1896 vivit
236 1867 339 1896 vero
360 1851 407 1894 in
429 1866 498 1894 me
521 1852 719 1896 Christus
734 1853 765 1895 ³.
783 1869 803 1892 »
830 1852 956 1905 Quod
977 1853 1086 1913 quid
1104 1863 1168 1898 est
1197 1853 1343 1911 aliud,
1363 1855 1445 1899 nisi

49 1939 140 1967 non
161 1931 225 1966 est
245 1922 291 1965 in
314 1937 383 1966 me
399 1923 565 1981 justitia
593 1937 689 1967 mea
703 1956 714 1977 ,
737 1938 836 1983 quae
861 1939 910 1966 cx
929 1923 1025 1983 lege
1048 1934 1113 1968 est
1128 1960 1139 1980 ,
1159 1925 1206 1968 in
1226 1941 1313 1985 qua
1336 1942 1447 1985 prae-

49 1994 262 2039 varicator
285 1994 466 2038 effectus
487 2009 606 2051 sum,
627 1995 726 2049 sed,
739 1994 906 2054 justitia
929 1996 1033 2050 Dei,
1052 1995 1098 2039 id
1111 2005 1175 2040 est
1190 2031 1201 2051 ,
1222 2013 1322 2057 quae
1338 1997 1445 2041 mihi

50 2079 101 2108 ex
127 2068 217 2109 Deo
233 2073 297 2108 est
311 2065 343 2119 4,
364 2079 454 2108 non
476 2079 526 2107 ex
542 2066 638 2108 me?
659 2064 726 2109 Sic
748 2065 914 2125 quippe
928 2065 973 2109 in
992 2081 1061 2109 me
1077 2066 1184 2110 vivit
1198 2102 1209 2121 ,
1227 2082 1317 2111 non
1335 2082 1415 2126 ego
1431 2102 1443 2123 ,

50 2134 126 2180 sed
147 2135 345 2179 Christus
372 2154 382 2179 z
430 2154 450 2177 «
477 2134 562 2188 Qui
585 2133 723 2179 factus
746 2144 811 2180 est
832 2135 957 2179 nobis
979 2137 1189 2195 sapientia
1211 2153 1235 2181 a
1257 2140 1346 2181 Deo
1364 2172 1374 2192 ,
1403 2147 1447 2182 et

52 2224 74 2247 n
103 2206 272 2265 justitia
288 2240 298 2260 ‚
322 2215 366 2250 et
386 2205 668 2250 sanctificatio
685 2242 695 2261 ,
717 2215 759 2249 et
785 2207 1029 2266 redemptio
1056 2227 1064 2252 :
1092 2218 1142 2252 ut
1164 2207 1447 2268 quemadmo-

52 2294 74 2318 »
109 2276 217 2320 dum
232 2276 440 2336 scriptum
455 2286 539 2321 est:
558 2277 639 2330 Qui
659 2275 883 2335 gloriatur,
903 2277 949 2321 in
966 2278 1152 2322 Domino
1171 2278 1442 2337 glorietur5.»

51 2350 162 2392 Item
185 2346 316 2402 dicit,
343 2367 363 2389 «
383 2347 467 2400 Qui
485 2358 630 2392 autem
652 2358 754 2392 sunt
771 2351 874 2392 Jesu
898 2349 1079 2403 Christi,
1106 2366 1280 2394 carnem
1302 2351 1463 2394 cruci:

56 2437 74 2459 »
108 2417 299 2462 fixerunt
315 2433 414 2461 cum
429 2418 701 2478 passionibus
715 2428 758 2462 et
771 2419 1134 2479 concupiscentiis
1146 2421 1178 2464 ⁶.
1204 2439 1224 2461 »
1245 2422 1356 2465 Cum
1372 2420 1443 2465 hic

100 2532 109 2548 ¹
124 2518 328 2567 Psalscxvni,
346 2536 467 2558 120.-
493 2533 505 2549 ²
525 2526 593 2558 Gal.
614 2538 659 2569 vi,
680 2526 730 2570 14.
753 2544 795 2550 —
819 2525 895 2560 ³1d.
911 2538 947 2569 11,
976 2538 1028 2570 19,
1047 2536 1100 2561 20.
1123 2545 1163 2551 —
1179 2526 1196 2556 4
1213 2527 1329 2570 Philip.
1346 2538 1392 2567 ιιι,
1407 2539 1440 2571 9·

53 2596 95 2604 --
116 2570 154 2614 ⁵1
178 2583 250 2613 Cor.
270 2593 292 2621 1,
314 2582 366 2622 30,
390 2581 442 2614 31.
466 2598 507 2605 —-
525 2580 541 2604 ⁶
559 2582 630 2614 Gal.
655 2593 687 2623 v,
707 2582 760 2623 24.
