1848 3261
382 205 465 245 384
812 218 845 244 s.
882 214 1110 244 Aucnsnm
1146 215 1326 244 Episcon

382 300 403 324 »
440 281 716 326 bulaverunt.
738 298 758 322 »
779 283 844 326 Ex
865 298 953 342 quo
989 281 1126 327 videri
1147 290 1317 341 potest,
1355 282 1432 342 qui
1460 282 1688 327 ambulant
1716 284 1764 328 in

379 352 449 397 via
471 353 668 408 Domini,
693 351 738 396 id
754 362 817 397 est
834 387 844 407 ,
868 352 912 396 in
929 352 1024 412 lege
1042 352 1236 406 Domini,
1266 353 1499 399 scrutando
1516 354 1765 398 testimonia

379 424 488 484 ejus,
511 432 554 467 et
574 423 619 467 in
638 432 730 468 toto
753 422 882 467 corde
905 423 1170 484 exquirendo
1187 438 1288 467 eum
1308 458 1319 479 ,
1339 424 1429 484 jam
1444 440 1532 469 esse
1545 440 1669 484 posse
1678 425 1765 468 im-

379 493 616 539 maculatos
627 529 637 549 ,
654 495 738 538 hoc
755 502 835 548 est,
860 493 951 537 sine
965 504 1158 553 peccato,
1179 503 1356 554 propter
1370 495 1502 539 verba
1523 495 1762 556 sequentia,

384 583 402 605 «
438 568 536 610 Non
558 565 674 608 enim
701 564 775 623 qui
793 572 1029 622 operantur
1045 564 1321 624 iniquitatem
1338 599 1348 619 ,
1369 564 1416 608 in
1442 564 1519 610 viis
1553 566 1643 625 ejus
1671 580 1766 609 am-

382 655 404 679 »
439 635 717 680 bulaverunt.
744 634 825 688 Qui
851 644 997 678 autem
1025 645 1252 694 peccatum
1283 635 1404 690 facit,
1432 645 1474 680 et
1491 636 1766 696 iniquitatem

382 725 403 749 )›
438 705 541 755 facit
564 741 574 761 ,
604 723 625 747 »
654 705 713 750 ait
739 705 892 750 heatus
915 707 1104 749 Joannes
1134 725 1143 750 ε
1171 716 1215 749 θῖ
1247 705 1446 762 addidit,
1479 724 1499 748 «
1535 710 1767 751 Peccatum

381 797 402 819 »
437 778 642 838 iniquitas
660 786 723 822 est
738 778 768 822 ¹.
792 795 812 818 »
837 777 920 822 Sed
930 777 1020 837 jam
1038 792 1178 821 sermo
1199 777 1277 821 iste
1290 776 1560 823 claudendus
1577 787 1641 823 est
1660 797 1669 824 ε
1687 793 1768 824 nec

379 848 426 892 in
449 856 683 907 angustum
706 856 825 892 tanta
843 847 1026 908 quaestio
1040 846 1316 893 coarctanda.

913 1113 1131 1154 SERMO
1168 1114 1230 1153 ΙΙ.

438 1261 473 1302 Ι.
498 1260 713 1303 semum
727 1265 806 1311 est,
824 1264 865 1300 et
878 1255 1060 1315 legitur,
1079 1264 1121 1299 et
1144 1271 1295 1300 verum
1311 1265 1396 1312 est,
1415 1257 1461 1300 in
1474 1257 1557 1302 hoc
1571 1258 1766 1304 Psalmo:

384 1349 403 1372 «
425 1332 522 1375 Non
537 1329 653 1373 enim
666 1328 741 1388 qui
755 1336 991 1386 operantur
1005 1326 1295 1386 iniquitatem,
1315 1328 1360 1371 in
1377 1329 1454 1372 viis
1473 1330 1563 1388 ejus
1578 1329 1772 1375 ambula-

383 1418 403 1441 »
430 1403 631 1445 verunt'2.
643 1418 661 1440 »
678 1398 762 1443 Sed
779 1396 1095 1441 elaborandum
1111 1406 1189 1452 est,
1206 1397 1447 1457 opitulante
1464 1402 1570 1455 Deo,
1583 1400 1629 1444 in
1646 1403 1714 1461 cuj
1723 1416 1772 1445 us

379 1488 513 1516 manu
529 1481 630 1515 sunt
652 1479 696 1514 et
709 1485 786 1514 nos
801 1479 843 1513 et
861 1484 1078 1513 sermones
1093 1469 1269 1524 nostriss,
1286 1485 1341 1513 ne
1358 1479 1473 1515 recte
1486 1470 1669 1527 dictum,
1681 1488 1772 1517 non

380 1551 495 1586 recte
511 1540 799 1595 intellectum,
816 1538 1022 1583 lectorem
1038 1539 1334 1584 auditoremve
1350 1541 1591 1599 perturbet.
1608 1544 1780 1587 Caveri?

379 1613 486 1660 dum
501 1622 565 1657 est
577 1613 708 1667 enim,
733 1626 788 1655 ne
811 1625 960 1655 omnes
983 1610 1135 1665 sancti,
1161 1627 1349 1670 quorum
1366 1611 1440 1656 illa
1461 1628 1546 1657 vox
1563 1623 1626 1657 est
1642 1649 1653 1669 ,
1682 1633 1702 1656 «
1729 1614 1771 1660 Si

382 1703 402 1726 »
439 1683 673 1727 dixerimus
699 1682 801 1742 quia
825 1690 1052 1740 peccatum
1083 1696 1172 1725 non
1194 1681 1407 1726 habemus
1425 1718 1436 1738 ,
1469 1684 1678 1744 nosipsos
1701 1700 1769 1729 se-

381 1773 402 1797 »
439 1754 640 1799 ducimus
661 1788 671 1808 ,
697 1762 740 1796 et
760 1752 916 1796 veritas
939 1754 984 1794 in
1007 1751 1131 1796 nobis
1154 1767 1244 1796 non
1262 1755 1353 1796 θεῖ4
1375 1773 1386 1810 3
1411 1763 1486 1797 aut
1505 1770 1594 1798 non
1616 1765 1772 1814 puten-

379 1835 452 1870 tur
475 1824 698 1870 ambulare
720 1824 765 1868 in
786 1824 864 1867 viis
887 1823 1076 1877 Domini,
1097 1823 1304 1882 quoniam
1322 1834 1548 1883 peccatum
1566 1826 1771 1887 iniquitas

381 1907 466 1952 est,
491 1905 535 1940 et
556 1896 631 1956 qui
654 1903 891 1954 operantur
912 1892 1210 1952 iniquitatem,
1237 1909 1325 1938 non
1347 1894 1499 1954 utique
1521 1895 1567 1939 in
1587 1897 1666 1941 viis
1679 1899 1771 1958 ejus

381 1966 717 2013 ambulaverunt
737 1985 748 2021 ς
769 1973 844 2008 aut
865 1963 967 2023 quia
985 1962 1171 2007 dubium
1189 1979 1279 2008 non
1300 1974 1363 2008 est
1385 1981 1456 2009 eos
1479 1967 1703 2012 ambulare
1725 1970 1772 2013 in

380 2039 457 2082 viis
482 2036 681 2089 Domini,
707 2051 796 2079 non
813 2033 1047 2078 credantur
1063 2034 1223 2078 habere
1246 2045 1470 2094 peccatum
1489 2071 1499 2091 ,
1525 2037 1645 2097 quod
1670 2055 1772 2098 pro-

381 2108 454 2153 cul
485 2107 621 2151 dubio
651 2104 807 2150 falsum
843 2113 920 2148 est.
951 2107 1103 2164 Neque
1133 2105 1248 2148 enim
1272 2116 1450 2166 propter
1480 2110 1772 2167 arrogantiam

381 2178 719 2238 superbiamque
734 2175 955 2219 vitandam
974 2175 1182 2234 scriptum
1200 2184 1263 2219 est
1285 2195 1292 2220 :
1317 2195 1337 2218 «
1356 2177 1397 2221 Si
1412 2176 1647 2224 dixerimus
1668 2181 1772 2241 quia

384 2269 404 2293 »
441 2258 671 2310 peccatum
692 2263 782 2292 non
802 2246 1014 2290 habemus
1032 2282 1043 2302 ,
1072 2262 1150 2291 nos
1176 2247 1288 2306 ipsos
1314 2248 1574 2294 seducimus.
1607 2269 1625 2292 n
1645 2251 1769 2296 Alio-

382 2321 490 2382 quin
505 2335 592 2364 non
606 2317 859 2371 adderetur,
885 2336 902 2358 «
922 2315 979 2360 Et
998 2316 1152 2361 veritas
1164 2317 1209 2360 in
1224 2317 1348 2362 nobis
1366 2335 1455 2364 non
1472 2330 1534 2365 est
1551 2342 1561 2379 3
1581 2340 1599 2362 »
1618 2321 1694 2367 sed
1705 2322 1773 2367 di-

382 2401 552 2436 ceretur
581 2409 590 2435 ;
622 2408 642 2431 «
666 2387 894 2433 Humilitas
919 2387 965 2430 in
986 2387 1110 2431 nohis
1134 2403 1223 2432 non
1248 2398 1339 2435 est:
1363 2409 1382 2431 »
1403 2393 1646 2450 praesertim
1667 2394 1769 2454 quia

382 2462 577 2523 sequitur
607 2459 724 2505 unde
750 2459 828 2504 iste
863 2474 1010 2504 sensus
1045 2459 1201 2505 clarius
1233 2459 1495 2518 illustretur,
1533 2479 1772 2525 omnesque

434 2567 440 2583 ¹
467 2572 477 2591 1
503 2562 592 2592 Joan.
618 2570 664 2600 in,
682 2556 711 2600 4.
728 2575 769 2581 —-
789 2564 802 2581 ²
821 2556 902 2590 Psul.
924 2568 1031 2599 cxviii,
1053 2555 1083 2589 3.
1103 2574 1144 2581 —
1169 2555 1182 2584 3
1201 2558 1276 2602 Sap.
1296 2570 1356 2600 vn,
1385 2560 1435 2593 16.
1461 2559 1531 2593 -4
1553 2573 1564 2595 1
1586 2563 1677 2595 Joan.
1694 2574 1718 2605 1,
1737 2563 1772 2602 8,
