1848 3261
284 247 526 279 Eunu-1⁴10
558 250 604 277 m
635 246 838 278 PsALMUM
868 247 1027 286 cxvm,
1062 245 1199 278 SERMo
1231 250 1291 279 tv.
1377 237 1461 278 395

78 316 175 362 vult
199 331 309 371 esse,
340 315 416 359 sed
447 313 598 358 faetor.
635 318 867 373 Propterea
893 321 1015 371 optat
1034 311 1162 371 dirigi
1180 314 1268 358 vias
1291 330 1387 358 suas
1408 315 1463 360 ad

79 385 384 432 custodiendas
413 384 744 445 justificationes
768 383 861 429 Dei.
889 381 1014 426 Unde
1036 381 1161 440 dirigi
1182 417 1192 437 ,
1226 383 1305 427 nisi
1330 385 1464 443 gratia

79 459 156 503 Dei
171 460 189 501 Ρ
206 457 411 517 Alioquin
426 455 565 514 legem
587 455 664 500 Dei
684 453 884 508 habebit,
904 468 993 497 non
1008 452 1086 497 ubi
1109 452 1365 511 gratuletur,
1389 454 1464 499 sed

79 529 158 573 ubi
179 527 503 585 confundatur3
528 527 562 571 si
579 525 765 571 voluerit
785 523 990 569 mandata
1010 524 1235 584 inspicere,
1252 540 1352 585 quae
1374 540 1464 569 non

78 599 196 645 facit.

137 672 212 714 IV.
243 688 262 711 «
289 667 542 714 Confitebor
559 701 571 724 ,
595 667 765 728 inquit,
794 666 875 710 tibi
891 701 902 721 ‚
927 665 1110 710 Domine
1126 701 1136 721 ,
1159 666 1205 709 in
1227 664 1465 710 directione

82 756 102 782 »
138 737 303 793 cordis,
334 739 380 782 in
412 753 462 782 eo
491 736 611 798 quod
643 736 869 780 didicerim
885 734 1048 795 judicia
1072 736 1250 795 justitiae
1278 737 1412 780 tuae¹.
1440 753 1461 777 n

77 811 175 856 Non
198 818 262 853 est
281 818 559 868 peccatorum
587 806 798 852 confessio
825 806 904 850 ista
921 841 936 861 ,
966 806 1042 850 sed
1064 805 1204 850 laudis
1227 825 1235 851 ε
1269 806 1379 850 sicut
1407 805 1466 850 ait

80 882 208 926 etiam
242 880 357 939 ipse,
384 879 430 923 in
458 894 546 939 quo
568 887 794 937 peccatum
823 875 997 921 nullum
1028 885 1142 933 erat,
1169 896 1188 919 «
1213 877 1467 923 Confitebor

82 969 103 992 »
138 950 216 995 tibi
230 985 241 1005 ‚
271 953 397 994 Pater
413 983 425 1004 ‚
451 948 635 993 Domine
652 983 663 1004 ‚
698 947 800 992 coeli
828 956 871 991 et
889 950 1044 992 terrae2
1066 966 1075 992 :
1102 966 1119 989 »
1141 956 1185 991 et
1202 949 1311 992 sicut
1328 948 1466 1007 scrip-

80 1031 176 1066 tum
198 1029 261 1065 est
282 1020 328 1064 in
351 1019 464 1064 libro
491 1019 795 1064 Ecclesiastico
818 1038 827 1064 :
859 1037 876 1059 «
905 1021 1008 1063 Haec
1026 1017 1199 1073 dicetis,
1224 1019 1269 1062 in
1291 1017 1466 1062 confes-

81 1111 103 1136 »
138 1093 257 1136 sione
283 1111 291 1136 :
327 1092 469 1150 Opera
490 1090 663 1135 Domini
687 1090 883 1134 universa
917 1089 1126 1149 quoniam
1157 1089 1272 1132 bona
1295 1087 1462 1133 valdess.

85 1183 103 1205 »
139 1162 393 1208 Confitebor
408 1197 418 1216 ‚
443 1161 601 1221 inquit,
618 1160 697 1204 tibi
718 1160 763 1203 in
786 1159 1023 1203 directione
1040 1158 1196 1203 cordis.
1220 1178 1238 1200 »
1254 1158 1412 1218 Utique
1435 1159 1468 1203 si

80 1232 323 1292 dirigantur
339 1232 419 1275 viae
441 1247 548 1275 meae
564 1266 574 1286 ‚
601 1230 844 1275 confitebor
866 1230 946 1274 tibi
964 1264 975 1285 ‚
1000 1229 1208 1289 quoniam
1230 1238 1279 1272 tu
1301 1228 1464 1285 fecisti,

80 1312 123 1348 et
146 1313 221 1347 tua
242 1303 335 1346 laus
357 1312 420 1346 est
442 1302 521 1346 ista
537 1336 547 1356 ‚
572 1317 663 1345 non
690 1316 801 1344 mea.
830 1303 952 1344 Tunc
969 1300 1084 1344 enim
1107 1318 1123 1340 «
1146 1299 1400 1344 Confitebor
1422 1300 1469 1343 in

85 1395 104 1417 »
139 1390 190 1419 eo
212 1373 333 1435 quod
362 1373 584 1417 didicerim
619 1372 782 1432 judicia
803 1372 981 1432 justitiae
1011 1380 1122 1427 tuac,
1152 1391 1170 1413 »
1196 1371 1230 1415 si
1251 1371 1468 1415 directum

81 1461 156 1490 cor
182 1445 385 1499 habebo,
412 1442 583 1487 directis
604 1441 806 1487 videlicet
833 1442 913 1486 viis
945 1441 1050 1485 meis
1083 1441 1138 1485 ad
1165 1440 1469 1486 custodiendas

77 1517 406 1577 justificationes
427 1524 537 1559 tuas.
555 1517 664 1559 Nam
686 1513 795 1573 quid
812 1513 915 1556 mihi
936 1512 1130 1573 proderit
1150 1512 1271 1573 quod
1292 1528 1342 1557 ea
1362 1511 1473 1556 didi-

82 1587 214 1632 cerim
234 1622 245 1642 ‚
280 1586 314 1630 si
348 1584 479 1630 corde
515 1599 715 1644 perverso
752 1584 840 1628 vias
877 1583 1009 1628 abibo
1029 1585 1214 1644 pravas?
1235 1586 1334 1630 Non
1355 1582 1472 1627 enim

82 1657 266 1702 laetabor
286 1656 331 1699 in
355 1656 435 1710 eis,
461 1654 536 1698 sed
558 1654 793 1698 accusabor
815 1654 870 1697 ab
892 1654 966 1698 cis.

142 1726 375 1773 V.Deinde
394 1725 592 1786 adjungit
614 1745 622 1771 :
645 1744 661 1766 «
676 1725 1010 1770 Justificationes
1031 1733 1127 1769 tuas
1149 1723 1391 1770 custodiam
1407 1725 1468 1768 4.»

85 1804 188 1853 Quae
206 1798 351 1842 omnia
369 1813 420 1841 ex
440 1796 516 1841 illo
539 1797 693 1856 utique
712 1805 1037 1840 connectuntur
1051 1831 1062 1851 ‚
1087 1795 1209 1857 quod
1230 1796 1289 1840 ait
1311 1814 1320 1840 ε
1350 1813 1367 1835 «
1385 1794 1473 1839 Uti-

89 1889 107 1912 »
142 1885 244 1915 nam
266 1869 509 1926 dirigantur
522 1867 602 1912 viae
622 1867 803 1911 meae-ad
823 1866 1127 1911 custodiendas
1143 1866 1474 1927 justificationes

89 1960 107 1983 »
143 1950 238 1985 tuas
259 1959 267 1984 :
296 1949 400 1983 tunc
416 1954 506 1982 non
528 1936 774 1982 confundar
796 1937 902 1982 dum
918 1937 1098 1997 inspicio
1119 1938 1166 1981 in
1187 1937 1332 1982 omnia
1353 1952 1474 1980 man-

89 2032 108 2054 »
143 2011 243 2055 data
265 2020 367 2067 tua3
396 2019 439 2054 et
461 2010 704 2054 confitebor
723 2009 802 2053 tibi
823 2010 869 2053 in
893 2009 1131 2054 directione
1149 2009 1305 2063 cordis,
1323 2017 1366 2052 et
1382 2009 1472 2068 jus-

91 2101 108 2123 »
144 2081 399 2125 tificationes
421 2089 516 2124 tuas
536 2079 793 2125 custodiam.
824 2100 841 2121 »
871 2080 956 2125 Sed
975 2080 1082 2140 quid
1106 2089 1169 2124 est
1189 2077 1309 2139 quod
1329 2078 1473 2139 sequi-

85 2154 187 2196 tur?
211 2171 228 2192 «
254 2154 317 2197 Ne
339 2151 613 2211 derelinquas
639 2166 709 2194 me
736 2165 874 2211 usque
895 2150 1022 2195 valde
1045 2170 1054 2195 :
1084 2170 1102 2192 »
1128 2150 1199 2195 vel
1220 2150 1331 2194 sicut
1357 2165 1473 2193 non—

85 2223 197 2268 nulli
225 2223 393 2267 codices
420 2223 607 2277 habent,
633 2241 649 2263 «
677 2224 822 2282 Usque
845 2222 972 2266 nimis
992 2257 1003 2278 9
1038 2238 1157 2282 »pro
1189 2237 1240 2266 eo
1269 2219 1388 2281 quod
1410 2229 1473 2265 est

92 2313 109 2334 «
145 2292 282 2338 Valde
307 2312 316 2338 ε
348 2311 368 2334 »
392 2308 493 2337 nam
514 2293 597 2337 hoc
627 2293 813 2338 verbum
837 2308 1026 2352 graecum
1048 2302 1111 2337 est
1134 2302 1177 2337 et
1196 2292 1288 2348 hic,
1314 2291 1360 2335 id
1381 2300 1470 2347 est,

89 2370 238 2419 σφόδραι
262 2364 383 2425 quasi
406 2364 593 2425 relinqui
615 2380 658 2409 se
681 2380 704 2409 a
726 2365 907 2409 Domino
934 2364 1039 2410 velit
1059 2400 1070 2421 ‚
1094 2364 1171 2409 sed
1197 2380 1311 2420 non,
1346 2382 1363 2403 «
1391 2365 1474 2407 Us-

94 2456 112 2478 »
147 2451 233 2496 que
253 2434 396 2480 valde.
427 2454 444 2476 »
469 2435 609 2480 Absit.
638 2436 722 2480 Sed
743 2436 845 2496 quia
866 2435 1100 2496 reliquerat
1122 2438 1235 2480 Deus
1257 2433 1476 2479 mundum

138 2539 147 2555 ¹
165 2533 246 2564 Psal.
266 2543 371 2574 cxviii,
386 2540 420 2565 2.
439 2549 481 2556 -
501 2539 514 2556 ²
535 2533 650 2566 Matth.
663 2545 722 2577 xn,
738 2533 793 2566 25.
812 2550 856 2556 --
871 2531 884 2556 3
907 2533 1006 2567 Eccli.
1025 2544 1136 2576 xxxvi,
1156 2542 1211 2576 20,
1229 2542 1284 2567 21.
1306 2549 1347 2556 -
1364 2530 1471 2565 4Psal.

89 2598 199 2629 exvm,
213 2588 246 2620 8.
