<?xml version="1.0" encoding="UTF-8"?>
<!DOCTYPE html PUBLIC "-//W3C//DTD XHTML 1.0 Transitional//EN"
    "http://www.w3.org/TR/xhtml1/DTD/xhtml1-transitional.dtd">
<html xmlns="http://www.w3.org/1999/xhtml" xml:lang="en" lang="en">
 <head>
  <title>
</title>
<meta http-equiv="Content-Type" content="text/html;charset=utf-8" />
  <meta name='ocr-system' content='tesseract 3.04.00' />
  <meta name='ocr-capabilities' content='ocr_page ocr_carea ocr_par ocr_line ocrx_word'/>
</head>
<body>
  <div class='ocr_page' id='page_1' title='image "./operaomniaaccura11auguuoft_0054.png"; bbox 0 0 1848 3261; ppageno 0'>
   <div class='ocr_carea' id='block_1_1' title="bbox 389 226 1326 270">
    <p class='ocr_par' dir='ltr' id='par_1_1' title="bbox 389 226 1326 270">
     <span class='ocr_line' id='line_1_1' title="bbox 389 226 1326 270; baseline -0.002 -4"><span class='ocrx_word' id='word_1_1' title='bbox 389 226 444 267; x_wconf 82' lang='lat'>44</span> <span class='ocrx_word' id='word_1_2' title='bbox 604 268 606 270; x_wconf 74' lang='grc'>,</span> <span class='ocrx_word' id='word_1_3' title='bbox 814 240 847 266; x_wconf 87' lang='lat' dir='ltr'>s.</span> <span class='ocrx_word' id='word_1_4' title='bbox 883 236 1113 266; x_wconf 71' lang='lat' dir='ltr'>Auousrml</span> <span class='ocrx_word' id='word_1_5' title='bbox 1145 237 1326 265; x_wconf 75' lang='lat' dir='ltr'>Emscom</span> 
     </span>
    </p>
   </div>
   <div class='ocr_carea' id='block_1_2' title="bbox 388 302 1789 2546">
    <p class='ocr_par' dir='ltr' id='par_1_2' title="bbox 388 302 1782 1343">
     <span class='ocr_line' id='line_1_2' title="bbox 390 302 1770 359; baseline -0.001 -13"><span class='ocrx_word' id='word_1_6' title='bbox 390 323 410 346; x_wconf 90' lang='lat'>»</span> <span class='ocrx_word' id='word_1_7' title='bbox 445 303 589 359; x_wconf 82' lang='lat' dir='ltr'>illam,</span> <span class='ocrx_word' id='word_1_8' title='bbox 623 313 667 349; x_wconf 84' lang='lat' dir='ltr'>et</span> <span class='ocrx_word' id='word_1_9' title='bbox 699 313 754 348; x_wconf 88' lang='lat' dir='ltr'>ne</span> <span class='ocrx_word' id='word_1_10' title='bbox 781 304 922 350; x_wconf 83' lang='lat' dir='ltr'>oderis</span> <span class='ocrx_word' id='word_1_11' title='bbox 955 303 1128 350; x_wconf 84' lang='lat' dir='ltr'>vincula</span> <span class='ocrx_word' id='word_1_12' title='bbox 1161 302 1292 347; x_wconf 72' lang='lat' dir='ltr'>iliius.</span> <span class='ocrx_word' id='word_1_13' title='bbox 1319 305 1371 346; x_wconf 92' lang='lat' dir='ltr'>In</span> <span class='ocrx_word' id='word_1_14' title='bbox 1393 303 1510 347; x_wconf 89' lang='lat' dir='ltr'>omni</span> <span class='ocrx_word' id='word_1_15' title='bbox 1533 302 1674 347; x_wconf 82' lang='lat' dir='ltr'>anima</span> <span class='ocrx_word' id='word_1_16' title='bbox 1697 308 1770 344; x_wconf 80' lang='lat' dir='ltr'>tua</span> 
     </span>
     <span class='ocr_line' id='line_1_3' title="bbox 391 373 1770 431; baseline -0.001 -16"><span class='ocrx_word' id='word_1_17' title='bbox 391 393 410 415; x_wconf 86' lang='lat'>»</span> <span class='ocrx_word' id='word_1_18' title='bbox 447 373 603 418; x_wconf 82' lang='lat' dir='ltr'>accede</span> <span class='ocrx_word' id='word_1_19' title='bbox 626 374 679 419; x_wconf 89' lang='lat' dir='ltr'>ad</span> <span class='ocrx_word' id='word_1_20' title='bbox 702 374 839 429; x_wconf 83' lang='lat' dir='ltr'>illam,</span> <span class='ocrx_word' id='word_1_21' title='bbox 855 376 961 419; x_wconf 89' lang='lat' dir='ltr'>etin</span> <span class='ocrx_word' id='word_1_22' title='bbox 982 374 1101 419; x_wconf 88' lang='lat' dir='ltr'>omni</span> <span class='ocrx_word' id='word_1_23' title='bbox 1122 373 1283 417; x_wconf 87' lang='lat' dir='ltr'>virtute</span> <span class='ocrx_word' id='word_1_24' title='bbox 1300 383 1375 418; x_wconf 85' lang='lat' dir='ltr'>tua</span> <span class='ocrx_word' id='word_1_25' title='bbox 1397 389 1518 417; x_wconf 87' lang='lat' dir='ltr'>serva</span> <span class='ocrx_word' id='word_1_26' title='bbox 1539 373 1626 416; x_wconf 82' lang='lat' dir='ltr'>vias</span> <span class='ocrx_word' id='word_1_27' title='bbox 1649 373 1741 431; x_wconf 85' lang='lat' dir='ltr'>ejus</span> <span class='ocrx_word' id='word_1_28' title='bbox 1759 389 1770 414; x_wconf 87' lang='grc'>;</span> 
     </span>
     <span class='ocr_line' id='line_1_4' title="bbox 391 441 1774 505; baseline -0.001 -21"><span class='ocrx_word' id='word_1_29' title='bbox 391 461 410 485; x_wconf 73' lang='lat' dir='ltr'>n</span> <span class='ocrx_word' id='word_1_30' title='bbox 447 444 656 503; x_wconf 81' lang='lat' dir='ltr'>investiga</span> <span class='ocrx_word' id='word_1_31' title='bbox 688 454 732 488; x_wconf 91' lang='lat' dir='ltr'>et</span> <span class='ocrx_word' id='word_1_32' title='bbox 760 459 908 505; x_wconf 86' lang='lat' dir='ltr'>quaere</span> <span class='ocrx_word' id='word_1_33' title='bbox 931 478 942 499; x_wconf 97' lang='lat'>,</span> <span class='ocrx_word' id='word_1_34' title='bbox 980 453 1024 488; x_wconf 92' lang='lat' dir='ltr'>et</span> <span class='ocrx_word' id='word_1_35' title='bbox 1055 444 1295 487; x_wconf 78' lang='lat' dir='ltr'>innotescet</span> <span class='ocrx_word' id='word_1_36' title='bbox 1326 444 1406 487; x_wconf 87' lang='lat' dir='ltr'>tibi</span> <span class='ocrx_word' id='word_1_37' title='bbox 1431 463 1442 501; x_wconf 80' lang='lat'>3</span> <span class='ocrx_word' id='word_1_38' title='bbox 1467 451 1511 486; x_wconf 90' lang='lat' dir='ltr'>et</span> <span class='ocrx_word' id='word_1_39' title='bbox 1546 441 1774 486; x_wconf 89' lang='lat' dir='ltr'>continens</span> 
     </span>
     <span class='ocr_line' id='line_1_5' title="bbox 392 512 1775 575; baseline -0.001 -19"><span class='ocrx_word' id='word_1_40' title='bbox 392 533 412 556; x_wconf 89' lang='lat'>»</span> <span class='ocrx_word' id='word_1_41' title='bbox 446 515 608 570; x_wconf 85' lang='lat' dir='ltr'>factus,</span> <span class='ocrx_word' id='word_1_42' title='bbox 630 531 685 559; x_wconf 87' lang='lat' dir='ltr'>ne</span> <span class='ocrx_word' id='word_1_43' title='bbox 703 515 976 575; x_wconf 84' lang='lat' dir='ltr'>derelinquas</span> <span class='ocrx_word' id='word_1_44' title='bbox 994 530 1104 560; x_wconf 82' lang='lat' dir='ltr'>eam.</span> <span class='ocrx_word' id='word_1_45' title='bbox 1122 518 1172 558; x_wconf 92' lang='lat' dir='ltr'>In</span> <span class='ocrx_word' id='word_1_46' title='bbox 1189 515 1427 559; x_wconf 88' lang='lat' dir='ltr'>novissimis</span> <span class='ocrx_word' id='word_1_47' title='bbox 1444 515 1560 558; x_wconf 89' lang='lat' dir='ltr'>enim</span> <span class='ocrx_word' id='word_1_48' title='bbox 1583 512 1775 558; x_wconf 78' lang='lat' dir='ltr'>invenies</span> 
     </span>
     <span class='ocr_line' id='line_1_6' title="bbox 391 584 1776 646; baseline 0 -20"><span class='ocrx_word' id='word_1_49' title='bbox 391 602 412 626; x_wconf 89' lang='lat'>»</span> <span class='ocrx_word' id='word_1_50' title='bbox 447 586 641 646; x_wconf 81' lang='lat' dir='ltr'><strong>requiem</strong></span> <span class='ocrx_word' id='word_1_51' title='bbox 664 590 756 646; x_wconf 85' lang='lat' dir='ltr'>ejus</span> <span class='ocrx_word' id='word_1_52' title='bbox 770 621 780 641; x_wconf 89' lang='lat'>,</span> <span class='ocrx_word' id='word_1_53' title='bbox 813 594 855 629; x_wconf 92' lang='lat' dir='ltr'>et</span> <span class='ocrx_word' id='word_1_54' title='bbox 873 594 1152 630; x_wconf 87' lang='lat' dir='ltr'>convertetur</span> <span class='ocrx_word' id='word_1_55' title='bbox 1176 585 1258 628; x_wconf 88' lang='lat' dir='ltr'>tibi</span> <span class='ocrx_word' id='word_1_56' title='bbox 1274 585 1320 628; x_wconf 91' lang='lat' dir='ltr'>in</span> <span class='ocrx_word' id='word_1_57' title='bbox 1340 584 1536 628; x_wconf 73' lang='lat' dir='ltr'>laetitiam</span> <span class='ocrx_word' id='word_1_58' title='bbox 1555 619 1566 639; x_wconf 92' lang='lat'>,</span> <span class='ocrx_word' id='word_1_59' title='bbox 1588 592 1631 627; x_wconf 89' lang='lat' dir='ltr'>et</span> <span class='ocrx_word' id='word_1_60' title='bbox 1647 591 1776 627; x_wconf 89' lang='lat' dir='ltr'>erunt</span> 
     </span>
     <span class='ocr_line' id='line_1_7' title="bbox 392 654 1775 715; baseline -0.001 -18"><span class='ocrx_word' id='word_1_61' title='bbox 392 673 413 697; x_wconf 90' lang='lat'>»</span> <span class='ocrx_word' id='word_1_62' title='bbox 450 656 528 700; x_wconf 86' lang='lat' dir='ltr'>tibi</span> <span class='ocrx_word' id='word_1_63' title='bbox 544 656 774 715; x_wconf 84' lang='lat' dir='ltr'>compedes</span> <span class='ocrx_word' id='word_1_64' title='bbox 799 657 891 715; x_wconf 85' lang='lat' dir='ltr'>ejus</span> <span class='ocrx_word' id='word_1_65' title='bbox 914 656 957 699; x_wconf 92' lang='lat' dir='ltr'>in</span> <span class='ocrx_word' id='word_1_66' title='bbox 979 656 1291 714; x_wconf 87' lang='lat' dir='ltr'>protectionem</span> <span class='ocrx_word' id='word_1_67' title='bbox 1314 654 1598 710; x_wconf 84' lang='lat' dir='ltr'>fortitudinis,</span> <span class='ocrx_word' id='word_1_68' title='bbox 1625 662 1668 697; x_wconf 89' lang='lat' dir='ltr'>et</span> <span class='ocrx_word' id='word_1_69' title='bbox 1684 663 1775 697; x_wconf 88' lang='lat' dir='ltr'>tor-</span> 
     </span>
     <span class='ocr_line' id='line_1_8' title="bbox 393 723 1776 785; baseline -0.001 -18"><span class='ocrx_word' id='word_1_70' title='bbox 393 744 413 768; x_wconf 90' lang='lat'>»</span> <span class='ocrx_word' id='word_1_71' title='bbox 447 742 553 785; x_wconf 87' lang='lat' dir='ltr'>ques</span> <span class='ocrx_word' id='word_1_72' title='bbox 570 725 685 769; x_wconf 87' lang='lat' dir='ltr'>illius</span> <span class='ocrx_word' id='word_1_73' title='bbox 708 726 753 769; x_wconf 90' lang='lat' dir='ltr'>in</span> <span class='ocrx_word' id='word_1_74' title='bbox 776 726 931 770; x_wconf 84' lang='lat' dir='ltr'>stolam</span> <span class='ocrx_word' id='word_1_75' title='bbox 955 725 1117 784; x_wconf 72' lang='lat' dir='ltr'>gloriae.</span> <span class='ocrx_word' id='word_1_76' title='bbox 1143 728 1282 769; x_wconf 86' lang='lat' dir='ltr'>Decus</span> <span class='ocrx_word' id='word_1_77' title='bbox 1306 725 1422 769; x_wconf 89' lang='lat' dir='ltr'>enim</span> <span class='ocrx_word' id='word_1_78' title='bbox 1447 740 1628 768; x_wconf 81' lang='lat' dir='ltr'>aureum</span> <span class='ocrx_word' id='word_1_79' title='bbox 1652 733 1715 768; x_wconf 89' lang='lat' dir='ltr'>est</span> <span class='ocrx_word' id='word_1_80' title='bbox 1731 723 1776 766; x_wconf 87' lang='lat' dir='ltr'>in</span> 
     </span>
     <span class='ocr_line' id='line_1_9' title="bbox 392 794 1778 853; baseline 0 -16"><span class='ocrx_word' id='word_1_81' title='bbox 392 814 412 837; x_wconf 77' lang='lat'>&gt;›</span> <span class='ocrx_word' id='word_1_82' title='bbox 447 796 536 850; x_wconf 82' lang='lat' dir='ltr'>illa,</span> <span class='ocrx_word' id='word_1_83' title='bbox 555 806 598 840; x_wconf 90' lang='lat' dir='ltr'>et</span> <span class='ocrx_word' id='word_1_84' title='bbox 619 795 793 840; x_wconf 88' lang='lat' dir='ltr'>vincula</span> <span class='ocrx_word' id='word_1_85' title='bbox 808 795 927 848; x_wconf 30' lang='lat' dir='ltr'>illius·</span> <span class='ocrx_word' id='word_1_86' title='bbox 942 796 1013 840; x_wconf 83' lang='lat' dir='ltr'>fila</span> <span class='ocrx_word' id='word_1_87' title='bbox 1035 795 1318 853; x_wconf 84' lang='lat' dir='ltr'>hyacinthina</span> <span class='ocrx_word' id='word_1_88' title='bbox 1337 814 1345 840; x_wconf 94' lang='lat'><strong>:</strong></span> <span class='ocrx_word' id='word_1_89' title='bbox 1367 794 1520 841; x_wconf 80' lang='lat' dir='ltr'>stolam</span> <span class='ocrx_word' id='word_1_90' title='bbox 1544 794 1690 853; x_wconf 81' lang='lat' dir='ltr'>gloriae</span> <span class='ocrx_word' id='word_1_91' title='bbox 1710 794 1778 837; x_wconf 89' lang='lat' dir='ltr'>in-</span> 
     </span>
     <span class='ocr_line' id='line_1_10' title="bbox 391 865 1769 926; baseline -0.001 -19"><span class='ocrx_word' id='word_1_92' title='bbox 391 885 410 907; x_wconf 88' lang='lat'>»</span> <span class='ocrx_word' id='word_1_93' title='bbox 446 865 552 910; x_wconf 86' lang='lat' dir='ltr'>dues</span> <span class='ocrx_word' id='word_1_94' title='bbox 582 881 697 921; x_wconf 81' lang='lat' dir='ltr'>eam,</span> <span class='ocrx_word' id='word_1_95' title='bbox 725 876 768 910; x_wconf 90' lang='lat' dir='ltr'>et</span> <span class='ocrx_word' id='word_1_96' title='bbox 789 881 995 911; x_wconf 82' lang='lat' dir='ltr'>coronam</span> <span class='ocrx_word' id='word_1_97' title='bbox 1018 865 1293 910; x_wconf 85' lang='lat' dir='ltr'>exultationis</span> <span class='ocrx_word' id='word_1_98' title='bbox 1315 880 1580 926; x_wconf 82' lang='lat' dir='ltr'>superpones</span> <span class='ocrx_word' id='word_1_99' title='bbox 1599 865 1723 909; x_wconf 80' lang='lat' dir='ltr'>tibi1.</span> <span class='ocrx_word' id='word_1_100' title='bbox 1750 883 1769 905; x_wconf 76' lang='lat'>,›</span> 
     </span>
     <span class='ocr_line' id='line_1_11' title="bbox 388 934 1775 995; baseline -0.003 -14"><span class='ocrx_word' id='word_1_101' title='bbox 388 936 589 982; x_wconf 81' lang='lat' dir='ltr'>Clament</span> <span class='ocrx_word' id='word_1_102' title='bbox 616 951 718 995; x_wconf 82' lang='lat' dir='ltr'>ergo</span> <span class='ocrx_word' id='word_1_103' title='bbox 741 935 1003 995; x_wconf 88' lang='lat' dir='ltr'>compediti,</span> <span class='ocrx_word' id='word_1_104' title='bbox 1037 935 1233 995; x_wconf 81' lang='lat' dir='ltr'>quandiu</span> <span class='ocrx_word' id='word_1_105' title='bbox 1256 945 1358 980; x_wconf 90' lang='lat' dir='ltr'>sunt</span> <span class='ocrx_word' id='word_1_106' title='bbox 1376 936 1422 979; x_wconf 90' lang='lat' dir='ltr'>in</span> <span class='ocrx_word' id='word_1_107' title='bbox 1443 934 1628 980; x_wconf 90' lang='lat' dir='ltr'>vinculis</span> <span class='ocrx_word' id='word_1_108' title='bbox 1647 934 1775 978; x_wconf 86' lang='lat' dir='ltr'>disci-</span> 
     </span>
     <span class='ocr_line' id='line_1_12' title="bbox 389 1005 1780 1066; baseline -0.001 -17"><span class='ocrx_word' id='word_1_109' title='bbox 389 1005 520 1065; x_wconf 77' lang='lat' dir='ltr'>plinae</span> <span class='ocrx_word' id='word_1_110' title='bbox 539 1006 630 1061; x_wconf 84' lang='lat' dir='ltr'>Dei,</span> <span class='ocrx_word' id='word_1_111' title='bbox 649 1006 695 1050; x_wconf 91' lang='lat' dir='ltr'>in</span> <span class='ocrx_word' id='word_1_112' title='bbox 716 1022 802 1066; x_wconf 82' lang='lat' dir='ltr'>qua</span> <span class='ocrx_word' id='word_1_113' title='bbox 820 1016 922 1050; x_wconf 86' lang='lat' dir='ltr'>sunt</span> <span class='ocrx_word' id='word_1_114' title='bbox 939 1006 1159 1050; x_wconf 84' lang='lat' dir='ltr'>exercitati</span> <span class='ocrx_word' id='word_1_115' title='bbox 1169 1009 1381 1064; x_wconf 83' lang='lat' dir='ltr'>Martyres</span> <span class='ocrx_word' id='word_1_116' title='bbox 1395 1026 1404 1052; x_wconf 71' lang='grc' dir='ltr'>ε</span> <span class='ocrx_word' id='word_1_117' title='bbox 1417 1006 1639 1052; x_wconf 87' lang='lat' dir='ltr'>solventur</span> <span class='ocrx_word' id='word_1_118' title='bbox 1660 1020 1780 1049; x_wconf 86' lang='lat' dir='ltr'>com-</span> 
     </span>
     <span class='ocr_line' id='line_1_13' title="bbox 390 1075 1778 1137; baseline -0.001 -17"><span class='ocrx_word' id='word_1_119' title='bbox 390 1077 545 1137; x_wconf 92' lang='lat' dir='ltr'>pedes,</span> <span class='ocrx_word' id='word_1_120' title='bbox 570 1086 613 1121; x_wconf 87' lang='lat' dir='ltr'>et</span> <span class='ocrx_word' id='word_1_121' title='bbox 631 1075 845 1121; x_wconf 84' lang='lat' dir='ltr'>volabunt</span> <span class='ocrx_word' id='word_1_122' title='bbox 866 1086 909 1121; x_wconf 90' lang='lat' dir='ltr'>et</span> <span class='ocrx_word' id='word_1_123' title='bbox 928 1076 1092 1121; x_wconf 78' lang='lat' dir='ltr'>eaedem</span> <span class='ocrx_word' id='word_1_124' title='bbox 1115 1077 1218 1137; x_wconf 73' lang='lat' dir='ltr'>ipsae</span> <span class='ocrx_word' id='word_1_125' title='bbox 1235 1078 1281 1120; x_wconf 91' lang='lat' dir='ltr'>in</span> <span class='ocrx_word' id='word_1_126' title='bbox 1303 1085 1608 1121; x_wconf 85' lang='lat' dir='ltr'>ornamentum</span> <span class='ocrx_word' id='word_1_127' title='bbox 1632 1084 1778 1135; x_wconf 86' lang='lat' dir='ltr'>postea</span> 
     </span>
     <span class='ocr_line' id='line_1_14' title="bbox 390 1145 1780 1205; baseline -0.003 -14"><span class='ocrx_word' id='word_1_128' title='bbox 390 1156 713 1192; x_wconf 73' lang='lat' dir='ltr'>convertentur.</span> <span class='ocrx_word' id='word_1_129' title='bbox 737 1150 922 1192; x_wconf 84' lang='lat' dir='ltr'>Factum</span> <span class='ocrx_word' id='word_1_130' title='bbox 945 1156 1009 1191; x_wconf 89' lang='lat' dir='ltr'>est</span> <span class='ocrx_word' id='word_1_131' title='bbox 1036 1147 1120 1191; x_wconf 89' lang='lat' dir='ltr'>hoc</span> <span class='ocrx_word' id='word_1_132' title='bbox 1145 1146 1199 1191; x_wconf 89' lang='lat' dir='ltr'>de</span> <span class='ocrx_word' id='word_1_133' title='bbox 1219 1147 1500 1205; x_wconf 85' lang='lat' dir='ltr'>Martyribus.</span> <span class='ocrx_word' id='word_1_134' title='bbox 1531 1145 1647 1199; x_wconf 86' lang='lat' dir='ltr'>Quid</span> <span class='ocrx_word' id='word_1_135' title='bbox 1664 1145 1780 1188; x_wconf 81' lang='lat' dir='ltr'>enim</span> 
     </span>
     <span class='ocr_line' id='line_1_15' title="bbox 389 1216 1782 1277; baseline -0.002 -15"><span class='ocrx_word' id='word_1_136' title='bbox 389 1227 686 1277; x_wconf 86' lang='lat' dir='ltr'>persecutores</span> <span class='ocrx_word' id='word_1_137' title='bbox 708 1217 948 1263; x_wconf 86' lang='lat' dir='ltr'>occidendo</span> <span class='ocrx_word' id='word_1_138' title='bbox 970 1217 1184 1272; x_wconf 86' lang='lat' dir='ltr'>fecerunt,</span> <span class='ocrx_word' id='word_1_139' title='bbox 1215 1218 1297 1262; x_wconf 91' lang='lat' dir='ltr'>nisi</span> <span class='ocrx_word' id='word_1_140' title='bbox 1319 1227 1370 1262; x_wconf 91' lang='lat' dir='ltr'>ut</span> <span class='ocrx_word' id='word_1_141' title='bbox 1391 1216 1622 1277; x_wconf 87' lang='lat' dir='ltr'>compedes</span> <span class='ocrx_word' id='word_1_142' title='bbox 1644 1216 1782 1261; x_wconf 82' lang='lat' dir='ltr'>solve-</span> 
     </span>
     <span class='ocr_line' id='line_1_16' title="bbox 393 1290 1310 1343; baseline -0.001 -11"><span class='ocrx_word' id='word_1_143' title='bbox 393 1298 565 1343; x_wconf 81' lang='lat' dir='ltr'>rentur,</span> <span class='ocrx_word' id='word_1_144' title='bbox 591 1298 634 1333; x_wconf 92' lang='lat' dir='ltr'>et</span> <span class='ocrx_word' id='word_1_145' title='bbox 656 1290 702 1332; x_wconf 90' lang='lat' dir='ltr'>in</span> <span class='ocrx_word' id='word_1_146' title='bbox 719 1304 899 1334; x_wconf 81' lang='lat' dir='ltr'>coronas</span> <span class='ocrx_word' id='word_1_147' title='bbox 922 1290 1310 1333; x_wconf 82' lang='lat' dir='ltr'>converterentur?</span> 
     </span>
    </p>

    <p class='ocr_par' dir='ltr' id='par_1_3' title="bbox 391 1358 1789 2546">
     <span class='ocr_line' id='line_1_17' title="bbox 451 1358 1780 1419; baseline -0.002 -17"><span class='ocrx_word' id='word_1_148' title='bbox 451 1362 531 1402; x_wconf 89' lang='lat'><em>111.</em></span> <span class='ocrx_word' id='word_1_149' title='bbox 563 1378 582 1401; x_wconf 84' lang='lat'>«</span> <span class='ocrx_word' id='word_1_150' title='bbox 608 1362 670 1403; x_wconf 87' lang='lat' dir='ltr'>De</span> <span class='ocrx_word' id='word_1_151' title='bbox 696 1359 809 1404; x_wconf 90' lang='lat' dir='ltr'>coelo</span> <span class='ocrx_word' id='word_1_152' title='bbox 831 1374 932 1418; x_wconf 82' lang='lat' dir='ltr'>ergo</span> <span class='ocrx_word' id='word_1_153' title='bbox 957 1360 1141 1419; x_wconf 82' lang='lat' dir='ltr'>respexit</span> <span class='ocrx_word' id='word_1_154' title='bbox 1163 1358 1372 1403; x_wconf 88' lang='lat' dir='ltr'>Dominus</span> <span class='ocrx_word' id='word_1_155' title='bbox 1390 1394 1401 1413; x_wconf 85' lang='lat'>,</span> <span class='ocrx_word' id='word_1_156' title='bbox 1435 1368 1486 1403; x_wconf 91' lang='lat' dir='ltr'>ut</span> <span class='ocrx_word' id='word_1_157' title='bbox 1507 1358 1680 1402; x_wconf 79' lang='lat' dir='ltr'>audiret</span> <span class='ocrx_word' id='word_1_158' title='bbox 1703 1372 1780 1416; x_wconf 83' lang='lat' dir='ltr'>ge-</span> 
     </span>
     <span class='ocr_line' id='line_1_18' title="bbox 395 1428 1777 1489; baseline 0 -20"><span class='ocrx_word' id='word_1_159' title='bbox 395 1448 413 1469; x_wconf 82' lang='lat'>»</span> <span class='ocrx_word' id='word_1_160' title='bbox 450 1429 607 1473; x_wconf 88' lang='lat' dir='ltr'>mitum</span> <span class='ocrx_word' id='word_1_161' title='bbox 628 1430 994 1489; x_wconf 84' lang='lat' dir='ltr'>compeditorum,</span> <span class='ocrx_word' id='word_1_162' title='bbox 1015 1439 1064 1473; x_wconf 90' lang='lat' dir='ltr'>ut</span> <span class='ocrx_word' id='word_1_163' title='bbox 1081 1429 1220 1474; x_wconf 86' lang='lat' dir='ltr'>solvat</span> <span class='ocrx_word' id='word_1_164' title='bbox 1240 1428 1350 1474; x_wconf 89' lang='lat' dir='ltr'>filios</span> <span class='ocrx_word' id='word_1_165' title='bbox 1372 1430 1777 1474; x_wconf 82' lang='lat' dir='ltr'>mortificatorum.»</span> 
     </span>
     <span class='ocr_line' id='line_1_19' title="bbox 391 1500 1783 1560; baseline -0.001 -15"><span class='ocrx_word' id='word_1_166' title='bbox 391 1500 640 1545; x_wconf 86' lang='lat' dir='ltr'>Mortificati</span> <span class='ocrx_word' id='word_1_167' title='bbox 662 1500 723 1544; x_wconf 83' lang='lat' dir='ltr'>illi</span> <span class='ocrx_word' id='word_1_168' title='bbox 748 1521 755 1546; x_wconf 93' lang='lat'><strong>:</strong></span> <span class='ocrx_word' id='word_1_169' title='bbox 783 1501 857 1544; x_wconf 82' lang='lat' dir='ltr'>filii</span> <span class='ocrx_word' id='word_1_170' title='bbox 886 1510 1031 1545; x_wconf 82' lang='lat' dir='ltr'>autem</span> <span class='ocrx_word' id='word_1_171' title='bbox 1056 1502 1417 1546; x_wconf 81' lang='lat' dir='ltr'>mortificatorum</span> <span class='ocrx_word' id='word_1_172' title='bbox 1439 1501 1542 1560; x_wconf 82' lang='lat' dir='ltr'>qui,</span> <span class='ocrx_word' id='word_1_173' title='bbox 1570 1500 1651 1544; x_wconf 91' lang='lat' dir='ltr'>nisi</span> <span class='ocrx_word' id='word_1_174' title='bbox 1674 1501 1783 1544; x_wconf 79' lang='lat' dir='ltr'>nos?</span> 
     </span>
     <span class='ocr_line' id='line_1_20' title="bbox 394 1571 1784 1627; baseline -0.002 -12"><span class='ocrx_word' id='word_1_175' title='bbox 394 1572 624 1624; x_wconf 87' lang='lat' dir='ltr'>Quomodo</span> <span class='ocrx_word' id='word_1_176' title='bbox 642 1582 789 1616; x_wconf 87' lang='lat' dir='ltr'>autem</span> <span class='ocrx_word' id='word_1_177' title='bbox 812 1571 1019 1617; x_wconf 88' lang='lat' dir='ltr'>solvimur</span> <span class='ocrx_word' id='word_1_178' title='bbox 1038 1588 1130 1627; x_wconf 87' lang='lat' dir='ltr'>nos,</span> <span class='ocrx_word' id='word_1_179' title='bbox 1148 1573 1229 1616; x_wconf 86' lang='lat' dir='ltr'>nisi</span> <span class='ocrx_word' id='word_1_180' title='bbox 1246 1587 1348 1617; x_wconf 92' lang='lat' dir='ltr'>cum</span> <span class='ocrx_word' id='word_1_181' title='bbox 1371 1571 1554 1616; x_wconf 88' lang='lat' dir='ltr'>dicimus</span> <span class='ocrx_word' id='word_1_182' title='bbox 1572 1571 1610 1614; x_wconf 90' lang='lat' dir='ltr'>ei</span> <span class='ocrx_word' id='word_1_183' title='bbox 1629 1590 1638 1615; x_wconf 73' lang='grc' dir='ltr'><strong><em>ι</em></strong></span> <span class='ocrx_word' id='word_1_184' title='bbox 1659 1589 1679 1612; x_wconf 88' lang='lat'>«</span> <span class='ocrx_word' id='word_1_185' title='bbox 1696 1571 1784 1613; x_wconf 85' lang='lat' dir='ltr'>Dis-</span> 
     </span>
     <span class='ocr_line' id='line_1_21' title="bbox 398 1641 1780 1701; baseline 0 -19"><span class='ocrx_word' id='word_1_186' title='bbox 398 1660 416 1682; x_wconf 86' lang='lat'>»</span> <span class='ocrx_word' id='word_1_187' title='bbox 453 1643 604 1701; x_wconf 85' lang='lat' dir='ltr'>rupisti</span> <span class='ocrx_word' id='word_1_188' title='bbox 627 1642 798 1687; x_wconf 86' lang='lat' dir='ltr'>vincula</span> <span class='ocrx_word' id='word_1_189' title='bbox 817 1659 937 1700; x_wconf 69' lang='lat' dir='ltr'>mea,</span> <span class='ocrx_word' id='word_1_190' title='bbox 963 1643 1043 1687; x_wconf 87' lang='lat' dir='ltr'>tibi</span> <span class='ocrx_word' id='word_1_191' title='bbox 1062 1644 1312 1688; x_wconf 82' lang='lat' dir='ltr'>sacrificabo</span> <span class='ocrx_word' id='word_1_192' title='bbox 1334 1643 1518 1687; x_wconf 83' lang='lat' dir='ltr'>hostiam</span> <span class='ocrx_word' id='word_1_193' title='bbox 1541 1641 1682 1687; x_wconf 85' lang='lat' dir='ltr'>laudis</span> <span class='ocrx_word' id='word_1_194' title='bbox 1700 1644 1780 1685; x_wconf 66' lang='lat'>23³»</span> 
     </span>
     <span class='ocr_line' id='line_1_22' title="bbox 396 1712 1785 1775; baseline 0 -19"><span class='ocrx_word' id='word_1_195' title='bbox 396 1713 585 1757; x_wconf 87' lang='lat' dir='ltr'>Solvitur</span> <span class='ocrx_word' id='word_1_196' title='bbox 609 1715 724 1758; x_wconf 91' lang='lat' dir='ltr'>enim</span> <span class='ocrx_word' id='word_1_197' title='bbox 747 1716 1049 1775; x_wconf 80' lang='lat' dir='ltr'>unusquisque</span> <span class='ocrx_word' id='word_1_198' title='bbox 1079 1732 1101 1760; x_wconf 81' lang='lat' dir='ltr'>a</span> <span class='ocrx_word' id='word_1_199' title='bbox 1123 1714 1307 1759; x_wconf 88' lang='lat' dir='ltr'>vinculis</span> <span class='ocrx_word' id='word_1_200' title='bbox 1334 1714 1626 1773; x_wconf 77' lang='lat' dir='ltr'>cupiditatum</span> <span class='ocrx_word' id='word_1_201' title='bbox 1650 1712 1785 1757; x_wconf 80' lang='lat' dir='ltr'>mala-</span> 
     </span>
     <span class='ocr_line' id='line_1_23' title="bbox 396 1784 1786 1844; baseline 0 -18"><span class='ocrx_word' id='word_1_202' title='bbox 396 1800 490 1827; x_wconf 83' lang='lat' dir='ltr'>rum</span> <span class='ocrx_word' id='word_1_203' title='bbox 505 1819 515 1838; x_wconf 87' lang='lat'>,</span> <span class='ocrx_word' id='word_1_204' title='bbox 536 1784 604 1828; x_wconf 90' lang='lat' dir='ltr'>vel</span> <span class='ocrx_word' id='word_1_205' title='bbox 633 1802 656 1829; x_wconf 81' lang='lat' dir='ltr'>a</span> <span class='ocrx_word' id='word_1_206' title='bbox 679 1784 803 1829; x_wconf 89' lang='lat' dir='ltr'>nodis</span> <span class='ocrx_word' id='word_1_207' title='bbox 826 1795 1104 1844; x_wconf 82' lang='lat' dir='ltr'>peccatorum</span> <span class='ocrx_word' id='word_1_208' title='bbox 1133 1801 1326 1829; x_wconf 89' lang='lat' dir='ltr'>suorum.</span> <span class='ocrx_word' id='word_1_209' title='bbox 1354 1785 1565 1829; x_wconf 83' lang='lat' dir='ltr'>Remissio</span> <span class='ocrx_word' id='word_1_210' title='bbox 1584 1793 1786 1843; x_wconf 83' lang='lat' dir='ltr'>peecato-</span> 
     </span>
     <span class='ocr_line' id='line_1_24' title="bbox 397 1854 1785 1914; baseline 0.001 -18"><span class='ocrx_word' id='word_1_211' title='bbox 397 1869 515 1908; x_wconf 87' lang='lat' dir='ltr'>rum,</span> <span class='ocrx_word' id='word_1_212' title='bbox 537 1854 695 1899; x_wconf 87' lang='lat' dir='ltr'>solutio</span> <span class='ocrx_word' id='word_1_213' title='bbox 717 1863 795 1898; x_wconf 88' lang='lat' dir='ltr'>est.</span> <span class='ocrx_word' id='word_1_214' title='bbox 823 1855 941 1908; x_wconf 90' lang='lat' dir='ltr'>Quid</span> <span class='ocrx_word' id='word_1_215' title='bbox 965 1856 1080 1899; x_wconf 88' lang='lat' dir='ltr'>enim</span> <span class='ocrx_word' id='word_1_216' title='bbox 1103 1856 1327 1914; x_wconf 88' lang='lat' dir='ltr'>prodesset</span> <span class='ocrx_word' id='word_1_217' title='bbox 1350 1858 1534 1908; x_wconf 79' lang='lat' dir='ltr'>Lazaro,</span> <span class='ocrx_word' id='word_1_218' title='bbox 1561 1854 1662 1914; x_wconf 85' lang='lat' dir='ltr'>quia</span> <span class='ocrx_word' id='word_1_219' title='bbox 1680 1868 1785 1912; x_wconf 87' lang='lat' dir='ltr'>pro-</span> 
     </span>
     <span class='ocr_line' id='line_1_25' title="bbox 397 1924 1788 1978; baseline -0.001 -9"><span class='ocrx_word' id='word_1_220' title='bbox 397 1925 529 1970; x_wconf 76' lang='lat' dir='ltr'>cessit.</span> <span class='ocrx_word' id='word_1_221' title='bbox 552 1924 606 1968; x_wconf 86' lang='lat' dir='ltr'>de</span> <span class='ocrx_word' id='word_1_222' title='bbox 639 1935 923 1970; x_wconf 88' lang='lat' dir='ltr'>monumento</span> <span class='ocrx_word' id='word_1_223' title='bbox 955 1927 1033 1970; x_wconf 85' lang='lat' dir='ltr'>nisi</span> <span class='ocrx_word' id='word_1_224' title='bbox 1063 1927 1311 1970; x_wconf 87' lang='lat' dir='ltr'>diceretur:</span> <span class='ocrx_word' id='word_1_225' title='bbox 1342 1945 1362 1967; x_wconf 92' lang='lat'>«</span> <span class='ocrx_word' id='word_1_226' title='bbox 1391 1925 1551 1970; x_wconf 88' lang='lat' dir='ltr'>Solvite</span> <span class='ocrx_word' id='word_1_227' title='bbox 1587 1940 1685 1969; x_wconf 91' lang='lat' dir='ltr'>eum</span> <span class='ocrx_word' id='word_1_228' title='bbox 1707 1959 1717 1978; x_wconf 96' lang='lat'>,</span> <span class='ocrx_word' id='word_1_229' title='bbox 1744 1933 1788 1968; x_wconf 88' lang='lat' dir='ltr'>et</span> 
     </span>
     <span class='ocr_line' id='line_1_26' title="bbox 402 1995 1784 2056; baseline 0.001 -19"><span class='ocrx_word' id='word_1_230' title='bbox 402 2013 422 2035; x_wconf 88' lang='lat'>»</span> <span class='ocrx_word' id='word_1_231' title='bbox 457 1995 583 2039; x_wconf 87' lang='lat' dir='ltr'>sinite</span> <span class='ocrx_word' id='word_1_232' title='bbox 598 1995 737 2039; x_wconf 82' lang='lat' dir='ltr'>abire³</span> <span class='ocrx_word' id='word_1_233' title='bbox 750 1997 768 2039; x_wconf 75' lang='grc' dir='ltr'>Ρ</span> <span class='ocrx_word' id='word_1_234' title='bbox 783 2014 802 2036; x_wconf 91' lang='lat'>»</span> <span class='ocrx_word' id='word_1_235' title='bbox 822 1998 917 2055; x_wconf 90' lang='lat' dir='ltr'>Ipse</span> <span class='ocrx_word' id='word_1_236' title='bbox 934 1996 1113 2056; x_wconf 88' lang='lat' dir='ltr'>quidem</span> <span class='ocrx_word' id='word_1_237' title='bbox 1131 2011 1237 2040; x_wconf 91' lang='lat' dir='ltr'>voce</span> <span class='ocrx_word' id='word_1_238' title='bbox 1255 1995 1310 2039; x_wconf 86' lang='lat' dir='ltr'>de</span> <span class='ocrx_word' id='word_1_239' title='bbox 1331 1995 1530 2054; x_wconf 87' lang='lat' dir='ltr'>sepulcro</span> <span class='ocrx_word' id='word_1_240' title='bbox 1549 1995 1784 2048; x_wconf 78' lang='lat' dir='ltr'>suscitavit,</span> 
     </span>
     <span class='ocr_line' id='line_1_27' title="bbox 400 2064 1787 2124; baseline 0.001 -17"><span class='ocrx_word' id='word_1_241' title='bbox 400 2065 490 2123; x_wconf 91' lang='lat' dir='ltr'>ipse</span> <span class='ocrx_word' id='word_1_242' title='bbox 517 2065 745 2110; x_wconf 78' lang='lat' dir='ltr'>clamando</span> <span class='ocrx_word' id='word_1_243' title='bbox 781 2066 969 2109; x_wconf 83' lang='lat' dir='ltr'>animam</span> <span class='ocrx_word' id='word_1_244' title='bbox 1004 2065 1218 2120; x_wconf 83' lang='lat' dir='ltr'>reddidit,</span> <span class='ocrx_word' id='word_1_245' title='bbox 1255 2066 1346 2124; x_wconf 91' lang='lat' dir='ltr'>ipse</span> <span class='ocrx_word' id='word_1_246' title='bbox 1377 2075 1594 2109; x_wconf 78' lang='lat' dir='ltr'>terrenam</span> <span class='ocrx_word' id='word_1_247' title='bbox 1626 2064 1787 2109; x_wconf 87' lang='lat' dir='ltr'>molem</span> 
     </span>
     <span class='ocr_line' id='line_1_28' title="bbox 401 2134 1784 2195; baseline -0.001 -17"><span class='ocrx_word' id='word_1_248' title='bbox 401 2134 570 2194; x_wconf 87' lang='lat' dir='ltr'>sepulto</span> <span class='ocrx_word' id='word_1_249' title='bbox 604 2135 850 2194; x_wconf 86' lang='lat' dir='ltr'>impositam</span> <span class='ocrx_word' id='word_1_250' title='bbox 878 2136 1015 2190; x_wconf 82' lang='lat' dir='ltr'>vicit,</span> <span class='ocrx_word' id='word_1_251' title='bbox 1050 2146 1093 2180; x_wconf 91' lang='lat' dir='ltr'>et</span> <span class='ocrx_word' id='word_1_252' title='bbox 1115 2135 1323 2195; x_wconf 87' lang='lat' dir='ltr'>processit</span> <span class='ocrx_word' id='word_1_253' title='bbox 1343 2134 1416 2178; x_wconf 89' lang='lat' dir='ltr'>ille</span> <span class='ocrx_word' id='word_1_254' title='bbox 1453 2136 1624 2178; x_wconf 86' lang='lat' dir='ltr'>vinctus</span> <span class='ocrx_word' id='word_1_255' title='bbox 1651 2154 1660 2179; x_wconf 87' lang='grc'>;</span> <span class='ocrx_word' id='word_1_256' title='bbox 1698 2150 1784 2179; x_wconf 88' lang='lat' dir='ltr'>non</span> 
     </span>
     <span class='ocr_line' id='line_1_29' title="bbox 402 2204 1787 2265; baseline 0 -17"><span class='ocrx_word' id='word_1_257' title='bbox 402 2220 505 2264; x_wconf 76' lang='lat' dir='ltr'>ergo</span> <span class='ocrx_word' id='word_1_258' title='bbox 527 2204 711 2264; x_wconf 86' lang='lat' dir='ltr'>pedibus</span> <span class='ocrx_word' id='word_1_259' title='bbox 732 2206 930 2265; x_wconf 85' lang='lat' dir='ltr'>propriis,</span> <span class='ocrx_word' id='word_1_260' title='bbox 956 2205 1031 2250; x_wconf 86' lang='lat' dir='ltr'>sed</span> <span class='ocrx_word' id='word_1_261' title='bbox 1046 2207 1207 2250; x_wconf 87' lang='lat' dir='ltr'>virtute</span> <span class='ocrx_word' id='word_1_262' title='bbox 1228 2205 1523 2265; x_wconf 86' lang='lat' dir='ltr'>producentis.</span> <span class='ocrx_word' id='word_1_263' title='bbox 1554 2207 1624 2249; x_wconf 84' lang='lat' dir='ltr'>Fit</span> <span class='ocrx_word' id='word_1_264' title='bbox 1643 2205 1787 2249; x_wconf 87' lang='lat' dir='ltr'>hocin</span> 
     </span>
     <span class='ocr_line' id='line_1_30' title="bbox 403 2275 1789 2335; baseline 0.001 -17"><span class='ocrx_word' id='word_1_265' title='bbox 403 2275 533 2319; x_wconf 87' lang='lat' dir='ltr'>corde</span> <span class='ocrx_word' id='word_1_266' title='bbox 556 2276 808 2334; x_wconf 86' lang='lat' dir='ltr'>poenitentis</span> <span class='ocrx_word' id='word_1_267' title='bbox 831 2295 839 2320; x_wconf 90' lang='lat'><strong>:</strong></span> <span class='ocrx_word' id='word_1_268' title='bbox 865 2291 963 2320; x_wconf 90' lang='lat' dir='ltr'>cum</span> <span class='ocrx_word' id='word_1_269' title='bbox 988 2276 1110 2320; x_wconf 82' lang='lat' dir='ltr'>audis</span> <span class='ocrx_word' id='word_1_270' title='bbox 1146 2277 1364 2320; x_wconf 86' lang='lat' dir='ltr'>hominem</span> <span class='ocrx_word' id='word_1_271' title='bbox 1392 2276 1606 2334; x_wconf 82' lang='lat' dir='ltr'>poenitere</span> <span class='ocrx_word' id='word_1_272' title='bbox 1635 2291 1789 2335; x_wconf 86' lang='lat' dir='ltr'>pecca-</span> 
     </span>
     <span class='ocr_line' id='line_1_31' title="bbox 406 2345 1787 2406; baseline -0.001 -16"><span class='ocrx_word' id='word_1_273' title='bbox 406 2355 549 2390; x_wconf 83' lang='lat' dir='ltr'>torum</span> <span class='ocrx_word' id='word_1_274' title='bbox 572 2361 748 2390; x_wconf 86' lang='lat' dir='ltr'>suorum</span> <span class='ocrx_word' id='word_1_275' title='bbox 765 2381 775 2400; x_wconf 96' lang='lat'>,</span> <span class='ocrx_word' id='word_1_276' title='bbox 796 2347 885 2406; x_wconf 87' lang='lat' dir='ltr'>jam</span> <span class='ocrx_word' id='word_1_277' title='bbox 914 2347 1066 2390; x_wconf 72' lang='lat' dir='ltr'>revixit</span> <span class='ocrx_word' id='word_1_278' title='bbox 1090 2366 1099 2391; x_wconf 78' lang='grc' dir='ltr'>ι</span> <span class='ocrx_word' id='word_1_279' title='bbox 1131 2361 1231 2390; x_wconf 90' lang='lat' dir='ltr'>eum</span> <span class='ocrx_word' id='word_1_280' title='bbox 1254 2345 1376 2389; x_wconf 81' lang='lat' dir='ltr'>audis</span> <span class='ocrx_word' id='word_1_281' title='bbox 1405 2346 1627 2392; x_wconf 87' lang='lat' dir='ltr'>hominem</span> <span class='ocrx_word' id='word_1_282' title='bbox 1650 2347 1787 2390; x_wconf 85' lang='lat' dir='ltr'>confi-</span> 
     </span>
     <span class='ocr_line' id='line_1_32' title="bbox 404 2414 1785 2477; baseline 0 -18"><span class='ocrx_word' id='word_1_283' title='bbox 404 2415 537 2460; x_wconf 90' lang='lat' dir='ltr'>tendo</span> <span class='ocrx_word' id='word_1_284' title='bbox 557 2415 751 2475; x_wconf 70' lang='lat' dir='ltr'>prolerre</span> <span class='ocrx_word' id='word_1_285' title='bbox 769 2416 1090 2471; x_wconf 81' lang='lat' dir='ltr'>conscientiam,</span> <span class='ocrx_word' id='word_1_286' title='bbox 1103 2418 1194 2477; x_wconf 84' lang='lat' dir='ltr'>jam</span> <span class='ocrx_word' id='word_1_287' title='bbox 1211 2416 1265 2459; x_wconf 84' lang='lat' dir='ltr'>de</span> <span class='ocrx_word' id='word_1_288' title='bbox 1284 2414 1481 2474; x_wconf 88' lang='lat' dir='ltr'>sepulcro</span> <span class='ocrx_word' id='word_1_289' title='bbox 1503 2415 1685 2460; x_wconf 77' lang='lat' dir='ltr'>eductus</span> <span class='ocrx_word' id='word_1_290' title='bbox 1706 2426 1785 2469; x_wconf 82' lang='lat' dir='ltr'>est,</span> 
     </span>
     <span class='ocr_line' id='line_1_33' title="bbox 404 2485 1789 2546; baseline 0.001 -17"><span class='ocrx_word' id='word_1_291' title='bbox 404 2486 478 2529; x_wconf 88' lang='lat' dir='ltr'>sed</span> <span class='ocrx_word' id='word_1_292' title='bbox 501 2485 698 2529; x_wconf 89' lang='lat' dir='ltr'>nondum</span> <span class='ocrx_word' id='word_1_293' title='bbox 718 2485 884 2530; x_wconf 85' lang='lat' dir='ltr'>solutus</span> <span class='ocrx_word' id='word_1_294' title='bbox 906 2495 984 2530; x_wconf 87' lang='lat' dir='ltr'>est.</span> <span class='ocrx_word' id='word_1_295' title='bbox 1018 2485 1200 2540; x_wconf 83' lang='lat' dir='ltr'>Quando</span> <span class='ocrx_word' id='word_1_296' title='bbox 1228 2485 1409 2530; x_wconf 89' lang='lat' dir='ltr'>solvitur</span> <span class='ocrx_word' id='word_1_297' title='bbox 1419 2491 1436 2528; x_wconf 70' lang='grc' dir='ltr'><strong>ἵ</strong></span> <span class='ocrx_word' id='word_1_298' title='bbox 1453 2490 1490 2530; x_wconf 81' lang='grc' dir='ltr'><strong>Α</strong></span> <span class='ocrx_word' id='word_1_299' title='bbox 1512 2487 1671 2546; x_wconf 82' lang='lat' dir='ltr'>quibus</span> <span class='ocrx_word' id='word_1_300' title='bbox 1695 2486 1789 2531; x_wconf 84' lang='lat' dir='ltr'>sol-</span> 
     </span>
    </p>
   </div>
   <div class='ocr_carea' id='block_1_3' title="bbox 453 2569 1525 2612">
    <p class='ocr_par' dir='ltr' id='par_1_4' title="bbox 453 2569 1525 2612">
     <span class='ocr_line' id='line_1_34' title="bbox 453 2569 1525 2612; baseline 0.002 -11"><span class='ocrx_word' id='word_1_301' title='bbox 453 2577 461 2592; x_wconf 89' lang='lat'>¹</span> <span class='ocrx_word' id='word_1_302' title='bbox 483 2570 580 2602; x_wconf 86' lang='lat' dir='ltr'>Eccli.</span> <span class='ocrx_word' id='word_1_303' title='bbox 597 2580 642 2611; x_wconf 87' lang='lat' dir='ltr'>v1,</span> <span class='ocrx_word' id='word_1_304' title='bbox 658 2570 770 2611; x_wconf 58' lang='lat'>24-32.</span> <span class='ocrx_word' id='word_1_305' title='bbox 791 2588 832 2593; x_wconf 90' lang='lat'><em>-</em></span> <span class='ocrx_word' id='word_1_306' title='bbox 852 2578 865 2593; x_wconf 72' lang='lat'><strong>²</strong></span> <span class='ocrx_word' id='word_1_307' title='bbox 885 2570 963 2603; x_wconf 74' lang='lat' dir='ltr'>Psal.</span> <span class='ocrx_word' id='word_1_308' title='bbox 981 2582 1049 2611; x_wconf 81' lang='lat' dir='ltr'>cxv,</span> <span class='ocrx_word' id='word_1_309' title='bbox 1072 2571 1124 2609; x_wconf 81' lang='lat'>16,</span> <span class='ocrx_word' id='word_1_310' title='bbox 1147 2581 1197 2612; x_wconf 89' lang='lat'>¹7-</span> <span class='ocrx_word' id='word_1_311' title='bbox 1219 2587 1261 2593; x_wconf 92' lang='lat'><strong>—</strong></span> <span class='ocrx_word' id='word_1_312' title='bbox 1288 2569 1301 2592; x_wconf 82' lang='lat'>3</span> <span class='ocrx_word' id='word_1_313' title='bbox 1325 2573 1419 2602; x_wconf 76' lang='lat' dir='ltr'>Joan.</span> <span class='ocrx_word' id='word_1_314' title='bbox 1436 2581 1525 2603; x_wconf 76' lang='lat' dir='ltr'>xmv.</span> 
     </span>
    </p>
   </div>
  </div>
 </body>
</html>
