1848 3261
395 245 479 286 284
817 258 852 286 s.
886 256 1117 285 mausum
1148 254 1330 283 Emscom

391 320 699 381 aequalitatem.
736 322 877 374 Quam
910 320 1038 380 longe
1074 321 1270 365 eramus?
1301 333 1432 380 quam
1461 318 1535 363 ille
1569 333 1740 363 sursum
1761 327 1777 371 ‚⁴

391 406 524 453 quam
560 407 638 436 nos
662 391 896 436 deorsum?
917 407 1050 452 quam
1077 390 1151 436 ille
1173 391 1220 435 in
1241 406 1410 436 summo
1425 426 1436 446 ‚
1472 405 1605 452 quam
1632 404 1710 434 nos
1729 389 1777 433 in

390 463 478 507 imo
500 461 713 522 desperati
725 461 1006 522 jacebamus?
1029 462 1129 507 Sine
1147 462 1445 521 expectatione
1469 460 1616 505 salutis
1636 474 1776 518 aegro-

388 532 587 578 tabamus
612 551 620 576 :
642 532 794 575 missus
813 540 876 575 est
896 531 1088 577 medicus
1106 567 1117 588 ,
1142 547 1276 593 quem
1297 546 1388 576 uon
1407 531 1613 590 cognovit
1634 545 1776 589 aegro-

388 611 473 648 tus.
503 621 524 645 ‹<
551 602 590 646 Si
615 601 731 645 enim
764 602 1089 661 cognovissent,
1115 618 1344 663 nunquam
1366 602 1603 646 Dominum
1625 600 1775 659 gloriae

390 692 411 716 »
447 672 799 718 crucifixissent¹.
827 691 847 713 »
869 671 955 717 Sed
972 675 1053 717 hoc
1075 689 1251 734 quoque
1275 673 1415 718 valuit
1429 671 1484 717 ad
1506 672 1658 732 aegroti
1684 685 1776 714 me-

387 742 683 788 dicamentum
701 778 712 798 ,
745 741 867 803 quod
890 742 1109 787 medicum
1141 744 1299 788 occidit
1326 751 1512 802 aegrotus
1539 762 1546 786 :
1576 741 1696 786 venit
1726 749 1778 784 ut

387 814 602 868 visitaret,
629 814 797 858 occisus
815 823 878 858 est
899 823 949 858 ut
971 823 1156 858 sanaret.
1184 814 1425 858 Insinuavit
1441 828 1484 857 se
1499 810 1776 856 credentibus

387 886 526 928 Deum
549 892 592 927 ct
612 883 860 941 hominem3
880 886 1019 927 Deum
1042 899 1119 943 per
1141 898 1274 943 quem
1298 883 1402 927 facti
1435 897 1606 935 sumus,
1630 879 1776 925 homi-

386 969 487 998 nem
509 969 586 1013 per
607 969 739 1014 quem
769 954 949 998 recreati
977 969 1141 998 sumus.
1179 953 1312 997 Aliud
1338 953 1384 997 in
1411 951 1487 996 illo
1513 950 1772 1011 apparebat,

388 1024 506 1068 aliud
533 1024 696 1068 latebat
718 1045 727 1081 3
753 1034 796 1069 et
826 1024 946 1085 quod
976 1024 1141 1068 latebat
1158 1059 1168 1079 ‚
1205 1023 1346 1068 multo
1380 1032 1472 1066 erat
1500 1021 1776 1082 praestantius

387 1110 520 1154 quam
553 1094 598 1138 id
631 1095 752 1155 quod
789 1094 1027 1154 apparebat
1066 1114 1074 1138 :
1105 1093 1180 1138 sed
1210 1092 1331 1154 quod
1359 1102 1450 1138 erat
1474 1092 1772 1153 praestantius,

385 1164 521 1209 videri
550 1181 638 1210 nou
672 1175 856 1225 poterat.
885 1166 1133 1223 Curabatur
1165 1180 1280 1224 aeger
1313 1180 1391 1225 per
1421 1163 1468 1208 id
1497 1163 1620 1224 quod
1641 1162 1777 1208 videri

385 1245 553 1295 poterat
571 1257 581 1293 3
603 1246 652 1280 ut
674 1245 822 1296 postea
846 1252 979 1296 capax
1000 1229 1124 1280 fieret
1145 1236 1318 1279 visionis
1341 1237 1432 1295 ejus
1450 1270 1459 1289 ‚
1484 1250 1585 1295 quae
1598 1233 1776 1278 latendo

385 1306 538 1351 differe
545 1306 782 1362 Laturmon
794 1306 994 1365 negando
1006 1306 1471 1351 auferebatur.L'nicus
1482 1306 1631 1365 itaque
1640 1304 1777 1349 Filius

384 1377 457 1420 Dei
478 1386 687 1421 venturus
706 1377 761 1421 ad
786 1377 982 1421 homines
1003 1411 1014 1431 ,
1036 1386 1335 1436 assumpturus
1357 1376 1581 1420 hominem
1600 1410 1610 1430 ‚
1636 1384 1679 1419 et
1700 1390 1777 1435 per

385 1446 432 1491 id
454 1446 574 1508 quod
591 1448 776 1507 sumpsit
797 1446 971 1491 futurus
986 1448 1136 1502 homo,
1154 1447 1392 1492 moriturus
1409 1482 1419 1502 ‚
1441 1455 1773 1500 resurrecturus,

386 1533 639 1562 ascensurus
674 1518 720 1561 iu
750 1518 938 1572 coelum,
980 1533 1172 1562 sessurus
1201 1516 1256 1562 ad
1288 1518 1507 1561 dexteram
1533 1517 1696 1572 Patris,
1734 1526 1777 1561 et

385 1587 642 1647 impleturus
665 1588 710 1631 in
728 1588 929 1646 gentibus
952 1604 1051 1648 quae
1063 1588 1284 1647 promisit,
1305 1596 1460 1647 etpost
1478 1587 1776 1647 impletionem

385 1657 697 1718 promissorum
726 1673 907 1702 suorum
929 1658 976 1701 in
1008 1658 1210 1716 gentibus
1240 1658 1369 1702 etiam
1405 1658 1489 1702 hoc
1519 1656 1776 1716 impleturus

384 1738 434 1772 ut
456 1728 630 1782 veniat,
657 1738 699 1771 et
721 1727 842 1787 quod
862 1729 1123 1787 praerogavit
1147 1729 1314 1785 exigat,
1340 1729 1556 1773 discernat
1578 1743 1678 1773 vasa
1699 1728 1774 1772 irae

386 1814 409 1842 a
431 1799 540 1842 vasis
577 1797 882 1842 misericordiae
903 1833 914 1853 ‚
947 1797 1101 1842 reddat
1133 1799 1275 1857 impiis
1297 1798 1417 1859 quod
1449 1799 1638 1843 minatus
1669 1808 1733 1843 est
1760 1834 1771 1853 ,

384 1869 507 1928 justis
529 1867 650 1928 quod
670 1867 888 1928 pollicitus
906 1877 969 1912 est
990 1885 998 1909 ε
1025 1868 1110 1913 hoc
1132 1883 1234 1926 ergo
1254 1878 1397 1913 totum
1419 1868 1772 1929 prophetandum

385 1938 496 1993 fuit,
529 1939 917 1998 praenuntiandum
952 1937 1060 1994 fuit,
1093 1948 1328 1984 venturum
1371 1939 1773 1985 commendandum

385 2008 468 2053 fuit
486 2031 496 2066 3
521 2019 570 2053 ut
591 2025 681 2053 non
703 2010 848 2054 subito
864 2009 1042 2053 veniens
1064 2010 1314 2054 horreretur
1329 2045 1339 2064 ‚
1370 2010 1446 2053 sed
1467 2009 1681 2054 creditum
1701 2025 1774 2053 ex-

385 2089 645 2140 pectaretur.
671 2082 735 2123 Ex
762 2080 829 2123 his
859 2079 1216 2139 promissionibus
1243 2089 1305 2124 est
1334 2079 1530 2124 Psalmus
1560 2081 1660 2136 iste,
1684 2084 1773 2125 Do-

385 2151 553 2194 minum
567 2159 609 2194 et
622 2149 877 2194 salvatorem
898 2159 1096 2194 nostrum
1111 2152 1135 2193 J
1139 2165 1256 2193 esum
1279 2150 1503 2194 Christum
1515 2160 1630 2195 certe
1645 2166 1772 2211 aper-

385 2230 515 2281 teque
551 2221 815 2280 prophetans
840 2242 850 2278 3
888 2231 937 2265 ut
973 2221 1150 2265 omnino
1190 2220 1392 2265 dubitare
1434 2237 1525 2265 non
1561 2222 1771 2281 possimus

385 2291 606 2336 Christum
629 2291 877 2334 annuntiari
899 2290 1070 2335 Psalmo
1091 2292 1175 2335 hoc
1203 2310 1211 2335 :
1233 2290 1593 2352 quandoquidem
1630 2292 1773 2336 Chris-

385 2361 490 2405 tiani
518 2376 688 2410 sumus,
726 2370 769 2405 et
789 2360 1025 2420 Evangelio
1042 2362 1133 2421 jam
1162 2359 1390 2405 credimus.
1423 2364 1532 2406 Nam
1561 2362 1771 2421 cumipse

385 2431 595 2475 Dominus
612 2440 756 2476 noster
778 2442 820 2475 et
844 2431 1029 2476 salvator
1048 2434 1171 2476 Jesus
1192 2432 1388 2477 Christus
1411 2441 1627 2492 quaereret
1647 2448 1670 2476 a
1693 2435 1772 2476 Ju-

387 2500 489 2546 daeis
506 2537 515 2555 ‚
542 2503 664 2562 cujus
686 2501 825 2548 filium
845 2502 1038 2548 dicerent
1067 2518 1155 2547 esse
1177 2503 1424 2558 Christum,
1451 2513 1495 2548 et
1522 2501 1769 2561 respondis-

436 2593 443 2608 ¹
465 2597 477 2618 1
501 2588 571 2619 Cor.
588 2597 623 2628 11,
639 2589 670 2619 8.
