1848 3261
387 211 471 253 400
816 222 850 252 s.
885 223 1115 254 AUGUSTINI
1146 226 1327 256 131215001’1

386 307 406 330 »
442 303 512 343 es,
539 288 747 344 Domine,
783 288 890 334 doce
920 306 1017 347 me,
1054 291 1218 350 inquit,
1251 293 1580 352 justificationes
1601 303 1710 337 tuas,
1739 311 1761 335 »

383 358 489 410 Quia
522 359 638 403 enim
673 359 720 403 in
744 360 874 405 corde
912 377 1009 406 meo
1042 361 1251 405 abscondi
1280 362 1453 423 eloquia
1476 373 1550 408 tua
1570 399 1581 419 ‚
1607 373 1657 408 ut
1675 379 1765 408 non

382 444 557 487 peccem
580 430 673 486 tibi,
695 430 836 489 legem
860 430 1042 489 dedisti3
1072 432 1126 475 da
1145 432 1275 476 etiam
1296 433 1645 478 benedictionem
1667 449 1764 492 gra—

385 499 468 556 tiae,
483 509 533 544 ut
550 499 748 545 faciendo
770 500 931 545 discam
948 502 1069 561 quod
1092 502 1334 547 intimando
1351 504 1527 563 jussisti.
1541 508 1644 549 Haec
1665 505 1766 549 satis

373 564 486 627 sint,
523 580 573 614 ut
598 580 753 615 vestrae
782 580 948 615 mentes
981 573 1072 617 sine
1109 571 1283 618 fastidio
1314 575 1565 619 nutriantur
1590 594 1600 620 ε
1631 575 1765 619 alium

382 642 634 686 Sermonem
652 640 899 686 desiderant
916 657 1015 702 quae
1032 653 1292 703 sequuntur.

907 932 1123 974 SERMO
1154 934 1232 973 VI.

437 1076 472 1118 Ι.
501 1076 681 1118 Inurum
705 1075 922 1120 Sermonis
943 1075 1074 1134 hujus
1094 1083 1158 1119 est
1174 1073 1299 1119 nobis
1320 1074 1367 1118 in
1389 1073 1575 1129 Psalmo,
1602 1073 1657 1118 de
1677 1091 1766 1135 quo

378 1144 647 1204 disputamus
667 1180 678 1200 ,
703 1146 773 1190 hic
797 1161 943 1190 versus
958 1180 968 1200 ‚
989 1164 1008 1187 ‹<
1029 1149 1079 1189 In
1096 1145 1220 1189 labiis
1245 1145 1351 1188 meis
1368 1145 1590 1189 enuntiavi
1622 1147 1766 1190 omnia

380 1235 399 1256 »
429 1214 594 1274 judicia
613 1216 696 1260 oris
718 1216 782 1259 tui
800 1219 828 1259 1.
854 1234 874 1257 ³>
901 1215 1015 1269 Quid
1039 1224 1102 1260 est
1122 1217 1206 1260 hoc
1225 1251 1235 1269 ,
1256 1215 1518 1260 dilectissimi
1537 1218 1554 1258 Ξ)
1575 1215 1682 1275 quid
1703 1225 1767 1260 est

376 1286 489 1329 hoc?
508 1285 614 1336 Quis
636 1286 781 1330 omnia
796 1286 958 1344 judicia
978 1287 1056 1330 Dei
1079 1286 1306 1330 enuntiare
1327 1286 1475 1345 possit,
1499 1301 1598 1329 cum
1621 1286 1764 1329 inves-

378 1356 510 1414 tigare
534 1372 623 1400 non
644 1356 810 1416 possit?
846 1359 914 1400 An
933 1372 1036 1400 vero
1060 1371 1160 1400 cum
1184 1356 1394 1415 Apostolo
1418 1355 1657 1399 exclamare
1679 1356 1765 1400 du-

375 1425 562 1471 bitamus
584 1462 595 1481 ,
627 1445 645 1467 «
676 1428 713 1470 O
744 1425 930 1469 altitudo
960 1426 1208 1469 divitiarum
1245 1425 1467 1484 sapientiae
1501 1435 1543 1469 et
1575 1426 1765 1470 scientiae

377 1516 397 1538 »
432 1497 510 1540 Dei
525 1532 536 1552 ,
558 1512 690 1556 quam
713 1496 1010 1540 inscrutabilia
1034 1506 1134 1540 sunt
1146 1495 1311 1556 judicia
1334 1497 1424 1555 ejus
1440 1532 1450 1551 ‚
1472 1505 1515 1540 et
1538 1496 1765 1556 investiga-

377 1584 398 1607 »
432 1566 542 1610 biles
564 1566 646 1611 viae
669 1568 821 1625 ejus2?
844 1585 863 1607 ³>
890 1567 1102 1611 Dominus
1124 1566 1229 1610 dicit
1255 1586 1262 1610 :
1294 1586 1314 1608 ‹<
1344 1566 1502 1610 Adhuc
1523 1567 1662 1611 multa
1683 1569 1765 1612 ha-

378 1656 398 1679 »
433 1637 516 1682 beo
539 1637 661 1682 vobis
684 1637 826 1681 dicere
841 1673 851 1692 ,
876 1637 951 1682 sed
974 1654 1063 1682 non
1080 1638 1257 1697 potestis
1274 1648 1446 1697 portare
1464 1640 1595 1683 modo
1609 1641 1640 1682 3.
1668 1658 1688 1680 »
1708 1642 1765 1683 Et

374 1708 571 1766 quamvis
591 1707 800 1751 continuo
817 1708 1060 1766 promiserit
1073 1708 1132 1751 eis
1144 1723 1318 1751 omnem
1330 1709 1556 1751 veritatem
1577 1724 1656 1767 per
1676 1709 1765 1767 Spi-

375 1778 507 1822 ritum
530 1787 756 1835 sanctum3
780 1777 938 1821 clamat
960 1787 1106 1821 tamen
1126 1778 1279 1821 beatus
1301 1777 1461 1821 Paulus
1479 1813 1489 1832 ,
1513 1798 1532 1819 «
1558 1781 1621 1821 Ex
1643 1788 1765 1837 parte

378 1868 398 1890 »
433 1850 618 1907 scimus3
640 1868 660 1890 n
686 1858 736 1893 ut
758 1849 1051 1912 intelligamus
1071 1849 1235 1907 Spiritu
1254 1848 1431 1906 quidem
1450 1859 1620 1905 sancto,
1647 1850 1765 1894 unde

375 1920 531 1980 pignus
549 1921 791 1980 accepimus
806 1956 816 1975 ‚
836 1920 1018 1979 perduci
1040 1936 1118 1964 nos
1136 1921 1191 1963 ad
1209 1935 1385 1964 omnem
1405 1921 1632 1965 veritatem
1654 1942 1664 1978 3
1689 1923 1765 1965 sed

376 2006 476 2035 curn
505 1991 550 2035 in
570 1990 697 2035 aliam
717 1991 850 2035 vitam
870 2026 880 2046 ‚
905 1999 1004 2050 post
1025 1991 1155 2050 hujus
1173 1990 1272 2034 vitae
1301 1989 1527 2049 speculum
1560 2001 1604 2036 et
1625 1991 1764 2050 aenig-

376 2077 471 2116 ma,
505 2062 776 2117 venerimus,
809 2071 852 2105 et
888 2060 996 2106 facie
1037 2061 1093 2105 ad
1125 2060 1279 2105 faciem
1320 2059 1556 2105 viderimus
1575 2062 1606 2105 4.
1643 2064 1765 2114 Quo-

377 2133 509 2178 modo
544 2148 646 2191 ergo
673 2133 752 2176 iste
784 2132 889 2175 dicit
923 2151 930 2176 :
965 2151 983 2173 «
1010 2134 1061 2175 In
1087 2130 1214 2175 labiis
1245 2131 1350 2174 meis
1374 2131 1598 2176 enuntiavi
1619 2132 1763 2176 omnia

379 2223 399 2245 »
430 2203 594 2264 judicia
617 2203 700 2247 oris
722 2202 818 2247 tui?
838 2220 858 2244 »
879 2205 935 2246 Et
951 2202 1025 2246 ille
1048 2203 1131 2246 hoc
1151 2201 1256 2246 dicit
1271 2237 1281 2256 ,
1308 2203 1384 2262 qui
1407 2202 1538 2261 paulo
1560 2212 1660 2246 ante
1687 2219 1762 2247 su-

378 2276 544 2335 periore
565 2290 691 2320 versu
712 2275 908 2334 proximo
931 2274 1096 2318 dixerat
1119 2293 1129 2319 2
1159 2292 1179 2315 «
1201 2276 1316 2318 Doce
1339 2289 1408 2317 me
1431 2275 1762 2334 justificationes

381 2365 401 2387 »
436 2356 545 2390 tuas.
569 2364 589 2387 »
613 2349 707 2398 Quo
734 2354 861 2404 pacto
894 2345 1024 2403 igitur
1045 2343 1286 2388 enuntiavit
1315 2344 1459 2401 onmia
1482 2343 1644 2403 judicia
1678 2345 1762 2389 oris

379 2419 484 2477 ejus,
510 2416 586 2477 qui
605 2415 701 2461 vult
722 2414 864 2459 adhuc
887 2416 1050 2460 discere
1064 2414 1393 2475 justificationes
1416 2415 1537 2473 ejus?
1555 2418 1623 2457 An
1642 2414 1762 2474 judi-

426 2519 436 2535 ¹
460 2512 541 2544 Psal.
561 2523 669 2554 cxvm,
686 2510 737 2544 13.
756 2528 796 2534 --
817 2517 830 2533 ²
849 2513 939 2543 Rom.
965 2522 1018 2553 n,
1040 2510 1093 2543 33.
1119 2526 1157 2532 —
1174 2508 1187 2533 3
1205 2511 1296 2541 Joan.
1319 2519 1385 2550 xm,
1411 2517 1462 2550 12,
1487 2509 1537 2541 13.
1555 2526 1597 2531 —
1613 2508 1630 2539 4
1649 2520 1661 2542 1
1687 2511 1760 2542 Cor.

379 2579 450 2610 xm,
470 2579 491 2610 9
509 2575 541 2603 et
561 2576 612 2601 12.
