1848 3261
226 253 467 282 ENARRATIO
500 256 551 281 111
584 255 630 281 m
661 251 864 281 PSALMUM
895 253 996 289 cm,
1029 250 1168 278 SERMO
1201 253 1266 278 111.
1349 238 1432 279 143

55 337 74 360 n
108 317 344 376 Evangelio
375 318 538 361 vivant.
567 337 588 359 »
622 318 739 363 Misit
772 315 1075 376 praedicatores
1098 350 1110 370 ,
1150 324 1194 358 et
1226 315 1286 359 ait
1317 314 1431 359 illis:

55 408 75 431 «
109 388 264 432 Omnia
293 403 393 448 quae
428 388 482 431 ab
511 388 613 447 ipsis
647 395 927 447 apponuntur
959 385 1110 440 vobis,
1139 384 1433 430 manducate:

54 476 75 499 »
110 457 267 516 dignus
289 467 353 501 est
373 457 490 501 enim
512 457 732 518 operarius
760 454 959 500 mercede
989 456 1106 499 sua1.
1134 472 1154 495 »
1177 455 1290 499 Cum
1319 454 1438 498 enim

53 527 224 571 dixisset
245 547 254 572 z
283 530 426 580 «Quae
452 537 734 587 apponuntur
751 526 897 581 vobis,
928 524 1190 569 manducate
1211 543 1220 568 ;
1248 542 1269 565 »
1291 539 1346 567 ne
1375 522 1441 567 illi

54 598 249 641 dicerent
270 616 279 641 :
302 597 496 656 Improbi
523 597 681 641 erimus
709 596 766 641 ad
798 611 966 640 mensas
989 594 1148 639 alienas
1163 630 1174 649 ,
1200 609 1302 638 cum
1324 593 1442 636 indi-

55 667 250 724 gebimus
267 701 278 721 ,
297 667 361 710 vis
383 682 462 711 nos
483 667 542 711 ita
564 682 654 711 esse
675 665 924 711 frontosos?
944 667 1060 721 Non,
1084 664 1244 724 inquit,
1270 679 1361 707 non
1377 671 1443 707 est

54 737 127 782 illa
146 737 323 782 donatio
343 753 494 781 eorum
512 773 522 793 ,
548 737 624 782 sed
646 747 787 782 vestra
807 752 986 780 merces.
1010 737 1144 796 Cujus
1166 735 1228 779 rei
1248 736 1444 779 merces?

57 807 171 860 Quid
185 806 323 851 dant?
339 807 447 868 quid
469 808 719 867 accipiunt?
740 811 855 852 Dant
875 807 1098 867 spiritalia,
1119 806 1339 866 accipiunt
1355 820 1445 849 car-

57 876 172 922 nalia
196 896 205 922 2
230 876 339 921 dant
361 893 539 933 aurum,
559 879 779 937 accipiunt
796 877 984 922 foenum.
1004 876 1185 921 «Omnis
1207 876 1325 920 enim
1346 890 1446 919 caro

62 965 82 987 »
117 945 288 991 foenum
305 982 317 1003 ,
342 956 385 990 et
405 946 576 991 claritas
595 948 735 991 carnis
753 957 803 992 ut
822 948 902 993 ssos
925 946 1032 991 foeni
1045 951 1078 990 ².
1109 967 1127 987 »
1153 946 1311 990 Omnia
1332 954 1448 989 tem-

59 1016 222 1076 poralia
239 1033 340 1077 quae
362 1016 442 1060 tibi
458 1018 734 1077 superfluunt
750 1027 792 1062 et
809 1017 1074 1072 redundant,
1092 1015 1262 1060 foenum
1278 1016 1449 1075 jumen-

61 1097 207 1132 torum
236 1097 314 1132 est.
338 1090 517 1141 Quare?
539 1089 647 1141 Quia
676 1087 864 1133 carnalia
891 1097 1007 1132 sunt.
1033 1086 1150 1132 Audi
1167 1099 1356 1146 quorum
1374 1086 1450 1145 ju-

63 1168 312 1203 mentorum
335 1159 388 1203 sit
413 1158 600 1203 foenum.
633 1178 654 1202 «
675 1160 718 1204 Si
740 1175 819 1208 nos
846 1159 968 1203 vobis
991 1157 1197 1217 spiritalia
1222 1156 1452 1201 seminavi-

67 1249 85 1270 »
120 1244 243 1284 mus,
267 1244 477 1287 magnum
500 1239 564 1273 est
588 1230 622 1273 si
651 1229 839 1274 carnali-'a
870 1239 1011 1274 vestra
1042 1230 1289 1272 metamus?
1314 1247 1334 1269 »
1358 1229 1453 1272 Hoc

65 1298 297 1358 Apostolus
315 1297 438 1353 dixit,
463 1298 559 1343 talis
576 1300 858 1344 annuntiator
874 1309 963 1344 tam
985 1298 1241 1353 laboriosus,
1264 1307 1350 1341 tam
1370 1297 1455 1341 im-

66 1369 208 1428 piger,
228 1377 319 1413 tam
341 1370 597 1413 exercitatus
613 1405 624 1425 ,
661 1379 712 1414 ut
738 1370 881 1429 ipsum
907 1369 1081 1414 foenum
1104 1368 1288 1414 donaret
1309 1377 1451 1412 terrae.

70 1458 90 1481 «
125 1441 216 1496 Ego
235 1474 246 1494 ,
269 1439 414 1499 inquit
431 1475 442 1494 ,
470 1439 634 1483 nullius
659 1441 819 1484 horum
839 1454 942 1484 usus
968 1454 1081 1483 sum.
1106 1458 1125 1480 »
1155 1438 1358 1482 Ostendit
1374 1437 1457 1482 sibi

67 1509 243 1565 deberi,
263 1519 306 1553 et
322 1526 411 1554 non
434 1510 600 1569 accepit
623 1529 633 1554 :
659 1526 740 1555 nec
762 1510 1072 1554 condemnavit
1087 1525 1159 1553 eos
1181 1509 1258 1569 qui
1275 1523 1457 1568 accepe-

68 1590 172 1624 runt
193 1581 316 1640 quod
338 1580 594 1624 debebatur.
607 1581 942 1626 Condemnandi
959 1581 1076 1625 enim
1094 1589 1218 1624 erant
1238 1580 1459 1639 exigentes

68 1650 262 1695 indebita
277 1686 290 1706 ,
309 1667 399 1695 non
422 1651 680 1710 accipientes
701 1652 947 1695 mercedem
969 1666 1091 1695 suam
1113 1669 1123 1695 ι
1148 1650 1222 1694 ille
1243 1659 1395 1694 tamen
1417 1658 1461 1694 et

70 1723 207 1782 ipsam
224 1721 469 1766 mercedem
491 1738 613 1766 suam
637 1722 830 1767 donavit.
850 1724 949 1768 Non
969 1723 1071 1782 quia
1093 1721 1200 1765 alius
1222 1721 1303 1765 tibi
1322 1721 1460 1765 dona-

69 1794 157 1847 vit,
189 1809 279 1837 non
313 1794 446 1837 debes
481 1794 633 1838 alteri:
666 1793 862 1854 alioquin
894 1809 984 1838 non
1017 1793 1098 1837 eris
1119 1793 1295 1852 irrigata
1317 1801 1458 1848 terra,

71 1881 172 1925 quae
192 1865 396 1924 producit
416 1863 587 1909 foenum
599 1866 824 1924 jumentis.
855 1884 875 1907 «
900 1868 962 1909 De
983 1863 1132 1909 fructu
1155 1879 1339 1924 operum
1359 1872 1462 1907 tuo-

76 1953 97 1975 »
131 1950 229 1978 rum
247 1970 258 1989 ,
283 1935 448 1994 inquit,
485 1935 710 1978 satiabitur
731 1944 845 1979 terra
870 1954 879 1979 :
918 1934 1165 1994 producens
1194 1933 1364 1979 foenum
1390 1934 1464 1993 ju-

77 2024 97 2047 »
131 2006 332 2049 mentis.»
351 2008 416 2048 Tu
438 2004 527 2049 noli
551 2020 640 2049 esse
657 2005 827 2060 sterilis,
844 2006 1013 2064 produc
1035 2004 1207 2049 foenum
1225 2004 1459 2065 jumentis:

75 2076 110 2120 si
131 2075 290 2119 nolunt
303 2076 502 2135 jumenta
534 2074 706 2120 foenum
736 2085 864 2119 tuum
882 2111 893 2130 ,
930 2091 1020 2120 non
1042 2085 1084 2119 te
1106 2067 1464 2120 tamen'sterilem

75 2145 316 2189 inveniant.
340 2146 509 2205 Accipis
532 2145 760 2205 spiritalia,
795 2144 929 2189 redde
950 2145 1140 2190 carnalia
1161 2166 1170 2190 :
1193 2145 1341 2189 debita
1363 2153 1467 2189 sunt

77 2215 235 2270 militi,
260 2215 387 2259 militi
409 2216 551 2260 reddis
571 2251 582 2271 ,
608 2215 887 2260 provincialis
904 2217 918 2241 ³
942 2215 1102 2260 Christi
1125 2231 1184 2260 es.
1215 2235 1235 2258 «
1260 2216 1361 2269 Quis
1382 2215 1465 2259 mi-

82 2304 103 2327 »
137 2284 236 2330 litat
268 2285 354 2329 suis
386 2286 608 2345 stipendiis
640 2287 866 2346 unquam?
887 2286 992 2340 Quis
1014 2286 1183 2346 plantat
1203 2287 1397 2341 vineam,
1423 2295 1466 2329 et

84 2374 105 2397 »
140 2354 194 2398 de
227 2355 375 2399 fructu
406 2357 496 2416 ejus
534 2372 623 2400 non
655 2355 779 2400 edit?
801 2357 904 2408 Quis
939 2357 1074 2416 pascit
1107 2371 1306 2415 gregem,
1341 2365 1383 2399 et
1410 2355 1466 2399 de

85 2445 105 2468 »
139 2425 250 2470 lacte
273 2427 363 2487 ejus
385 2442 476 2471 non
498 2427 707 2487 percipit?
729 2446 748 2468 »
774 2429 872 2472 Non
892 2427 991 2471 ideo
1021 2427 1145 2484 dico,
1180 2436 1230 2471 ut
1260 2428 1339 2471 ista
1359 2427 1468 2471 fiant

133 2529 141 2544 ¹
166 2524 243 2554 Luc.
263 2533 295 2563 x,
320 2533 351 2564 7,
370 2525 402 2555 8.
423 2539 463 2545 —
483 2529 496 2545 ²
515 2525 586 2556 lsai.
606 2535 658 2564 u,
679 2523 712 2556 6.
737 2540 778 2546 —
798 2522 811 2547 3
828 2524 930 2566 Super
957 2524 1019 2556 hoc
1037 2525 1164 2557 nomine
1180 2524 1255 2558 vide
1271 2526 1414 2558 Enarrat.
1434 2523 1467 2554 in

85 2578 166 2610 Psal.
186 2589 238 2620 xc,
257 2588 353 2612 serm.
370 2590 394 2620 1,
414 2590 445 2611 n.
467 2590 514 2611 10.
