1848 3261
404 196 647 231 Emanium
677 200 725 230 m
755 194 958 228 rsALMUM
989 199 1087 227 cxv.
1340 188 1425 229 363

45 288 64 311 »
99 267 227 314 dax1.
255 287 275 311 »
300 269 494 314 Extasim
517 282 723 329 pavorem
745 264 877 322 dicit,
908 280 1041 325 quem
1061 266 1427 312 comminantibus

40 339 420 398 persecutoribus,
452 347 497 383 et
527 335 882 398 impendentibus
918 334 1188 395 passionibus
1210 336 1427 381 cruciatus

40 417 116 452 aut
131 408 505 464 mortis‚humana
526 406 750 452 infirmitas
772 405 950 465 patitur,
962 406 1056 448 Hoc
1077 404 1194 447 enim
1214 403 1426 464 intelligi-

39 494 136 523 mus
151 514 163 535 ,
189 479 290 539 quia
308 481 354 523 in
380 479 462 524 isto
487 479 656 523 Psalmo
676 493 761 522 vox
778 479 1023 534 Martyrum
1039 484 1232 535 apparet.
1252 478 1362 521 Nam
1383 485 1428 521 et

40 550 125 595 alio
141 549 274 595 modo
294 551 452 595 dicitur
469 550 639 606 extasis,
655 564 755 593 cum
769 563 892 592 mens
914 563 1003 592 non
1019 562 1178 607 pavore
1195 546 1425 603 alienatur,

39 619 117 665 sed
138 621 283 681 aliqua
309 620 590 680 inspiratione
622 617 897 664 revelationis
928 617 1173 662 assumitur.
1199 619 1329 675 «Ego
1349 632 1429 662 au-

42 709 62 732 »
98 699 186 734 tem
211 691 298 735 dixi
322 692 368 735 in
390 691 521 735 extasi
547 706 643 734 mea
673 709 682 735 z
709 689 859 734 Omnis
882 689 1015 733 homo
1038 687 1239 732 mendax.
1264 705 1284 729 »
1308 689 1428 734 Con-

39 762 216 806 territus
241 762 357 806 enim
375 762 558 822 respexit
583 760 880 806 infirmitatem
902 775 1024 803 suam
1039 794 1050 814 ‚
1071 768 1114 803 et
1140 757 1250 804 vidit
1268 774 1358 803 non
1374 759 1430 803 de

40 847 84 876 se
105 831 187 876 sibi
208 846 297 876 esse
318 832 688 890 praesumendum.
715 833 940 884 Quantum
963 829 1079 873 enim
1102 828 1157 873 ad
1178 829 1320 889 ipsum
1346 830 1430 875 ho-

39 903 201 946 minem
221 902 411 962 pertinet
430 937 441 957 ‚
477 902 665 947 mendax
686 910 776 953 est;
800 899 874 945 sed
893 901 1028 958 gratia
1049 900 1128 944 Dei
1149 914 1279 944 verax
1295 899 1432 944 effec-

39 981 109 1016 tus
131 982 221 1028 est,
248 988 302 1016 ne
324 973 533 1032 pressuris
561 972 838 1017 inimicorum
871 970 1029 1015 cedens
1057 985 1148 1015 non
1174 969 1431 1030 loqueretur

40 1041 161 1102 quod
185 1041 428 1087 crediderat
447 1077 459 1098 ,
485 1041 561 1086 sed
591 1051 770 1101 negaret
790 1063 802 1100 3
828 1042 940 1086 sicut
960 1045 1089 1086 Petro
1112 1040 1268 1084 accidit
1283 1075 1294 1096 ,
1315 1055 1430 1100 quo-

40 1112 157 1156 niam
184 1111 240 1155 de
271 1127 315 1156 se
352 1121 710 1172 praesumpserat,
744 1121 788 1156 et
810 1110 1033 1156 docendus
1054 1119 1146 1155 erat
1170 1109 1225 1154 de
1252 1110 1429 1154 homine

40 1197 131 1227 non
152 1197 241 1226 esse
261 1182 698 1241 praesumendum&
718 1182 753 1225 si
773 1181 827 1226 de
847 1182 1025 1226 homine
1046 1197 1137 1226 non
1157 1181 1288 1225 debet
1308 1181 1429 1241 quis-

41 1269 126 1314 que
158 1268 440 1313 praesumere,
464 1253 632 1313 utique
654 1268 735 1297 nec
769 1253 824 1298 de
854 1269 898 1297 se
922 1253 1014 1312 ipso
1035 1273 1046 1310 3
1071 1253 1172 1312 quia
1194 1253 1325 1296 homo
1347 1261 1426 1297 est.

41 1327 158 1369 Bene
180 1340 282 1383 ergo
303 1325 382 1369 iste
417 1325 527 1369 vidit
548 1325 593 1368 in
615 1340 772 1384 pavore
800 1340 879 1369 suo
901 1339 1075 1369 omnem
1098 1323 1320 1367 hominem
1341 1338 1431 1368 esse

42 1394 298 1438 mendacem
324 1413 332 1438 :
371 1395 474 1454 quia
510 1403 553 1438 et
573 1393 637 1437 illi
662 1395 738 1454 qui
766 1393 889 1438 nullo
911 1409 1069 1454 pavore
1090 1403 1350 1449 vanescunt,
1376 1408 1431 1438 ne

41 1464 404 1525 persequentibus
421 1463 618 1511 cedendo
639 1465 922 1519 mentiantur,
947 1465 1201 1508 muneribus
1224 1465 1301 1508 Dei
1326 1463 1432 1509 tales

42 1544 170 1590 sunt,
207 1550 297 1579 non
330 1534 492 1579 viribus
523 1535 623 1578 suis.
666 1534 855 1579 Proinde
891 1535 1111 1579 verissime
1142 1535 1309 1579 dictum
1332 1544 1395 1578 est
1422 1554 1431 1579 :

47 1625 68 1649 «
103 1606 253 1650 Omnis
269 1607 401 1650 homo
421 1605 608 1650 mendax
632 1625 640 1651 :
664 1624 685 1647 »
706 1606 782 1650 sed
799 1609 912 1650 Deus
934 1621 1081 1662 verax,
1107 1607 1182 1666 qui
1204 1606 1263 1650 ait
1280 1625 1289 1651 :
1304 1608 1433 1664 «Ego

46 1695 67 1719 »
102 1677 192 1720 dixi
213 1696 221 1721 :
247 1677 314 1721 Dii
337 1677 434 1721 estis
449 1712 459 1732 ,
480 1686 523 1721 et
545 1676 623 1720 filii
644 1676 852 1722 Altissimi
874 1692 1023 1721 omnes
1038 1696 1047 1721 :
1062 1692 1138 1722 vos
1161 1686 1307 1721 autem
1324 1677 1435 1721 sicut

47 1765 67 1789 »
101 1746 300 1792 homines
323 1747 583 1802 moriemini,
610 1757 653 1792 et
677 1748 787 1793 sicut
810 1764 923 1792 unus
941 1763 992 1791 ex
1013 1748 1280 1808 principibus
1307 1747 1436 1792 cade-

47 1835 68 1859 »
103 1818 196 1861 tis2.
226 1835 245 1858 »
272 1816 532 1862 Consolatur
560 1818 774 1872 humiles,
803 1827 846 1862 et
878 1818 1030 1878 implet
1057 1834 1152 1874 eos,
1179 1834 1268 1863 non
1294 1817 1436 1863 solum

44 1887 132 1932 fide
169 1886 397 1932 credendae
412 1922 422 1942 ,
460 1886 537 1931 sed
560 1888 690 1932 etiam
711 1887 871 1932 fiducia
902 1887 1192 1948 praedicandae
1212 1889 1405 1934 veritatis
1420 1923 1432 1945 ,

45 1957 79 2002 si
99 1966 423 2017 perseveranter
447 1956 693 2002 subdantur
723 1962 840 2014 Deo,
874 1974 954 2003 nec
977 1959 1203 2004 imitentur
1223 1975 1362 2004 unum
1385 1975 1439 2003 ex

44 2028 311 2088 principibus
342 2028 566 2072 diabolum
583 2063 594 2083 ,
627 2029 702 2089 qui
724 2029 769 2073 in
804 2030 985 2074 veritate
1015 2045 1105 2074 non
1125 2031 1244 2074 stetit
1263 2065 1274 2086 ,
1299 2039 1341 2075 et
1363 2046 1437 2075 ce-

46 2097 167 2143 cidit.
187 2097 230 2142 Si
252 2098 367 2141 enim
391 2098 531 2142 omnis
552 2098 685 2143 homo
709 2098 910 2155 mendax,
935 2100 981 2143 in
1003 2108 1175 2144 tantum
1197 2116 1286 2145 non
1308 2110 1438 2146 erunt

47 2166 300 2223 mendaces,
328 2168 372 2211 in
396 2177 610 2228 quantum
628 2185 718 2214 non
740 2179 870 2214 erunt
889 2171 1087 2215 homines
1114 2190 1122 2216 ;
1148 2171 1355 2232 quoniam
1378 2170 1438 2216 dii

48 2246 199 2292 erunt,
220 2246 263 2281 et
285 2233 362 2281 filii
383 2237 607 2282 Altissimi.

108 2311 184 2353 IV.
210 2312 303 2353 Hoc
322 2310 471 2369 itaque
493 2311 772 2355 considerans
795 2311 1096 2356 devotissimus
1118 2312 1306 2372 populus
1326 2312 1439 2357 fide-

47 2378 158 2422 lium
194 2380 384 2423 Testium
408 2414 418 2435 ‚
465 2381 687 2440 quomodo
729 2381 1027 2426 infirmitatem
1072 2383 1312 2427 humanam
1356 2384 1436 2427 Dei

50 2448 342 2493 misericordia
372 2465 461 2494 non
497 2449 737 2511 relinquat,
771 2452 815 2495 in
848 2453 969 2512 cujus
990 2452 1250 2498 infirmitatis
1273 2468 1431 2513 pavore

99 2539 107 2555 ¹
130 2532 209 2564 Psal.
228 2543 297 2572 cxv,
323 2544 372 2564 11.
394 2550 432 2556 -—
448 2533 697 2575 21d.txxx1‚6‚
719 2545 748 2576 7.
