1848 3261
361 206 445 247 294
798 217 833 248 s.
867 218 1099 249 AUGUSTINI
1130 221 1312 248 Emscom

358 285 554 330 ditantur
574 284 717 329 inania
738 283 814 331 sed
839 304 848 330 ε
873 304 893 328 «
917 285 1033 330 Dixit
1047 284 1257 330 Dominus
1276 286 1461 331 Domino
1472 302 1570 333 meo
1596 307 1606 332 :
1629 287 1739 333 Sede

358 375 380 399 >›
415 372 440 401 a
463 355 624 404 dextris
648 355 776 411 meis,
803 355 942 401 donec
965 371 1125 416 ponam
1155 356 1351 402 inimicos
1374 367 1472 403 tuos
1499 346 1740 403 scabellum

357 445 378 469 »
413 425 575 487 pedum
610 435 803 471 tuorum.
836 446 852 467 »
879 430 1112 484 Fremant,
1142 426 1410 472 meditentur
1439 429 1605 484 inania,
1643 445 1740 486 per-

353 507 547 557 strepant
561 532 572 552 ,
610 495 826 555 numquid
858 512 948 540 non
983 496 1263 557 implebitur?
1305 516 1322 538 «
1360 498 1492 542 Periit
1531 499 1740 544 memoria

357 587 378 610 »
413 583 563 612 eorum
591 582 692 610 cum
710 566 906 625 strepitu.
929 585 949 607 »
975 567 1192 627 Loquitur
1214 576 1329 612 certe
1346 576 1390 611 et
1401 566 1509 612 alius
1525 568 1736 624 Psalmus‚

353 639 429 684 sed
445 654 535 683 non
557 637 666 681 alius
691 637 864 696 spiritus
884 657 893 682 z
923 656 941 678 «
965 639 1097 681 Periit
1119 639 1327 683 memoria
1343 655 1495 683 eorum
1513 655 1613 684 cum
1630 649 1740 684 stre-

356 729 377 751 »
413 710 529 768 pitu,
555 717 599 752 et
620 709 828 752 Dominus
861 708 907 751 in
933 716 1147 751 aeternum
1171 711 1358 752 manet1.
1385 727 1405 750 n
1433 708 1512 753 Ille
1535 725 1635 768 ergo
1663 709 1740 771 qui

351 779 561 824 memoria
582 794 733 823 eorum
766 787 976 838 pereunte
995 794 1096 822 cum
1123 780 1328 838 strepitu,
1350 780 1396 824 in
1417 789 1629 824 aeternum
1646 796 1739 826 ma-

353 859 450 905 net,
475 850 566 908 ipse
591 868 600 893 2
630 868 650 890 «
674 848 791 893 Dixit
812 849 999 893 Domino
1020 864 1119 892 meo
1154 868 1163 893 ε
1203 849 1313 894 Sede
1329 865 1354 893 a
1385 849 1544 895 dextris
1565 852 1685 895 meis.
1713 868 1734 893 »

352 920 484 967 Sedet
503 920 619 964 enim
636 936 660 963 a
679 919 838 963 dextris
866 919 1003 963 Patris
1017 953 1028 974 ,
1052 918 1193 963 donec
1214 929 1349 979 ponat
1370 935 1520 964 omnes
1541 921 1738 966 inimicos

349 993 440 1052 ejus
457 990 696 1036 scabellum
715 990 876 1049 pedum
891 991 997 1050 ejus.

407 1065 464 1106 X.
499 1064 557 1106 Et
583 1060 692 1121 quid
727 1061 953 1121 sequitur?
979 1080 996 1101 «
1023 1059 1200 1119 Virgam
1232 1060 1405 1105 virtutis
1445 1069 1534 1104 tuae
1570 1060 1739 1106 emittet

353 1150 375 1175 »
410 1132 621 1177 Dominus
648 1147 698 1175 ex
736 1132 838 1176 Sion
851 1134 883 1175 ².
914 1149 934 1172 υ
959 1134 1179 1189 Apparet,
1205 1130 1380 1186 fratres,
1420 1130 1737 1176 evidentissime

351 1211 558 1263 apparet,
583 1218 673 1246 non
690 1202 744 1245 de
762 1202 837 1246 illo
859 1216 991 1259 regno
1013 1202 1173 1246 Christi
1196 1202 1458 1261 Prophetam
1478 1202 1626 1262 loqui,
1648 1218 1737 1262 quo

349 1283 503 1333 regnat
521 1288 690 1332 semper
721 1273 840 1332 apud
867 1276 1065 1326 Patrem,
1098 1287 1243 1315 rerum
1277 1273 1511 1317 Dominum
1542 1289 1641 1332 quae
1660 1289 1738 1333 per

349 1345 475 1390 illum
497 1353 651 1387 creatae
673 1351 789 1386 sunt.
815 1341 998 1395 Quando
1018 1341 1134 1384 enim
1157 1357 1246 1385 non
1269 1351 1420 1400 regnat
1449 1343 1494 1386 in
1522 1343 1737 1403 principio

349 1416 547 1460 Verbum
570 1417 684 1458 Deus
709 1411 827 1472 apud
848 1413 1032 1456 Deumss?
1050 1411 1216 1456 Dicitur
1238 1412 1354 1455 enim
1375 1431 1384 1456 ε
1416 1431 1436 1454 «
1461 1413 1569 1471 Regi
1592 1422 1736 1457 autem

351 1504 373 1528 »
408 1484 667 1529 saeculorum
688 1482 895 1527 invisibili
916 1517 926 1537 ‚
952 1482 1292 1542 incorruptibili,
1317 1482 1395 1527 soli
1417 1486 1507 1527 Deo
1530 1484 1671 1528 honor
1693 1493 1736 1528 et

353 1576 372 1598 »
409 1555 543 1614 gloria
557 1590 568 1610 ‚
592 1555 637 1597 in
654 1553 811 1597 saecula
829 1552 1102 1596 saeculorum.
1125 1553 1232 1611 Regi
1253 1553 1510 1598 saeculorum
1535 1554 1676 1598 honor
1692 1562 1736 1598 et

350 1643 371 1668 »
408 1625 567 1683 gloria,
598 1625 644 1667 in
671 1623 828 1668 saecula
867 1623 1170 1667 saeculorum4.
1208 1624 1291 1668 Cui
1325 1624 1415 1683 regi
1441 1624 1735 1668 saeculorum‘?

348 1715 372 1738 »
406 1694 642 1750 Invisibili,
667 1694 1000 1753 incorruptibili.
1021 1712 1040 1735 »
1068 1696 1118 1737 In
1132 1709 1182 1738 eo
1200 1695 1313 1737 enim
1336 1694 1456 1754 quod
1471 1704 1514 1739 et
1538 1695 1734 1739 Christus

347 1776 411 1811 est
443 1781 545 1810 cum
570 1769 696 1809 Patre
717 1763 941 1808 invisibilis
966 1773 1009 1808 et
1029 1764 1389 1823 incorruptibilis,
1415 1765 1516 1825 quia
1537 1765 1732 1809 Verbum

347 1839 439 1898 ejus
461 1846 548 1892 est,
575 1846 618 1880 et
639 1837 786 1880 Virtus
813 1837 930 1896 ejus,
956 1844 998 1879 et
1032 1835 1247 1894 Sapientia
1276 1836 1390 1894 ejus,
1424 1844 1467 1879 et
1486 1838 1598 1879 Deus
1620 1835 1737 1896 apud

346 1911 510 1962 Deum,
535 1922 612 1966 per
634 1922 767 1966 quem
787 1905 903 1950 sacta
924 1916 1026 1949 sunt
1047 1905 1215 1962 omnia3
1239 1909 1330 1949 Rex
1353 1915 1415 1949 est
1440 1906 1704 1950 ‘saeculorum
1724 1925 1734 1950 ;

345 1978 422 2024 sed
443 1988 590 2022 tamen
607 1977 718 2021 illud
740 1977 1101 2036 dispensatorium
1125 1986 1168 2020 et
1197 1977 1514 2032 transitorium,
1542 1993 1631 2038 quo
1659 1993 1737 2022 nos

345 2065 422 2110 per
451 2048 728 2092 medietatem
756 2048 895 2091 carnis
921 2063 1009 2091 suae
1033 2048 1203 2092 vocavit
1223 2047 1269 2090 in
1291 2048 1602 2103 aeternitatem,
1636 2063 1735 2107 reg-

346 2135 452 2164 num
472 2120 562 2179 ejus
576 2118 729 2177 incipit
750 2134 773 2162 a
797 2118 1048 2163 Christianis
1065 2118 1161 2162 :sed
1178 2119 1296 2176 regni
1313 2120 1404 2178 ejus
1418 2135 1507 2163 non
1521 2119 1602 2162 erit
1618 2119 1730 2162 finis.

346 2195 579 2236 Ponuntur
596 2205 698 2248 ergo
720 2189 957 2233 scabellum
975 2189 1138 2249 pedum
1153 2191 1245 2250 ejus
1267 2190 1425 2234 inimici
1447 2192 1539 2250 ejus
1554 2225 1565 2245 ‚
1586 2190 1738 2234 seden-

299 2288 302 2292 ·
346 2262 397 2305 tis
419 2262 474 2305 ad
496 2260 715 2304 dexteram
736 2260 871 2304 Patris
891 2281 901 2317 ς,
927 2269 1168 2319 ponuntur,
1194 2269 1243 2304 ut
1266 2259 1432 2304 dictum
1451 2269 1514 2304 est
1533 2295 1544 2315 ,
1578 2259 1624 2304 id
1643 2260 1735 2318 agi-

344 2341 432 2386 tur,
467 2330 512 2375 id
535 2346 672 2390 usque
689 2331 733 2373 in
757 2330 888 2374 finem
906 2331 1085 2375 omnino
1103 2330 1486 2390 pei'agitui‘.Nenio
1505 2330 1621 2374 dicat
1644 2346 1734 2374 non

344 2417 467 2461 posse
489 2399 657 2460 impleri
679 2400 799 2460 quod
816 2411 1012 2460 coeptum
1036 2410 1113 2445 est.
1133 2401 1249 2454 Quid
1272 2401 1404 2444 finem
1422 2401 1557 2460 coepti
1575 2400 1732 2460 despe-

345 2474 442 2516 ras?
464 2472 748 2531 Omnipotens
766 2472 914 2531 coepit,
940 2472 1213 2531 omnipotens
1235 2486 1278 2515 se
1301 2467 1497 2530 promisit
1522 2470 1731 2531 impletu-

397 2564 404 2578 ¹
428 2557 668 2598 Psal.1x‚7,8.
692 2573 729 2577 —
757 2554 1183 2597 2111.c1x,2.-3Joan.
1209 2566 1230 2587 1.
1257 2555 1285 2586 3.
1309 2573 1348 2577 —
1371 2555 1386 2584 4
1409 2566 1421 2587 1
1443 2556 1521 2587 Tim.
1542 2566 1565 2595 1,
1590 2566 1640 2596 17-
