1848 3261
264 233 504 262 ENARRATIO
536 238 586 262 111
618 238 664 263 IN
696 236 897 264 PSALMUM
929 237 1030 273 0111,
1064 235 1202 263 SERMO
1235 239 1301 265 111.
1381 228 1462 266 163

90 315 109 338 »
145 306 188 341 et
219 299 469 357 congregati
498 309 624 353 sunt,
655 310 698 344 et
730 301 776 344 in
803 299 1021 344 cubilibus
1051 301 1136 343 suis
1165 302 1407 347 cubabunt.
1437 321 1458 345 »

85 366 199 419 Quid
221 376 271 412 tu
288 403 299 420 ‚
324 384 349 412 o
366 369 498 414 homo
523 371 598 413 Dei
615 372 633 412 ?
649 370 757 430 quid
775 380 843 424 m,
869 385 896 414 o
914 369 1106 414 Ecclesia
1128 371 1236 415 Dei?
1255 373 1360 432 quid
1384 383 1433 418 tu
1447 409 1459 429 ,

83 451 110 480 o
130 450 287 497 corpus
308 439 493 495 Christi,
519 441 642 500 cujus
659 449 790 499 caput
810 441 855 484 in
871 439 985 484 coelo
1012 442 1106 484 est?
1127 440 1234 500 quid
1257 450 1306 485 tu
1323 441 1427 487 facis
1446 479 1458 499 ,

83 521 109 550 ο
139 507 271 552 homo
305 509 448 553 unitas
477 511 608 569 ejus?
643 530 664 552 «
699 509 848 565 Exiet,
884 510 1027 570 inquit
1049 545 1060 566 ‚
1099 511 1232 555 homo
1264 512 1320 556 ad
1352 528 1462 572 opus

85 593 105 616 »
139 592 267 621 suum
286 580 316 622 ¹.
348 598 366 619 »
387 580 600 638 Operetur
621 594 721 637 ergo
742 580 820 623 iste
842 580 974 624 homo
993 596 1123 640 opera
1144 581 1259 625 bona
1275 581 1320 626 in
1341 598 1462 627 secu-

82 645 207 691 ritate
222 648 337 706 pacis
353 648 556 693 Ecclesiae
574 660 585 704 ’,
607 659 810 709 operetur
827 652 1024 710 usquein
1044 651 1192 695 finem.
1214 650 1462 712 Aliquando

81 717 196 760 enim
219 717 300 761 erit
316 718 516 777 quaedam
536 720 860 765 contenebratio
878 756 888 775 ‚
909 731 952 764 et
967 721 1042 764 fiet
1061 721 1238 780 quidam
1254 723 1458 781 impetus,
1522 780 1526 781 ⁷

80 785 157 830 sed
170 787 216 830 in
231 803 423 847 vespera,
438 789 482 832 id
507 800 584 844 est,
604 791 649 833 in
674 791 760 834 fine
782 790 936 835 mundi
954 790 1110 835 :modo
1129 802 1275 836 autem
1293 793 1337 837 in
1357 809 1461 853 pace

80 867 124 902 et
143 859 458 919 tranquillitate
479 871 684 920 operatur
705 861 918 916 Ecclesia,
944 863 1060 922 quia,
1076 863 1239 907 «Exiet
1254 865 1384 908 homo
1407 863 1462 908 ad

82 947 102 970 »
139 945 248 989 opus
266 945 421 986 suum,
455 939 498 974 et
536 931 591 975 ad
623 933 918 991 operationem
952 948 1075 976 suam
1105 949 1242 993 usque
1274 934 1330 978 ad
1363 951 1460 979 ves-

81 1016 102 1040 »
136 1014 301 1057 peram.
330 1017 350 1040 »

136 1072 275 1114 XXV.
308 1090 328 1113 (ε
348 1073 489 1124 Quam
511 1072 783 1129 magnificata
801 1082 903 1116 sunt
924 1088 1054 1132 opera
1075 1082 1166 1128 tua,
1191 1074 1374 1118 Domine
1389 1079 1421 1118 ¹².
1437 1094 1457 1116 »

77 1140 233 1184 Merito
255 1156 409 1198 magna
425 1176 436 1196 ,
462 1142 617 1186 merito
639 1142 819 1186 excelsa.
847 1142 931 1187 Ubi
946 1142 1060 1186 facta
1083 1152 1186 1187 sunt
1207 1159 1337 1202 opera
1352 1144 1458 1200 ista,

77 1219 167 1254 tam
194 1212 380 1269 magna?
401 1227 500 1271 quae
530 1211 604 1255 illa
633 1213 759 1256 statio
782 1213 858 1257 Dei
880 1213 956 1256 ubi
977 1213 1095 1257 stetit
1113 1249 1124 1268 ,
1157 1213 1227 1258 vel
1255 1231 1354 1275 quae
1388 1214 1461 1259 illa

77 1280 206 1324 sessio
223 1280 299 1323 ubi
321 1280 456 1336 sedit,
482 1290 525 1324 et
552 1281 629 1325 ista
651 1291 852 1340 operatus
882 1285 974 1326 est?
1003 1284 1098 1343 quis
1126 1283 1249 1328 locus
1281 1285 1359 1328 ubi
1380 1286 1461 1329 ista

77 1360 278 1409 operatus
301 1353 395 1394 est?
413 1351 530 1394 unde
552 1362 854 1410 processerunt
878 1353 1018 1411 primo
1041 1354 1120 1397 ista
1142 1363 1230 1398 tam
1249 1354 1461 1414 pulchra?

79 1421 122 1465 Si
144 1420 198 1464 ad
221 1420 410 1465 litteram
433 1421 632 1480 accipias,
653 1423 794 1466 omnis
812 1423 1008 1467 ordinata
1027 1434 1239 1480 creatura,
1263 1426 1460 1470 ordinate

19 1530 23 1534 .
76 1507 269 1546 currens,
288 1490 485 1536 ordinate
505 1492 703 1550 pulchra⁷
730 1493 926 1537 ordinate
948 1494 1105 1549 oriens,
1129 1494 1325 1540 ordinate
1342 1497 1460 1540 occi-

75 1561 182 1605 dens
198 1597 209 1617 ‚
234 1561 431 1606 ordinate
447 1577 653 1621 peragens
676 1564 821 1606 omnia
844 1573 1060 1623 tempora,
1086 1566 1204 1609 unde
1225 1567 1460 1625 processit?

77 1634 176 1691 Ipsa
198 1641 344 1676 autem
373 1630 563 1676 Ecclesia
595 1633 818 1692 quomodo
848 1635 1012 1693 accepit
1029 1635 1297 1681 incrementa
1315 1672 1326 1692 ,
1361 1654 1461 1682 suc·

75 1718 218 1746 cessus
239 1737 251 1757 ‚
295 1701 604 1762 perfectionem
634 1705 652 1744 ⁶?
684 1703 916 1756 Quomodo
957 1705 1198 1749 destinatur
1229 1707 1285 1750 ad
1326 1708 1460 1752 finem

76 1772 312 1833 quemdam
331 1772 693 1817 immortalitatis?
716 1774 884 1827 Quibus
906 1776 1131 1834 praeconiis
1163 1776 1459 1836 praedicatur?

76 1845 237 1905 quibus
269 1845 481 1904 mysteriis
511 1845 876 1890 commendatur?
903 1847 1062 1906 quibus
1084 1850 1358 1894 sacramentis
1382 1866 1458 1895 oc—

76 1915 266 1960 cultatur
278 1917 295 1957 ⁶?
308 1932 395 1976 qua
410 1916 719 1975 praedicatione
741 1916 985 1961 revelatur?
1000 1918 1074 1961 ubi
1091 1918 1196 1963 fecit
1207 1920 1300 1964 haec
1317 1923 1458 1966 Deus?

74 1986 214 2031 Video
236 2002 394 2045 magna
416 2002 545 2045 opera
563 2006 570 2031 :
594 2006 612 2028 «
630 1989 771 2040 Quam
793 1987 1067 2046 magnificata
1088 1999 1191 2033 sunt
1212 2006 1342 2050 opera
1363 2002 1454 2048 tua,

77 2075 98 2099 »
133 2058 333 2102 Domine.
361 2075 379 2099 »
401 2062 556 2110 Quaero
579 2059 656 2102 ubi
678 2057 828 2102 fecerit
844 2094 855 2113 ‚
875 2058 1020 2103 locum
1037 2076 1126 2104 non
1155 2061 1327 2106 invenio
1346 2084 1357 2120 3
1381 2062 1457 2108 sed

73 2127 202 2172 video
224 2127 333 2188 quid
354 2138 574 2188 sequatur.
597 2148 615 2170 «
642 2130 797 2173 Omnia
821 2129 866 2172 in
886 2131 1093 2189 sapientia
1115 2130 1265 2176 fecisti.
1294 2150 1314 2174 »
1340 2136 1457 2193 Ergo

75 2200 220 2244 onmia
242 2200 287 2243 in
308 2200 479 2244 Christo
502 2199 652 2244 fecisti.
672 2200 750 2244 Ille
772 2210 1062 2261 contemptus,
1082 2201 1155 2246 ille
1171 2203 1454 2262 expalmatus,

74 2270 148 2314 ille
169 2281 405 2329 consputus
427 2292 437 2327 ς
461 2271 534 2315 ille
561 2273 692 2331 spinis
713 2281 943 2316 coronatus
957 2308 967 2327 ,
989 2272 1062 2317 ille
1084 2274 1335 2331 crucifixus,
1362 2291 1458 2320 om-

74 2342 147 2386 nia
174 2342 219 2386 in
245 2342 320 2386 illo
349 2342 502 2386 fecisti.
536 2343 678 2386 Audio
696 2378 706 2396 ‚
732 2342 862 2387 audio
890 2343 997 2403 quid
1028 2342 1082 2387 de
1111 2343 1187 2388 illo
1218 2354 1294 2389 tuo
1317 2346 1455 2390 milite

75 2413 249 2456 nunties
269 2413 538 2465 hominibus,
564 2412 668 2472 quid
687 2413 741 2456 de
761 2413 836 2457 illo
860 2430 1059 2472 praecone
1080 2424 1227 2459 sancto
1249 2416 1456 2475 praedices

76 2482 278 2541 gentibus
295 2517 305 2536 ‚
333 2483 554 2527 Christum
577 2483 654 2526 Dei
678 2482 893 2527 Virtutem
916 2493 959 2528 et
985 2485 1063 2528 Dei
1087 2485 1362 2545 Sapientiam.
1388 2490 1452 2532 Ir-

124 2573 132 2590 ¹
160 2566 238 2599 Psal.
260 2577 326 2607 cm,
345 2567 397 2598 ¹23.
416 2583 456 2589 —-·
481 2566 587 2598 ²1bidr
611 2566 666 2599 24.

1230 2625 1293 2664 11.
