1848 3261
345 232 428 270 390
783 241 816 268 s.
851 237 1082 268 Auevsnm
1113 240 1294 269 EPISCOPI

342 324 363 347 ))
388 305 477 349 tra¹
498 323 507 349 2
526 322 545 345 n
567 312 716 347 utrum
736 319 836 363 quae
850 319 928 348 nos
955 320 1185 364 operamur
1199 340 1210 360 ,
1224 305 1400 366 quando
1416 307 1583 367 peccati
1604 306 1720 351 desi-

341 377 467 421 deriis
486 376 713 420 obedimus
730 397 740 434 3
760 392 815 419 an
827 377 916 435 ipsa
938 377 1147 420 desideria
1168 377 1294 421 nobis
1317 377 1477 423 dimitti
1497 379 1717 434 volumus,

343 464 443 509 quae
462 463 540 491 nos
558 463 647 491 non
668 462 921 506 operamur,
941 447 1015 491 sed
1038 446 1157 507 quod
1178 447 1347 491 habitat
1367 450 1412 492 in
1429 449 1553 493 nobis
1572 465 1721 509 pecca-

336 528 447 564 tum.
464 520 688 571 Quantum
710 515 888 576 quidem
905 532 985 575 ego
999 532 1146 576 sapere
1163 533 1353 576 possum,
1373 517 1592 577 languoris
1607 519 1723 563 illius

339 599 383 634 et
402 587 680 641 infirmitatis,
706 585 823 629 unde
844 585 993 631 illicita
1014 587 1225 632 desideria
1240 599 1586 645 commoventur,
1603 589 1724 650 quod

337 667 565 719 peccatum
579 655 768 716 appellat
776 655 1044 715 Apostolus2‚
1061 659 1286 703 universus
1301 669 1442 704 reatus
1456 670 1723 704 sacramento

339 727 606 788 baptismatis
629 735 692 771 est
713 726 901 781 solutus,
923 742 1023 771 cum
1045 728 1247 772 omnibus
1266 746 1364 789 quae
1386 730 1449 774 illi
1472 730 1725 775 obedientes

340 802 523 846 fecimus
539 835 550 856 ,
586 799 790 855 diximus,
814 800 1123 858 cogitavimus3
1146 816 1227 845 nec
1255 801 1379 845 nobis
1404 801 1605 861 deinceps
1627 801 1724 844 lan-

344 888 453 932 guor
475 872 554 915 iste
586 871 780 926 obesset,
805 870 1002 930 quamvis
1027 870 1210 927 inesset,
1233 872 1266 915 si
1289 871 1508 916 desideriis
1531 873 1622 932 ejus
1639 871 1727 915 illi-

345 943 441 988 citis
469 941 600 986 nullis
618 956 815 1001 unquam
842 941 1137 985 obedientiam
1163 942 1455 1001 praeberemus
1471 977 1482 996 ,
1508 942 1595 986 sive
1622 957 1727 1001 ope·
1779 994 1782 996 q

341 1014 525 1069 ratione,
538 1013 627 1057 sive
639 1011 875 1066 locutione,
894 1011 981 1056 sive
996 1011 1126 1056 tacita
1146 1013 1387 1057 assensione
1404 1033 1415 1070 3
1435 1012 1574 1057 donec
1597 1013 1727 1057 etiam

342 1086 434 1144 ipse
456 1092 679 1128 sanaretur
697 1117 708 1138 ,
733 1097 834 1126 cum
864 1082 909 1126 id
931 1082 1052 1142 quod
1087 1083 1303 1142 poscimus
1336 1092 1444 1127 esset
1466 1083 1696 1142 impletum
1713 1118 1723 1138 ,

341 1156 432 1201 sive
454 1155 674 1209 dicentes,
710 1172 727 1193 «
754 1153 912 1197 Veniat
949 1168 1134 1212 regnum
1169 1162 1317 1212 tuum3
1345 1172 1364 1194 η
1391 1155 1478 1198 sive
1512 1153 1724 1209 dicentes,

348 1245 369 1269 «
404 1225 560 1269 Libera
593 1239 672 1268 nos
694 1239 719 1266 a
739 1222 879 1267 malo3
907 1242 915 1267 :
940 1241 959 1264 »
985 1222 1061 1267 sed
1098 1224 1303 1283 quoniam
1334 1225 1516 1269 tentatio
1550 1234 1612 1268 est
1639 1225 1728 1268 vita

343 1298 534 1341 humana
549 1310 677 1355 super
699 1295 912 1351 terram43
934 1294 1100 1338 etiamsi
1119 1311 1143 1338 a
1159 1296 1413 1339 criminibus
1430 1296 1559 1354 longe
1578 1296 1726 1350 simus,

344 1384 435 1413 non
469 1376 617 1410 t‘amen
652 1366 773 1409 deest
802 1365 882 1409 ubi.
912 1364 1132 1409 desideriis
1170 1367 1359 1425 peccati,
1385 1365 1455 1410 vel
1483 1366 1599 1410 facto
1614 1402 1628 1422 ,
1659 1366 1729 1410 vel

346 1438 484 1493 dicto,
511 1437 579 1482 vel
613 1437 806 1496 cogitatu
830 1436 1109 1494 obediamus,
1146 1437 1323 1496 quando
1346 1437 1547 1481 adversus
1568 1439 1729 1496 majora

345 1508 648 1568 vigilantibus,
675 1507 876 1568 quaedam
893 1507 1076 1551 incautis
1099 1507 1268 1552 minuta
1286 1508 1553 1566 subrepunt:
1580 1524 1678 1567 quae
1697 1507 1732 1550 si

347 1580 550 1625 adversus
579 1594 657 1623 nos
679 1579 962 1637 colligantur,
1003 1578 1081 1622 etsi
1103 1594 1193 1623 non
1224 1577 1391 1637 singula
1417 1579 1502 1623 suis
1543 1578 1732 1623 molibus

347 1660 596 1705 conterunt,
618 1650 762 1694 omnia
791 1658 936 1692 tamen
959 1664 1111 1693 acervo
1133 1665 1210 1693 nos
1233 1649 1442 1694 obruunt.
1470 1652 1526 1693 Et
1557 1659 1732 1709 propter

349 1723 461 1777 haec,
487 1722 616 1765 etiam
631 1721 677 1764 hi
694 1721 768 1780 qui
787 1718 1013 1764 ambulant
1034 1720 1080 1764 in
1098 1720 1176 1765 viis
1192 1720 1391 1774 Domini,
1423 1720 1592 1776 dicunt,
1618 1739 1637 1761 «
1663 1721 1733 1764 Di-

351 1810 372 1833 »
407 1792 530 1835 mitte
551 1790 676 1835 nobis
695 1790 842 1834 debita
864 1792 1033 1833 nostra⁵
1062 1809 1070 1834 :
1096 1808 1115 1831 »
1137 1790 1344 1850 quoniam
1364 1789 1417 1833 ad
1434 1792 1521 1834 vias
1540 1790 1730 1846 Domini,

349 1872 392 1907 et
412 1863 501 1921 ipsa
526 1862 663 1906 oratio
688 1861 874 1921 pertinet
893 1897 903 1916 ,
925 1870 968 1905 et
986 1862 1077 1921 ipsa
1095 1859 1306 1905 confessio
1323 1881 1334 1919 3
1354 1861 1549 1921 quamvis
1571 1877 1660 1905 non
1679 1860 1734 1905 ad

347 1949 416 1977 eas
434 1941 609 1992 peccata
620 1932 880 1991 pertineant.

408 2006 488 2047 III.
510 2006 664 2063 Itaque
685 2002 730 2046 in
752 2003 830 2046 viis
848 2002 1020 2046 Domini
1042 2036 1052 2056 ‚
1078 2017 1186 2062 quas
1208 2017 1358 2046 omnes
1382 2001 1488 2046 fides
1507 2018 1594 2046 una
1615 2017 1735 2046 com-

348 2074 554 2134 plectitur
569 2109 579 2128 ,
600 2092 619 2115 «
645 2078 735 2126 Qua
759 2073 804 2116 in
817 2088 917 2115 eum
935 2071 1126 2116 creditur
1143 2073 1218 2132 qui
1231 2072 1439 2132 justificat
1457 2073 1637 2132 impium
1653 2076 1692 2130 ⁶3
1711 2090 1732 2114 »

349 2145 425 2205 qui
447 2144 576 2188 etiam
598 2143 729 2198 dixit,
761 2163 780 2185 α
804 2146 896 2201 Ego
919 2159 1014 2187 sum
1037 2144 1128 2188 via⁷
1151 2162 1159 2188 ε
1182 2162 1201 2184 ))
1228 2159 1357 2186 nemo
1377 2153 1603 2202 peccatum
1628 2159 1736 2203 ope-

349 2225 491 2270 ratur,
535 2213 610 2259 sed
632 2215 879 2258 confitetur.
903 2215 1055 2258 Deviat
1076 2229 1179 2273 ergo
1199 2249 1209 2269 ,
1236 2230 1338 2258 cum
1360 2223 1511 2273 peccat
1539 2233 1546 2258 :
1573 2224 1615 2257 et
1636 2213 1735 2258 ideo

347 2296 575 2345 peccatum
589 2285 669 2329 viae
683 2300 772 2328 non
785 2284 1006 2339 tribuitur,
1025 2284 1144 2345 quod
1161 2301 1184 2328 a
1196 2284 1397 2328 deviante
1412 2285 1701 2328 committitur
1722 2304 1731 2329 :

350 2356 425 2400 sed
461 2357 505 2399 in
528 2356 595 2400 via
629 2354 730 2398 fidei
754 2370 831 2414 pro
863 2371 952 2399 non
985 2355 1262 2414 peccantibus
1296 2355 1544 2410 habentur,
1575 2356 1735 2415 quibus

350 2435 526 2485 peccata
543 2441 633 2470 non
654 2425 940 2484 imputantur.
968 2429 1028 2469 De
1050 2425 1209 2486 quibus
1233 2425 1450 2485 apostolus
1474 2425 1633 2470 Paulus
1647 2426 1736 2485 jus-

399 2529 408 2543 ¹
429 2522 543 2553 Matth.
564 2533 620 2561 vr,
644 2530 694 2553 12.
715 2538 755 2543 ——-
775 2528 788 2543 2
808 2523 899 2552 Rom.
918 2533 985 2562 vn,
1007 2521 1092 2562 7-25.
1114 2538 1156 2543 —
1183 2519 1195 2543 3
1214 2521 1326 2553 Manli.
1352 2534 1396 2563 vx,
1422 2532 1539 2554 10-12-
1561 2540 1601 2544 ——
1625 2522 1639 2552 4
1659 2522 1733 2554 Job.

353 2588 413 2617 vn,
433 2588 462 2608 1.
482 2594 524 2598 ——
543 2576 557 2599 5
576 2577 688 2608 Manli.
710 2588 757 2618 vr,
779 2585 829 2608 12.
850 2575 918 2599 ——0
934 2579 1024 2608 Rom.
1045 2588 1090 2618 iv,
1111 2577 1141 2608 5.
1157 2584 1225 2611 —7
1246 2580 1337 2609 Joan.
1358 2577 1470 2618 xiv,6.
