1848 3261
389 229 442 271 38
826 242 860 272 s.
896 241 1128 273 Aussusfnm
1160 239 1344 270 13121500121'

385 317 428 351 et
449 315 497 350 tu
518 306 695 350 senuisti
720 325 730 351 z
755 321 855 351 nam
870 307 987 366 viges
1010 306 1063 351 ad
1081 320 1151 350 me
1173 303 1448 349 liberandum
1466 340 1476 361 ‚
1497 306 1572 366 qui
1594 305 1765 365 viguisti

387 377 442 422 ad
463 391 532 420 me
570 375 906 421 humiliandum.
945 397 966 419 «
1002 380 1066 421 Tu
1089 391 1216 431 vero,
1241 377 1441 431 Domine,
1473 376 1522 420 in
1552 384 1765 421 aeternum

378 466 400 491 »
434 463 582 492 manes
609 466 618 492 ε
643 457 686 492 et
708 448 957 491 memoriale
985 456 1116 492 tuum
1142 447 1188 490 in
1224 447 1548 506 generationem
1570 456 1614 491 et
1635 461 1766 506 gene*-

382 538 405 561 »
438 519 665 563 rationem.
690 517 942 562 Memoriale
973 527 1123 573 tuum,
1152 536 1174 560 »
1199 517 1302 578 quia
1326 533 1417 561 non
1454 516 1764 577 oblisvisceris3

382 610 402 631 «
438 593 491 634 In
508 589 859 648 generationem,
882 608 903 631 »
929 605 1019 635 non
1039 602 1199 645 unam,
1232 588 1309 634 sed
1335 607 1354 631 «
1379 588 1732 633 Generationem
1725 599 1768 634 et

382 679 403 704 >›
439 660 836 720 generationem.»
880 653 1213 705 Promission'em
1241 659 1405 745 quippe
1430 660 1640 704 habemus
1664 661 1767 705 vitoe

379 731 602 792 praesentis
623 740 666 774 et
689 730 898 775 futurae.
866 733 881 757 ¹

439 804 557 847 XIV.
587 805 688 846 «Tu
708 817 919 861 exurgens
941 802 1208 846 misereberis
1228 801 1352 857 Sion,-
1369 802 1578 862 quoniam
1597 810 1767 862 tempus

383 892 404 916 n
440 872 735 917 utmiserearis
758 874 895 934 eju82.
915 892 936 915 »
954 872 1080 926 Quod
1098 875 1293 933 tempus?
1309 891 1328 915 «
1352 875 1464 918 Cum
1483 883 1628 918 autem
1649 869 1769 918 venit

385 961 406 986 »
441 942 670 1003 plenitudo
689 945 913 1003 temporis,
928 944 1044 988 misit
1060 947 1174 988 Deus
1197 943 1359 988 Filium
1381 959 1509 988 suum
1530 943 1692 988 factum
1717 953 1769 988 ex

383 1032 406 1057 »
441 1014 647 1071 muliere,
674 1014 839 1059 factum
862 1016 943 1060 sub
965 1019 1095 1074 Lege.
1123 1033 1144 1057 »
1165 1018 1222 1060 Et
1235 1015 1311 1059 ubi
1335 1016 1466 1060 Sion?
1492 1034 1512 1058 «
1536 1018 1593 1060 Ut
1610 1016 1769 1076 eosqui

384 1104 405 1128 »
441 1085 521 1129 sub
543 1088 658 1144 Lege
692 1095 815 1129 erant
846 1085 1121 1130 redimeretss.
1151 1103 1172 1126 »
1214 1086 1420 1130 Primitus
1453 1101 1557 1145 ergo
1588 1085 1764 1130 Judaei:

379 1156 482 1201 inde
504 1157 619 1200 enim
633 1157 844 1217 Apostoli,
865 1157 967 1201 inde
978 1157 1036 1201 illi
1057 1157 1154 1217 plu's
1172 1173 1303 1218 quam
1322 1149 1548 1219 quingenti
1569 1156 1723 1202 fratres
1733 1158 1767 1213 4,

381 1227 483 1272 inde
504 1227 577 1272 illa
599 1227 800 1288 deinceps
833 1228 1071 1273 multitudo
1088 1265 1098 1284 ‚
1135 1230 1206 1273 cui
1229 1239 1320 1273 erat
1342 1230 1485 1273 anima
1510 1238 1597 1273 una
1633 1238 1676 1272 et
1697 1241 1771 1273 cor

381 1314 520 1344 unum
542 1299 588 1342 in
610 1301 749 1342 Deum
763 1301 793 1342 ⁵.
819 1302 935 1358 Ergo
949 1335 959 1353 ‚
986 1318 1006 1341 «
1027 1301 1092 1343 Tu
1115 1290 1326 1358 exurgens
1348 1299 1616 1343 misereberis
1643 1299 1767 1354 Sion,

382 1387 404 1411 »
439 1369 648 1430 quoniam
675 1379 848 1430 tempus
884 1380 936 1414 ut
976 1370 1212 1414 miserearis
1251 1371 1370 1430 ejus,
1410 1370 1618 1430 quoniam
1649 1369 1772 1413 venit

384 1459 405 1483 »
439 1450 627 1500 tempus.
656 1459 676 1481 »
703 1440 833 1495 Quod
864 1443 1067 1501 tempus?
1094 1444 1242 1486 «Ecce
1274 1456 1392 1485 nunc
1412 1450 1584 1500 tempus
1616 1451 1770 1500 accep‘-

384 1530 405 1553 »
440 1511 576 1555 tabile
591 1547 601 1566 ,
625 1527 724 1556 ecce
747 1527 865 1556 nunc
888 1511 978 1556 dies
1007 1511 1153 1556 salutis
1167 1513 1199 1557 ⁶.
1228 1528 1248 1553 ὐ
1274 1512 1379 1565 Quis
1401 1512 1485 1556 hoc
1512 1510 1650 1555 dicit?
1672 1513 1771 1556 Ser-

379 1597 459 1626 vus
481 1582 555 1626 Dei
575 1581 811 1626 aedificator
829 1618 838 1636 ‚
866 1582 940 1642 qui
955 1581 1128 1626 dicebat
1146 1617 1156 1637 ,
1193 1600 1211 1622 α
1236 1582 1314 1626 Dei
1337 1581 1570 1626 aedificium
1594 1581 1692 1625 estis
1719 1590 1768 1626 ι»

385 1670 405 1694 »
441 1652 516 1712 qui
539 1651 711 1696 dicebat
731 1688 741 1708 ‚
771 1671 791 1694 «
819 1653 937 1697 Sicut
955 1652 1121 1712 sapiens
1143 1652 1402 1696 architectus
1426 1651 1769 1696 fundamentum

384 1741 407 1765 )›
444 1724 598 1783 posui:
629 1741 648 1764 n
675 1732 745 1778 et⁷
775 1742 795 1765 «
821 1722 1176 1767 Fundamentum
1211 1721 1330 1766 aliud
1360 1737 1489 1766 nemo
1516 1731 1660 1781 potest
1691 1731 1773 1782 po-

384 1811 406 1835 »
441 1809 544 1837 nere
560 1829 570 1849 ,
592 1802 883 1854 praeterquam
905 1793 1096 1853 positum
1111 1802 1173 1837 est
1186 1829 1197 1848 ,
1222 1792 1343 1853 quod
1358 1800 1421 1837 est
1442 1793 1637 1837 Christus
1652 1793 1772 1853 quod

385 1882 407 1906 »
442 1866 613 1907 Jesus⁷.
641 1882 661 1904 »

442 1935 539 1976 XV.
565 1936 679 1991 Ergo
700 1943 744 1977 et
764 1934 836 1978 hic
857 1932 963 1993 quid
984 1932 1118 1978 dicit?
1143 1952 1163 1975 «
1199 1933 1413 1986 Quoniam
1450 1931 1768 1992 beneplacitum

387 2022 408 2045 »
443 2003 692 2046 habuerunt
714 2004 822 2046 servi
838 2003 903 2047 tui
928 2004 973 2046 in
991 2003 1155 2062 lapides
1179 2004 1311 2063 ejusss.
1335 2022 1355 2043 »
1374 2006 1425 2046 In
1441 2002 1607 2062 lapides
1625 2004 1773 2063 cujus?

383 2076 434 2117 In
447 2073 610 2132 lapides
635 2074 752 2117 Sion.
791 2074 874 2117 Sed
897 2082 998 2117 sunt
1020 2074 1081 2116 ibi
1119 2083 1161 2117 et
1184 2089 1273 2117 non
1310 2072 1490 2132 lapides.
1532 2074 1666 2133 Cujus
1683 2088 1773 2117 non

383 2144 578 2204 lapides?
598 2148 714 2203 Ergo
734 2144 841 2206 quid
873 2145 1100 2204 sequitur?
1125 2163 1143 2186 «
1169 2148 1225 2188 Et
1254 2143 1443 2204 pulveris
1469 2145 1561 2204 ejus
1593 2144 1771 2188 misere-

388 2235 406 2257 »
444 2215 623 2259 buntur.
656 2234 676 2256 n
713 2218 1007 2273 Agnoscamus
1053 2214 1216 2274 lapides
1249 2215 1292 2258 in
1335 2215 1463 2268 Sion,
1489 2229 1772 2273 agnoscamus

382 2286 604 2347 pulverem
626 2287 667 2330 in
695 2288 810 2331 Sion.
843 2290 939 2331 Non
963 2287 1076 2330 enim
1100 2275 1204 2330 dicit
1220 2322 1230 2341 ‚
1252 2285 1466 2345 Lapidum
1487 2287 1576 2346 erS
1599 2286 1772 2330 misere-

387 2357 555 2401 buntur
581 2377 589 2402 ε
616 2357 691 2401 sed
723 2357 830 2417 quid
857 2357 941 2401 ait?
967 2377 985 2399 «
1012 2358 1228 2411 Quoniam
1263 2355 1586 2415 beneplacitum
1602 2357 1772 2400 habue-

386 2445 407 2469 υ
441 2437 543 2472 runt
565 2427 673 2471 servi
703 2427 765 2471 tui
786 2427 831 2470 in
856 2426 1019 2487 lapides
1042 2429 1154 2488 ejus,
1182 2435 1224 2470 et
1250 2426 1440 2487 pulveris
1477 2429 1569 2488 ejus
1592 2427 1771 2471 misere-

1336 2519 1346 2538 Ι

436 2530 444 2546 ¹
466 2536 485 2554 L
500 2523 579 2554 Tim.
595 2535 640 2563 lv,
658 2523 689 2555 S.
717 2540 758 2545 —-
779 2529 790 2545 ²
806 2521 886 2553 psal.
907 2534 947 2562 cr,
972 2522 1021 2564 14.
1042 2540 1083 2545 —-
1107 2521 1120 2545 3
1136 2522 1239 2555 Galat.
1262 2533 1304 2561 ιν,
1332 2537 1364 2562 4,
1385 2522 1415 2553 5.
1430 2540 1470 2544 —
1491 2520 1506 2551 4
1534 2534 1544 2553 1
1564 2522 1766 2562 C01·.xv‚6.

388 2597 428 2602 —
443 2578 457 2601 5
483 2580 627 2620 Act.1v‚
648 2580 698 2611 32.
725 2597 757 2601 —-
776 2577 821 2611 ‘³2
840 2580 911 2610 Cor.
928 2590 971 2610 v1.
991 2588 1022 2610 2.
1045 2596 1084 2601 —
1104 2587 1116 2611 7
1146 2591 1155 2609 r
1176 2581 1246 2611 Cor,
1266 2589 1315 2616 ιιι,
1335 2590 1425 2619 9-11.
1451 2596 1492 2601 -—
1512 2577 1527 2600 3
1548 2578 1627 2611 Psal.
1646 2590 1685 2617 cr,
1710 2579 1764 2610 15.
