1848 3261
380 194 465 237 464
816 206 849 234 s.
884 205 1114 236 AUGUSTINI
1145 207 1326 235 13121500121

438 275 561 317 VIII.
592 290 612 315 «
635 272 923 331 Coagulatum
947 283 1010 318 est
1031 282 1081 317 ut
1101 273 1167 316 lac
1189 288 1264 317 cor
1290 275 1482 317 eorum1.
1511 290 1531 315 »
1559 274 1757 327 Quorum

381 343 463 387 nisi
486 344 773 403 superborum
794 379 804 399 ‚
840 360 1028 404 quorum
1061 358 1190 402 super
1217 358 1261 387 se
1287 343 1619 403 multiplicatam
1653 344 1762 388 dixit

379 414 682 474 iniquitatem?
715 414 985 459 Obduruisse
1022 424 1168 458 autem
1197 429 1270 459 cor
1298 429 1451 458 eorum
1485 415 1580 459 vult
1623 414 1757 458 intel—

378 482 453 541 ligi
475 485 558 529 hoc
593 485 728 529 verbo
761 493 804 527 et
825 484 1044 529 hocloco.
1067 487 1177 529 Nam
1203 483 1362 529 dicitur
1384 493 1428 528 et
1457 484 1502 528 in
1526 484 1642 528 bono
1664 505 1676 542 3
1701 484 1762 527 si-

381 563 456 599 cut
487 554 532 597 in
563 554 732 598 Psalmo
758 554 1222 614 sexagesimo-septimo
1256 553 1443 609 dicitur,
1478 573 1498 596 «
1529 557 1655 598 Mons
1693 555 1763 598 in-

382 642 404 666 »
441 633 648 678 caseatus‚
678 639 802 668 mons
831 624 996 668 uber²z
1024 643 1044 665 »
1070 633 1114 668 et
1134 624 1393 683 intelligitur
1425 625 1559 682 gratia
1584 622 1757 683 plenus.

381 696 491 739 Nam
513 703 556 738 et
577 693 688 738 illud
710 694 888 755 quidam
904 729 915 749 ‚
941 693 1193 752 coagulatus
1209 729 1220 749 ‚
1245 694 1516 753 interpretati
1542 703 1658 738 sunt.
1682 693 1767 739 Sed.

380 763 480 808 vide
502 764 609 824 quid
623 781 646 808 a
669 780 712 808 se
723 773 915 824 opponat
936 763 1108 808 duritiae
1125 764 1265 808 cordis
1286 763 1477 809 illorum.
1499 783 1519 806 «
1539 768 1632 823 Ego
1645 780 1764 820 vero,

382 852 404 876 >›
440 835 610 895 inquit,
635 834 776 894 legem
811 845 933 880 tuam
969 835 1202 879 meditatus
1232 850 1342 879 sum.
1379 854 1399 877 »
1426 838 1568 889 Quam
1597 835 1767 893 legem?

383 906 543 966 Utique
567 906 846 967 justissimam
879 915 921 950 et
951 905 1392 950 misericordissimam
1419 926 1428 950 ε
1462 906 1579 950 unde
1600 905 1664 949 illi
1697 905 1768 950 di-

382 978 494 1021 citur
514 1012 524 1032 ,
555 996 574 1018 «
600 980 658 1021 Et
678 976 772 1034 lege
793 987 868 1021 tua
885 978 1085 1021 miserere
1105 976 1205 1020 mei.
1234 995 1255 1018 »
1282 976 1486 1036 Superbis
1510 976 1665 1020 resistit
1679 1011 1690 1031 ‚
1721 985 1771 1020 ut

383 1048 657 1093 obdurentur
684 1068 692 1093 :
719 1049 956 1092 humilibus
981 1057 1126 1092 autem
1161 1047 1236 1092 dat
1267 1048 1446 1106 gratiam
1468 1083 1478 1102 ,
1512 1057 1562 1092 ut
1588 1047 1772 1105 diligant

383 1118 692 1174 obedientiam,
705 1128 748 1162 et
763 1117 1599 1178 recipiantexcellentiamssMeditatione
1607 1118 1772 1177 quippe

382 1188 488 1247 legis
519 1189 673 1248 hujus,
714 1188 959 1232 voluntaria
992 1198 1186 1232 servatur
1220 1188 1440 1233 humilitas
1461 1223 1472 1244 ,
1506 1197 1556 1232 ut
1587 1186 1772 1248 poenalis

383 1259 604 1302 humilitas
627 1258 856 1313 evadatur,
879 1259 933 1302 de
957 1275 1042 1318 qua
1060 1275 1161 1303 mox
1177 1258 1296 1303 dicit.

444 1332 521 1373 IX.
548 1332 719 1373 Bonum
742 1329 876 1384 mihi,
909 1330 1117 1389 quoniam
1145 1328 1379 1372 humiliasti
1403 1343 1473 1372 me
1494 1363 1505 1384 ‚
1529 1338 1579 1373 ut
1610 1328 1772 1373 discam

386 1419 406 1442 n
438 1400 767 1460 justificationes
790 1401 929 1444 tuas⁴.
959 1419 978 1441 »
1002 1400 1206 1443 Vicinum
1225 1399 1391 1460 aliquid
1414 1409 1456 1443 et
1478 1400 1672 1459 superius
1681 1401 1772 1460 jam

385 1469 571 1526 dixerat,
601 1490 620 1512 «
649 1471 771 1514 Prius
788 1485 920 1530 quam
943 1468 1196 1513 humiliarer
1218 1484 1297 1527 ego
1323 1468 1487 1529 deliqui
1508 1491 1519 1527 3
1543 1480 1773 1530 propterea

385 1540 610 1601 eloquium
633 1550 757 1584 tuum
786 1540 1012 1584 custodivi.
1043 1558 1062 1580 »
1089 1542 1187 1598 Ipso
1217 1540 1379 1599 quippe
1402 1539 1551 1584 fructu
1584 1539 1774 1584 ostendit

385 1612 506 1672 quod
524 1612 688 1656 bonum
704 1610 766 1654 illi
780 1610 911 1655 fuerit
932 1610 1152 1654 humiliari
1171 1630 1180 1655 z
1198 1610 1373 1654 sedillic
1392 1610 1499 1655 dixit
1517 1620 1560 1655 et
1580 1627 1769 1665 causam,

384 1681 504 1741 quod
514 1681 802 1725 humilitatem
815 1679 1034 1739 poenalem
1048 1679 1345 1740 delinquendo
1358 1681 1773 1739 praecesserit.Quod

387 1768 487 1797 vero
517 1752 577 1796 ibi
610 1753 697 1807 ait,
742 1771 762 1793 «
789 1755 1022 1810 Propterea
1057 1750 1284 1810 eloquium
1311 1760 1438 1795 tuum
1472 1752 1714 1809 custodivi3
1748 1770 1769 1794 »

385 1823 456 1868 hic
481 1832 641 1877 autem,
671 1841 690 1864 «
711 1824 769 1866 Ut
785 1820 945 1865 discam
963 1820 1295 1880 justificationes
1315 1830 1410 1865 tuas
1429 1841 1438 1865 ι
1457 1839 1476 1862 »
1496 1823 1595 1866 satis
1612 1823 1774 1881 signifi-

386 1908 501 1938 casse
523 1894 626 1937 mihi
643 1892 814 1937 videtur
830 1893 914 1936 hoc
938 1907 1027 1935 esse
1048 1892 1128 1935 ista
1145 1906 1268 1935 nosse
1285 1891 1405 1951 quod
1434 1892 1666 1947 custodire,
1689 1894 1773 1938 hoc

386 1963 604 2008 custodire
626 1962 746 2023 quod
778 1978 916 2006 nosse.
948 1965 1099 2022 Neque
1121 1962 1236 2005 enim
1258 1962 1453 2006 Christus
1481 1978 1570 2006 non
1593 1973 1773 2008 noverat

387 2034 506 2095 quod
520 2034 752 2092 arguebat3
767 2042 809 2076 et
826 2042 973 2076 tamen
993 2032 1204 2091 arguebat
1218 2041 1463 2091 peccatum,
1485 2048 1584 2076 cum
1605 2033 1772 2078 dictum

388 2106 442 2150 de
464 2105 538 2149 illo
570 2105 647 2159 sit,
682 2103 802 2164 quod
829 2119 918 2147 non
940 2112 1119 2147 noverat
1156 2112 1380 2162 peccatum
1399 2105 1429 2146 ⁵.
1455 2106 1643 2148 Noverat
1671 2120 1772 2163 ergo

387 2175 576 2236 quadam
589 2174 759 2228 notitia,
778 2183 821 2217 et
839 2189 983 2217 rursus
999 2172 1188 2233 quadam
1206 2173 1449 2231 ignorantia
1470 2190 1558 2218 non
1572 2184 1766 2219 noverat.

390 2248 458 2291 Sic
493 2254 535 2289 et
563 2245 890 2305 justificationes
923 2244 999 2288 Dei
1022 2242 1149 2286 multi
1171 2242 1342 2287 discunt
1362 2279 1372 2299 ‚
1405 2254 1447 2288 et
1471 2260 1557 2288 non
1580 2245 1766 2289 discunt.

387 2320 613 2362 Noverunt
635 2315 748 2359 enim
767 2330 835 2358 eas
855 2314 1043 2374 quadam
1058 2312 1209 2358 notitia
1232 2322 1274 2356 et
1289 2329 1433 2358 rursus
1449 2314 1635 2374 quadam
1650 2315 1770 2374 igno-

388 2387 542 2442 rantia,
563 2386 771 2447 quoniam
794 2400 883 2430 non
903 2383 1070 2429 faciunt
1085 2419 1095 2439 ,
1116 2400 1204 2428 non
1218 2394 1448 2429 noverunt.
1475 2388 1540 2429 Eo
1553 2385 1684 2430 modo
1702 2386 1770 2431 hic

438 2490 447 2507 ¹
467 2483 549 2516 Psal.
576 2494 689 2524 cxv111,
716 2493 768 2524 70.
790 2499 830 2504 —
849 2489 862 2504 ²
881 2482 927 2514 Id.
950 2492 1047 2523 nvn,
1079 2481 1128 2513 16.
1151 2498 1192 2505 -
1210 2479 1349 2514 3Jacob.
1369 2492 1413 2523 iv,
1433 2481 1466 2524 6,
1486 2486 1518 2514 et
1540 2493 1550 2513 1
1574 2483 1657 2514 Petr.
1682 2493 1715 2523 v,
1735 2481 1765 2514 5.

384 2530 433 2564 ’-
451 2538 467 2570 4
486 2534 758 2582 Psal.civu1‚71.
780 2556 821 2562 -
840 2537 854 2562 5
869 2548 888 2571 2
905 2540 976 2571 Cor.
998 2550 1030 2580 v,
1052 2549 1104 2570 21.
