1848 3261
356 237 411 278 84
787 245 821 275 s.
857 245 1087 275 Auens‘nm
1119 245 1301 273 Emscom

351 323 441 360 tam
474 312 665 358 multum
694 312 742 356 in
774 310 1092 356 misericordia?
1115 313 1322 354 Peccatur
1344 316 1387 353 et
1409 308 1590 366 vivitur3
1616 321 1738 352 acce-

352 385 465 430 dunt
499 393 676 445 peccata
692 419 703 440 ‚
739 392 921 441 augetur
942 383 1028 427 vita
1066 401 1074 427 z
1101 380 1429 440 blasphematur
1449 379 1644 441 quotidie
1660 414 1670 434 ‚
1696 387 1740 424 et

350 457 457 502 facit
479 456 614 501 solem
636 471 762 500 suum
787 455 889 500 oriri
911 469 1039 514 super
1062 454 1199 498 bonos
1223 460 1266 495 et
1294 451 1427 496 malos
1444 454 1474 495 1.
1500 453 1637 496 Vocat
1652 465 1740 494 un-

352 527 484 588 dique
512 527 566 571 ad
590 526 901 572 correctionem
920 561 930 580 ,
957 534 1084 570 vocat
1105 523 1302 583 undique
1330 521 1385 566 ad
1406 521 1708 581 poenitentiam
1726 556 1738 576 ‚

351 608 477 643 vocat
498 597 721 641 beneficiis
750 605 982 651 creaturae,
1018 604 1145 640 vocat
1178 591 1469 653 impertiendo
1491 601 1662 651 tempus
1681 591 1743 635 vi-

351 668 507 724 vendi,
532 677 658 713 vocat
680 682 757 727 per
778 665 983 711 lectorem
998 701 1009 721 ‚
1030 675 1157 711 vocat
1174 680 1250 724 per
1273 673 1549 708 tractatorem
1563 698 1574 719 ‚
1617 670 1744 707 vocat

352 756 428 801 per
458 739 657 783 intimam
691 738 1020 797 cogitationem,
1046 745 1172 781 vocat
1199 751 1276 795 per
1314 733 1536 794 flagellum
1563 748 1742 792 correp—

354 811 506 865 tionis,
538 819 666 855 vocat
705 824 783 869 per
818 808 1156 853 misericordiam
1193 806 1499 852 consolationis
1531 825 1540 850 :
1581 824 1602 848 ι(
1631 808 1742 856 Lon·

355 900 376 923 »
413 880 594 939 ganimis
628 889 672 924 et
705 878 896 924 multum
925 877 1245 923 misericordiae.
1282 896 1302 919 »
1347 875 1431 921 Sed
1463 876 1644 920 observa
1687 889 1742 918 ne

350 949 627 1011 longitudine
650 951 956 995 misericordiae
970 951 1045 995 Dei
1062 950 1175 994 male
1199 948 1382 1004 utendo,
1403 957 1453 993 tu
1469 947 1550 991 tibi
1565 947 1742 991 thesau-

354 1023 483 1078 rich‚
509 1019 630 1082 quod
653 1021 713 1065 ait
734 1021 995 1080 Apostolus,
1027 1021 1134 1064 iram
1151 1021 1197 1064 in
1224 1020 1296 1063 die
1324 1010 1415 1063 irae.'
1445 1020 1555 1064 Nam
1574 1019 1658 1062 hoc
1686 1016 1745 1061 ait

354 1093 588 1155 Apostolus
632 1112 641 1137 ε
688 1095 792 1136 «An
815 1091 984 1135 divitias
1017 1090 1298 1148 benignitatis
1332 1099 1375 1133 ct
1407 1088 1746 1148 longanimitatis
1805 1120 1817 1124 ,

359 1187 378 1210 »
415 1167 506 1225 ejus
537 1162 779 1208 contemnis
797 1197 808 1217 ,
834 1162 1034 1219 ignorans
1063 1160 1164 1220 quia
1197 1159 1403 1219 patientia
1427 1161 1504 1203 Dei
1528 1159 1583 1204 ad
1607 1159 1747 1218 poeni-

358 1257 378 1279 »
415 1235 595 1280 tentiam
636 1243 679 1278 te
711 1232 942 1276 adducit2?
969 1252 986 1273 »
1016 1231 1146 1284 Quod
1179 1232 1259 1275 tibi
1293 1230 1453 1290 parcit,
1486 1238 1612 1290 putas
1645 1230 1747 1290 quia

358 1307 500 1368 places
526 1306 595 1349 ei?
624 1305 764 1348 «Haee
788 1303 946 1357 fecisti,
979 1303 1144 1363 inquit,
1177 1311 1220 1346 et
1249 1302 1395 1360 tacui3
1426 1302 1666 1360 suspicatus
1703 1316 1747 1346 es

361 1398 380 1419 »
416 1376 707 1436 iniquitatem,
734 1372 854 1433 quod
875 1387 948 1416 ero
970 1373 1035 1415 tui
1053 1371 1200 1416 similis
1216 1374 1248 1416 3.
1271 1390 1291 1413 »
1322 1374 1420 1417 Non
1442 1372 1547 1416 mihi
1574 1371 1748 1431 placent

359 1456 557 1510 peccata,
579 1444 654 1490 sed
667 1443 997 1502 longanimitate
1015 1458 1164 1503 quaero
1188 1451 1304 1486 recte
1327 1441 1456 1487 facta.
1486 1442 1748 1502 Sipunirem

358 1527 605 1580 peccatores
623 1551 633 1571 ,
675 1531 765 1560 non
806 1514 1048 1558 invenirem
1079 1512 1360 1557 confessores.
1406 1514 1521 1571 Ergo
1554 1522 1596 1556 te
1635 1515 1749 1557 Deus

359 1587 687 1647 longanimitate
704 1601 779 1628 sua
806 1582 1026 1644 parcendo
1051 1582 1105 1627 ad
1131 1583 1434 1642 poenitentiam
1463 1581 1642 1627 adducit
1665 1601 1674 1627 ε
1701 1591 1750 1626 tu

360 1669 508 1705 autem
539 1673 640 1702 cum
670 1655 867 1716 quotidie
903 1653 1008 1698 dicis
1042 1672 1050 1697 :
1085 1656 1117 1697 F
1123 1653 1258 1697 initur
1286 1652 1522 1697 hodiernus
1553 1652 1670 1709 dies,
1706 1661 1750 1697 et

359 1730 420 1775 sic
448 1744 521 1773 ero
546 1737 590 1771 ct
623 1726 809 1771 crastino
832 1723 930 1780 die,
965 1738 1055 1768 non
1078 1723 1193 1767 enim
1229 1738 1321 1767 cras
1350 1723 1431 1768 erit
1463 1723 1671 1781 ultinius3
1707 1733 1751 1768 et

362 1799 490 1845 tertio
519 1798 587 1842 die
629 1816 637 1841 z
671 1806 714 1841 et
742 1795 888 1841 subito
910 1794 1028 1839 venit
1061 1794 1123 1838 ira
1159 1795 1265 1854 ejus.
1294 1796 1460 1849 Frater,
1487 1809 1577 1839 non
1609 1794 1751 1839 tardes

364 1868 559 1915 converti
591 1868 647 1910 ad
678 1865 957 1911 Doinimim⁴.
998 1867 1108 1909 Sunt
1135 1865 1251 1908 enim
1279 1865 1356 1925 qui
1378 1875 1624 1925 praeparant
1646 1881 1753 1910 con—

364 1941 608 1986 versionem
625 1973 636 1994 ,
661 1947 704 1981 et
727 1937 938 1981 differunt
953 1971 964 1991 ,
991 1945 1034 1980 ct
1061 1936 1111 1979 fit
1139 1935 1185 1978 in
1205 1934 1288 1979 illis
1309 1951 1393 1980 vox
1415 1936 1607 1991 corvina,
1629 1938 1749 1993 Cras,

364 2028 471 2057 cras.
495 2013 661 2056 Corvus
681 2008 735 2052 de
753 2023 849 2051 arca
867 2007 1019 2051 missus
1036 2041 1046 2061 ‚
1072 2021 1162 2051 non
1179 2015 1243 2050 est
1259 2021 1453 2050 reversus
1468 2008 1498 2050 ⁵.
1519 2009 1617 2051 Non
1631 2023 1753 2067 quae-

365 2084 421 2128 rit
442 2086 556 2127 Deus
580 2079 832 2123 dilationem
859 2078 905 2120 in
924 2092 1029 2122 vocc
1052 2077 1228 2121 corvina
1244 2110 1255 2132 ‚
1281 2074 1356 2120 sed
1377 2074 1690 2121 confessionem
1708 2077 1754 2122 in

366 2153 530 2212 gemitu
552 2149 821 2195 columbino.
843 2148 971 2192 Missa
1000 2145 1207 2191 columba
1230 2161 1396 2190 reversa
1418 2155 1495 2190 est.
1521 2146 1751 2202 Quandiu‚

366 2227 470 2270 Cras
486 2258 497 2279 7
522 2222 645 2266 cras?
667 2219 861 2263 Observo
880 2217 1084 2262 ultimum
1102 2232 1192 2261 cras
1213 2235 1221 2260 :
1243 2216 1345 2277 quia
1367 2216 1538 2276 ignoras
1560 2217 1680 2278 quod
1701 2218 1755 2262 sit

368 2293 576 2339 ultimum
597 2305 710 2345 cras,
738 2288 925 2333 sufficiat
945 2286 1065 2348 quod
1084 2287 1227 2332 vixisti
1247 2301 1384 2346 usque
1414 2286 1468 2331 ad
1491 2286 1754 2332 hodiernum

367 2373 582 2425 peccator.
608 2361 805 2415 Audisti,
839 2374 952 2418 szepe
981 2359 1089 2403 soles
1115 2356 1293 2412 audire,
1330 2357 1488 2402 audisti
1518 2367 1561 2402 et
1581 2358 1712 2403 hodie
1741 2378 1750 2403 :

368 2451 502 2496 quam
524 2431 720 2495 quotidie
747 2430 868 2475 audis
885 2465 895 2485 ,
922 2440 1009 2474 tam
1033 2429 1228 2490 quotidie
1249 2444 1339 2473 non
1361 2429 1596 2488 corrigeris.
1647 2449 1668 2473 «
1689 2433 1756 2474 Tu

419 2538 427 2554 ¹
447 2530 559 2563 Matth.
580 2542 614 2571 v,
631 2529 686 2571 45.
703 2546 743 2551 -
761 2535 773 2551 ²
795 2530 888 2560 Rom.
909 2539 948 2569 11,
970 2525 1010 2568 4,
1027 2526 1057 2560 5.
1080 2542 1122 2549 —-
1144 2524 1155 2548 3
1175 2525 1252 2558 Psal,
1269 2536 1351 2567 xcix,
1375 2533 1429 2557 21.
1452 2542 1491 2548 —-
1513 2524 1643 2559 4Eccli.
1666 2537 1700 2568 v,
1719 2529 1751 2559 8.

374 2605 416 2612 —
433 2585 446 2611 5
462 2589 539 2620 Gen.
558 2597 626 2627 vm,
648 2596 678 2627 7.
