1848 3261
282 253 524 283 ENARRATm
555 257 601 283 m
632 254 836 285 rsALMnM
865 257 999 284 cxvm
1012 274 1028 296 ,
1061 255 1199 285 semro
1228 257 1342 286 xxx1.
1399 247 1483 287 539

109 340 130 363 »
165 320 294 365 dilexi
316 337 327 365 .·
354 339 374 362 »
400 320 558 365 deinde
585 322 782 383 sequenti
810 337 964 377 versu,
994 341 1015 364 «
1042 324 1301 368 Testimonia
1318 334 1416 380 tua,
1440 334 1485 370 et

108 410 129 434 n
165 391 401 446 custodivi,
426 401 469 436 et
490 391 617 436 dilexi
640 411 649 438 ε
678 411 698 433 »
723 402 886 452 postea,
906 395 993 437 «Et
1014 393 1216 437 mandata
1241 403 1313 438 tua
1335 404 1378 439 et
1400 403 1485 439 tes-

107 480 129 503 »
163 462 343 506 timonia
365 471 439 506 tua
457 463 714 507 custodivi.»
729 463 801 507 Ait
826 464 967 507 enim:
992 482 1012 505 «
1036 461 1261 508 Custodivi
1282 464 1486 509 mandata

107 550 128 574 »
164 541 238 576 tua
256 542 298 576 et
319 533 563 577 testimonia
586 535 701 577 tua1.
731 552 749 573 »
778 534 863 587 Qui
881 533 995 577 enim
1017 532 1160 592 diligit
1180 569 1191 587 ‚
1211 533 1301 593 ipsa
1319 535 1485 579 veraci-

104 612 170 648 ter
191 604 464 663 libenterque
489 603 690 648 custodit.
705 603 968 663 Plerumque
991 613 1136 648 autem
1158 605 1264 648 dum
1281 604 1486 649 mandata

104 675 182 718 Dei
204 673 533 728 custodiuntur,
570 674 683 718 fiunt
702 675 865 719 inimici
897 683 1047 719 contra
1070 690 1256 734 quorum
1277 674 1486 720 volunta-

103 753 192 788 tem
214 743 521 788 custodiuntur
540 763 548 789 ι
574 753 679 788 tunc
701 760 803 789 vero
826 743 994 789 fortiter
1016 754 1059 788 et
1081 745 1323 789 testimonia
1344 755 1487 791 custo-

103 814 260 859 dienda
281 826 408 870 sunt,
430 832 484 859 ne
509 817 871 875 persequentibus
892 816 1074 860 inimicis
1095 826 1326 875 negentur.

162 887 285 929 VIII.
311 888 425 930 Cum
447 901 551 945 ergo
573 902 616 930 se
638 887 716 930 iste
738 894 975 946 utrumque
994 885 1144 930 fecisse
1167 885 1365 942 dixisset,
1396 889 1486 932 Deo

101 955 258 1000 tribuit
294 956 412 1000 unde
446 954 575 1010 fecit,
607 955 885 1017 adjungendo
921 966 1053 1017 atque
1075 956 1259 1002 dicendo
1291 976 1300 1003 ε
1329 957 1487 1011 «Quia

104 1044 126 1067 »
161 1041 310 1070 omnes
332 1026 413 1070 viae
435 1042 543 1070 meae
565 1027 610 1070 in
632 1037 869 1088 conspectu
890 1037 965 1072 tuo
982 1062 992 1081 ‚
1017 1028 1215 1071 Domine.
1233 1045 1255 1069 »
1280 1026 1401 1083 Ideo,
1419 1028 1489 1072 in-

101 1096 200 1157 quit
218 1131 229 1151 ,
257 1116 277 1138 «
301 1096 527 1142 Custodivi
555 1097 758 1142 mandata
787 1107 862 1142 tua
895 1107 938 1142 et
974 1098 1221 1142 testimonia
1252 1107 1358 1155 tua3
1383 1098 1488 1157 quia

103 1185 124 1209 »
144 1182 293 1211 omnes
316 1167 398 1210 viae
414 1182 523 1210 meae
539 1167 583 1211 in
597 1178 830 1227 conspectu
848 1178 970 1212 tuo.»
984 1171 1211 1228 Tanquam
1224 1167 1387 1213 diceret
1408 1187 1417 1213 :
1441 1168 1484 1214 Si

101 1237 324 1282 avertisses
347 1254 369 1281 a
390 1253 461 1281 me
483 1237 638 1282 faciem
660 1247 796 1292 tuam,
818 1239 965 1282 fierem
984 1238 1286 1293 conturbatus,
1313 1253 1394 1283 nec
1411 1247 1487 1283 tua

99 1306 305 1352 mandata
327 1317 371 1352 ct
392 1308 636 1353 testimonia
654 1308 932 1353 custodirem.
954 1307 1179 1353 Custodivi
1201 1322 1317 1366 ergo,
1339 1326 1359 1350 «
1377 1308 1488 1362 Quia

102 1396 124 1419 »
160 1393 309 1423 omnes
325 1379 407 1422 vire
429 1394 538 1422 meae
559 1379 605 1422 in
627 1387 864 1438 conspectu
881 1387 974 1422 tuo.
999 1397 1018 1419 »
1045 1378 1238 1438 Propitio
1260 1379 1423 1439 quippe
1445 1388 1490 1424 et

101 1448 335 1508 adjuvante
364 1457 599 1507 conspectu
619 1483 629 1503 ,
668 1449 807 1492 voluit
834 1448 1018 1507 intelligi
1049 1452 1188 1493 Deum
1219 1448 1367 1493 videre
1397 1449 1487 1494 vias

100 1535 198 1564 suas
224 1539 232 1564 :
266 1520 377 1564 sicut
397 1519 535 1563 oravit
557 1519 632 1579 qui
662 1519 768 1563 dixit
791 1538 801 1563 ε
827 1538 847 1561 α
872 1522 935 1564 Ne
958 1529 1124 1564 avertas
1146 1518 1300 1564 faciem
1321 1529 1441 1564 tuam
1463 1535 1487 1565 a

102 1609 123 1632 »
158 1591 271 1634 me2.
297 1608 316 1630 »
337 1592 446 1634 Nam
470 1589 623 1649 utique
646 1587 775 1634 facies
794 1589 966 1634 Domini
984 1598 1047 1634 est
1065 1598 1109 1633 et
1129 1605 1259 1649 super
1282 1589 1489 1636 facientes

100 1659 214 1704 mala
230 1695 245 1715 ,
270 1660 344 1704 sed
367 1668 416 1703 ut
439 1659 591 1718 perdat
613 1658 668 1703 de
687 1668 800 1703 terra
822 1659 1074 1703 memoriam
1092 1661 1285 1703 eorum3.
1311 1663 1406 1705 Non
1429 1662 1489 1706 sic

99 1729 298 1791 profecto
315 1731 394 1774 iste
415 1730 521 1774 dixit
542 1729 631 1774 vias
653 1745 749 1774 suas
771 1730 826 1774 ab
853 1728 928 1774 illo
950 1729 1089 1774 videri
1109 1750 1121 1787 3
1140 1729 1214 1774 sed
1236 1730 1348 1775 sicut
1366 1731 1489 1777 novit

100 1803 311 1847 Dominus
331 1802 648 1860 viasjustorum
663 1801 702 1858 ⁴3
727 1809 770 1844 et
791 1800 903 1844 sicut
924 1799 985 1845 ait
1004 1801 1161 1858 Moysi,
1182 1819 1202 1842 «
1216 1801 1312 1845 Scio
1334 1810 1377 1846 te
1398 1817 1488 1861 prae

102 1889 124 1913 »
159 1871 364 1917 omnibus
380 1873 411 1914 ⁵.
441 1889 460 1912 »
485 1872 595 1915 Nam
616 1870 650 1914 si
672 1870 756 1915 hoc
785 1885 887 1914 eum
908 1885 997 1914 non
1029 1869 1253 1930 adjuvaret
1286 1871 1488 1930 gradien-

99 1953 185 1986 tem
202 1977 212 1997 ‚
251 1940 372 2002 quod
405 1941 497 2001 ejus
517 1941 600 1984 viae
622 1949 724 1984 sunt
745 1941 790 1984 in
812 1949 1048 2000 conspectu
1071 1941 1149 1985 Dei
1169 1975 1180 1996 ,
1210 1955 1301 1985 non
1323 1939 1486 1987 diceret

98 2011 199 2056 ideo
220 2027 265 2056 se
286 2010 522 2056 custodisse
539 2011 744 2055 mandata
766 2020 808 2056 et
825 2011 1068 2056 testimonia
1085 2012 1192 2071 ejus,
1214 2012 1316 2072 quia
1335 2027 1485 2059 omnes

98 2083 181 2128 viae
202 2098 291 2127 suae
318 2091 419 2127 sunt
446 2083 492 2126 in
520 2090 757 2140 conspectu
789 2081 976 2126 Domini.
1014 2082 1145 2126 Novit
1168 2082 1284 2126 enim
1307 2082 1480 2139 audire,

103 2173 124 2195 «
160 2154 324 2198 Servite
346 2152 530 2197 Domino
547 2152 589 2196 in
615 2151 785 2205 timore,
811 2160 854 2196 et
876 2151 1064 2196 exultate
1084 2152 1120 2195 ei
1140 2167 1240 2196 cum
1261 2161 1449 2198 tremore
1468 2173 1479 2198 ε

102 2241 123 2265 ι)
158 2222 471 2284 apprehendite
493 2222 765 2282 disciplinam
787 2257 798 2277 ‚
820 2238 876 2266 ne
897 2221 1075 2283 quando
1095 2223 1302 2267 irascatur
1330 2224 1482 2268 Domi-

102 2313 123 2337 »
157 2311 264 2349 nuS‚
288 2303 331 2339 et
352 2295 533 2354 pereatis
556 2293 610 2338 de
628 2294 696 2337 via
715 2295 872 2353 justass.
901 2312 922 2336 »
947 2294 1057 2347 Quia
1079 2293 1160 2338 nisi
1182 2294 1226 2338 in
1244 2303 1482 2354 conspectu

98 2365 274 2410 Domini
296 2374 406 2409 esset
423 2399 435 2419 ‚
459 2364 527 2408 via
544 2365 661 2424 justa
692 2379 781 2408 non
799 2373 923 2409 esset.
947 2366 1057 2409 Nam
1078 2365 1196 2409 hunc
1214 2365 1414 2409 timorem
1437 2374 1481 2410 et

97 2444 331 2480 tremorem
353 2434 572 2495 apostolus
594 2434 723 2478 etiam
749 2432 909 2478 Paulus
942 2433 1129 2494 imponit
1150 2434 1210 2478 eis
1229 2434 1390 2494 quibus
1410 2433 1479 2478 di-

148 2538 156 2553 ¹
177 2531 256 2563 psal.
272 2530 378 2571 cuni,
401 2531 474 2563 168.
491 2547 533 2553 -
552 2537 565 2553 ²
584 2531 629 2563 Id.
652 2540 739 2570 xxvr,
759 2540 791 2572 9.
812 2546 854 2552 —
875 2527 888 2552 ³
905 2530 952 2563 Id.
972 2541 1086 2573 xuni,
1111 2540 1161 2572 ¹7·
1182 2546 1225 2554 -
1240 2528 1256 2560 4
1277 2531 1324 2564 Id.
1345 2542 1369 2573 ι.,
1394 2530 1478 2565 6.-

100 2585 115 2610 5
136 2587 234 2620 Exod.
256 2597 371 2627 xxxin,
393 2598 442 2629 17.
464 2604 505 2610 —
527 2585 543 2610 6
561 2586 642 2619 Psal.
660 2597 695 2627 ιι,
718 2597 770 2627 11,
793 2594 843 2620 12.
