<?xml version="1.0" encoding="UTF-8"?>
<!DOCTYPE html PUBLIC "-//W3C//DTD XHTML 1.0 Transitional//EN"
    "http://www.w3.org/TR/xhtml1/DTD/xhtml1-transitional.dtd">
<html xmlns="http://www.w3.org/1999/xhtml" xml:lang="en" lang="en">
 <head>
  <title>
</title>
<meta http-equiv="Content-Type" content="text/html;charset=utf-8" />
  <meta name='ocr-system' content='tesseract 3.04.00' />
  <meta name='ocr-capabilities' content='ocr_page ocr_carea ocr_par ocr_line ocrx_word'/>
</head>
<body>
  <div class='ocr_page' id='page_1' title='image "./operaomniaaccura11auguuoft_0457.png"; bbox 0 0 1848 3261; ppageno 0'>
   <div class='ocr_carea' id='block_1_1' title="bbox 267 215 1462 265">
    <p class='ocr_par' dir='ltr' id='par_1_1' title="bbox 267 215 1462 265">
     <span class='ocr_line' id='line_1_1' title="bbox 267 215 1462 265; baseline 0.004 -14"><span class='ocrx_word' id='word_1_1' title='bbox 267 220 508 252; x_wconf 73' lang='lat' dir='ltr'>ENARRATIO</span> <span class='ocrx_word' id='word_1_2' title='bbox 539 223 585 253; x_wconf 80' lang='lat' dir='ltr'>m</span> <span class='ocrx_word' id='word_1_3' title='bbox 616 221 817 253; x_wconf 72' lang='lat' dir='ltr'>PsALMUM</span> <span class='ocrx_word' id='word_1_4' title='bbox 847 225 1004 265; x_wconf 81' lang='lat' dir='ltr'>cxvnr,</span> <span class='ocrx_word' id='word_1_5' title='bbox 1038 225 1176 255; x_wconf 75' lang='lat' dir='ltr'>SERMO</span> <span class='ocrx_word' id='word_1_6' title='bbox 1208 229 1299 256; x_wconf 79' lang='lat' dir='ltr'>xw.</span> <span class='ocrx_word' id='word_1_7' title='bbox 1379 215 1462 256; x_wconf 80' lang='lat'>445</span> 
     </span>
    </p>
   </div>
   <div class='ocr_carea' id='block_1_2' title="bbox 88 288 1484 2449">
    <p class='ocr_par' dir='ltr' id='par_1_2' title="bbox 88 288 1480 2096">
     <span class='ocr_line' id='line_1_2' title="bbox 91 288 1461 348; baseline 0.003 -16"><span class='ocrx_word' id='word_1_8' title='bbox 91 288 262 333; x_wconf 88' lang='lat' dir='ltr'>nonnisi</span> <span class='ocrx_word' id='word_1_9' title='bbox 285 288 340 333; x_wconf 91' lang='lat' dir='ltr'>ad</span> <span class='ocrx_word' id='word_1_10' title='bbox 354 289 573 348; x_wconf 90' lang='lat' dir='ltr'>poscendi,</span> <span class='ocrx_word' id='word_1_11' title='bbox 591 290 674 334; x_wconf 93' lang='lat' dir='ltr'>hoc</span> <span class='ocrx_word' id='word_1_12' title='bbox 691 298 775 344; x_wconf 88' lang='lat' dir='ltr'>est,</span> <span class='ocrx_word' id='word_1_13' title='bbox 798 289 949 334; x_wconf 89' lang='lat' dir='ltr'>orandi</span> <span class='ocrx_word' id='word_1_14' title='bbox 970 290 1220 335; x_wconf 84' lang='lat' dir='ltr'>instantiam</span> <span class='ocrx_word' id='word_1_15' title='bbox 1235 292 1461 348; x_wconf 87' lang='lat' dir='ltr'>pertinere.</span> 
     </span>
     <span class='ocr_line' id='line_1_3' title="bbox 89 359 1468 419; baseline 0.001 -15"><span class='ocrx_word' id='word_1_16' title='bbox 89 359 212 404; x_wconf 88' lang='lat' dir='ltr'>Alius</span> <span class='ocrx_word' id='word_1_17' title='bbox 240 374 368 419; x_wconf 91' lang='lat' dir='ltr'>porro</span> <span class='ocrx_word' id='word_1_18' title='bbox 390 359 661 417; x_wconf 86' lang='lat' dir='ltr'>Evangelista</span> <span class='ocrx_word' id='word_1_19' title='bbox 688 375 778 404; x_wconf 90' lang='lat' dir='ltr'>non</span> <span class='ocrx_word' id='word_1_20' title='bbox 799 359 859 402; x_wconf 88' lang='lat' dir='ltr'>ait</span> <span class='ocrx_word' id='word_1_21' title='bbox 880 378 889 404; x_wconf 90' lang='lat'>:</span> <span class='ocrx_word' id='word_1_22' title='bbox 911 378 932 401; x_wconf 89' lang='lat'>«</span> <span class='ocrx_word' id='word_1_23' title='bbox 952 359 1081 404; x_wconf 85' lang='lat' dir='ltr'>Dabit</span> <span class='ocrx_word' id='word_1_24' title='bbox 1093 361 1205 404; x_wconf 83' lang='lat' dir='ltr'>bona</span> <span class='ocrx_word' id='word_1_25' title='bbox 1219 362 1468 419; x_wconf 88' lang='lat' dir='ltr'>petentibus</span> 
     </span>
     <span class='ocr_line' id='line_1_4' title="bbox 93 427 1469 489; baseline 0.003 -19"><span class='ocrx_word' id='word_1_26' title='bbox 93 445 114 470; x_wconf 88' lang='lat'>»</span> <span class='ocrx_word' id='word_1_27' title='bbox 130 444 218 484; x_wconf 84' lang='lat' dir='ltr'>se,»</span> <span class='ocrx_word' id='word_1_28' title='bbox 232 445 331 489; x_wconf 85' lang='lat' dir='ltr'>quae</span> <span class='ocrx_word' id='word_1_29' title='bbox 344 428 643 488; x_wconf 88' lang='lat' dir='ltr'>multipliciter</span> <span class='ocrx_word' id='word_1_30' title='bbox 659 438 837 489; x_wconf 86' lang='lat' dir='ltr'><strong>possunt</strong></span> <span class='ocrx_word' id='word_1_31' title='bbox 854 427 1053 487; x_wconf 81' lang='lat' dir='ltr'>intelligi,</span> <span class='ocrx_word' id='word_1_32' title='bbox 1064 429 1133 472; x_wconf 92' lang='lat' dir='ltr'>vel</span> <span class='ocrx_word' id='word_1_33' title='bbox 1149 430 1387 488; x_wconf 87' lang='lat' dir='ltr'>corporalia</span> <span class='ocrx_word' id='word_1_34' title='bbox 1399 430 1469 475; x_wconf 90' lang='lat' dir='ltr'>vel</span> 
     </span>
     <span class='ocr_line' id='line_1_5' title="bbox 89 497 1470 558; baseline -0.001 -16"><span class='ocrx_word' id='word_1_35' title='bbox 89 498 441 557; x_wconf 78' lang='lat' dir='ltr'>spiritualia3sed</span> <span class='ocrx_word' id='word_1_36' title='bbox 462 498 732 544; x_wconf 88' lang='lat' dir='ltr'>circumcidit</span> <span class='ocrx_word' id='word_1_37' title='bbox 752 497 855 542; x_wconf 90' lang='lat' dir='ltr'>inde</span> <span class='ocrx_word' id='word_1_38' title='bbox 888 497 992 553; x_wconf 89' lang='lat' dir='ltr'>alia,</span> <span class='ocrx_word' id='word_1_39' title='bbox 1026 498 1212 558; x_wconf 87' lang='lat' dir='ltr'>satisque</span> <span class='ocrx_word' id='word_1_40' title='bbox 1240 498 1470 556; x_wconf 83' lang='lat' dir='ltr'>diligenter</span> 
     </span>
     <span class='ocr_line' id='line_1_6' title="bbox 89 566 1473 630; baseline 0 -18"><span class='ocrx_word' id='word_1_41' title='bbox 89 568 294 628; x_wconf 84' lang='lat' dir='ltr'>expressit</span> <span class='ocrx_word' id='word_1_42' title='bbox 327 569 434 630; x_wconf 92' lang='lat' dir='ltr'>quid</span> <span class='ocrx_word' id='word_1_43' title='bbox 466 584 545 614; x_wconf 93' lang='lat' dir='ltr'>nos</span> <span class='ocrx_word' id='word_1_44' title='bbox 574 570 854 613; x_wconf 89' lang='lat' dir='ltr'>vehementer</span> <span class='ocrx_word' id='word_1_45' title='bbox 882 577 1012 629; x_wconf 88' lang='lat' dir='ltr'>atque</span> <span class='ocrx_word' id='word_1_46' title='bbox 1037 568 1248 613; x_wconf 82' lang='lat' dir='ltr'>instanter</span> <span class='ocrx_word' id='word_1_47' title='bbox 1283 566 1473 612; x_wconf 88' lang='lat' dir='ltr'>voluerit</span> 
     </span>
     <span class='ocr_line' id='line_1_7' title="bbox 89 638 1474 698; baseline -0.001 -16"><span class='ocrx_word' id='word_1_48' title='bbox 89 653 264 698; x_wconf 89' lang='lat' dir='ltr'>poscere</span> <span class='ocrx_word' id='word_1_49' title='bbox 286 638 496 683; x_wconf 89' lang='lat' dir='ltr'>Dominus</span> <span class='ocrx_word' id='word_1_50' title='bbox 511 673 522 694; x_wconf 93' lang='lat'>,</span> <span class='ocrx_word' id='word_1_51' title='bbox 548 647 592 683; x_wconf 91' lang='lat' dir='ltr'>et</span> <span class='ocrx_word' id='word_1_52' title='bbox 609 639 666 683; x_wconf 88' lang='lat' dir='ltr'>ait</span> <span class='ocrx_word' id='word_1_53' title='bbox 692 657 701 683; x_wconf 74' lang='grc' dir='ltr'>ε</span> <span class='ocrx_word' id='word_1_54' title='bbox 725 657 745 680; x_wconf 89' lang='lat'>«</span> <span class='ocrx_word' id='word_1_55' title='bbox 762 641 938 692; x_wconf 83' lang='lat' dir='ltr'>Quanto</span> <span class='ocrx_word' id='word_1_56' title='bbox 960 638 1096 697; x_wconf 85' lang='lat' dir='ltr'>magis</span> <span class='ocrx_word' id='word_1_57' title='bbox 1114 642 1240 683; x_wconf 89' lang='lat' dir='ltr'>Pater</span> <span class='ocrx_word' id='word_1_58' title='bbox 1260 647 1402 682; x_wconf 84' lang='lat' dir='ltr'>vester</span> <span class='ocrx_word' id='word_1_59' title='bbox 1418 638 1474 681; x_wconf 91' lang='lat' dir='ltr'>de</span> 
     </span>
     <span class='ocr_line' id='line_1_8' title="bbox 92 706 1474 768; baseline 0.001 -19"><span class='ocrx_word' id='word_1_60' title='bbox 92 724 114 750; x_wconf 88' lang='lat'>»</span> <span class='ocrx_word' id='word_1_61' title='bbox 148 706 262 753; x_wconf 88' lang='lat' dir='ltr'>coelo</span> <span class='ocrx_word' id='word_1_62' title='bbox 282 708 404 752; x_wconf 90' lang='lat' dir='ltr'>dabit</span> <span class='ocrx_word' id='word_1_63' title='bbox 433 708 637 768; x_wconf 87' lang='lat' dir='ltr'>Spiritum</span> <span class='ocrx_word' id='word_1_64' title='bbox 666 709 833 753; x_wconf 89' lang='lat' dir='ltr'>bonum</span> <span class='ocrx_word' id='word_1_65' title='bbox 868 708 1118 768; x_wconf 88' lang='lat' dir='ltr'>petentibus</span> <span class='ocrx_word' id='word_1_66' title='bbox 1139 709 1240 752; x_wconf 74' lang='lat' dir='ltr'>se1?</span> <span class='ocrx_word' id='word_1_67' title='bbox 1264 725 1283 749; x_wconf 87' lang='lat'>»</span> <span class='ocrx_word' id='word_1_68' title='bbox 1307 707 1387 751; x_wconf 91' lang='lat' dir='ltr'>Hic</span> <span class='ocrx_word' id='word_1_69' title='bbox 1409 715 1474 751; x_wconf 91' lang='lat' dir='ltr'>est</span> 
     </span>
     <span class='ocr_line' id='line_1_9' title="bbox 89 777 1474 839; baseline 0 -17"><span class='ocrx_word' id='word_1_70' title='bbox 89 777 162 822; x_wconf 87' lang='lat' dir='ltr'>ille</span> <span class='ocrx_word' id='word_1_71' title='bbox 186 778 389 838; x_wconf 85' lang='lat' dir='ltr'>Spiritus,</span> <span class='ocrx_word' id='word_1_72' title='bbox 418 794 496 838; x_wconf 89' lang='lat' dir='ltr'>per</span> <span class='ocrx_word' id='word_1_73' title='bbox 516 794 648 839; x_wconf 88' lang='lat' dir='ltr'>quem</span> <span class='ocrx_word' id='word_1_74' title='bbox 681 778 945 824; x_wconf 85' lang='lat' dir='ltr'>diffunditur</span> <span class='ocrx_word' id='word_1_75' title='bbox 976 779 1161 823; x_wconf 86' lang='lat' dir='ltr'>charitas</span> <span class='ocrx_word' id='word_1_76' title='bbox 1191 779 1237 822; x_wconf 86' lang='lat' dir='ltr'>in</span> <span class='ocrx_word' id='word_1_77' title='bbox 1268 777 1474 823; x_wconf 87' lang='lat' dir='ltr'>cordibus</span> 
     </span>
     <span class='ocr_line' id='line_1_10' title="bbox 88 847 1474 909; baseline 0.001 -17"><span class='ocrx_word' id='word_1_78' title='bbox 88 849 262 903; x_wconf 88' lang='lat' dir='ltr'>nostris,</span> <span class='ocrx_word' id='word_1_79' title='bbox 284 857 334 892; x_wconf 90' lang='lat' dir='ltr'>ut</span> <span class='ocrx_word' id='word_1_80' title='bbox 354 851 493 893; x_wconf 89' lang='lat' dir='ltr'>Deum</span> <span class='ocrx_word' id='word_1_81' title='bbox 508 849 842 909; x_wconf 86' lang='lat' dir='ltr'>proximumque</span> <span class='ocrx_word' id='word_1_82' title='bbox 864 848 1085 908; x_wconf 87' lang='lat' dir='ltr'>diligendo</span> <span class='ocrx_word' id='word_1_83' title='bbox 1103 849 1250 894; x_wconf 89' lang='lat' dir='ltr'>divina</span> <span class='ocrx_word' id='word_1_84' title='bbox 1270 847 1474 893; x_wconf 89' lang='lat' dir='ltr'>mandata</span> 
     </span>
     <span class='ocr_line' id='line_1_11' title="bbox 89 915 1471 979; baseline 0.001 -18"><span class='ocrx_word' id='word_1_85' title='bbox 89 915 314 962; x_wconf 83' lang='lat' dir='ltr'>faciamus.</span> <span class='ocrx_word' id='word_1_86' title='bbox 341 919 422 962; x_wconf 90' lang='lat' dir='ltr'>Hic</span> <span class='ocrx_word' id='word_1_87' title='bbox 443 927 507 962; x_wconf 88' lang='lat' dir='ltr'>est</span> <span class='ocrx_word' id='word_1_88' title='bbox 527 918 601 962; x_wconf 86' lang='lat' dir='ltr'>ille</span> <span class='ocrx_word' id='word_1_89' title='bbox 627 919 809 978; x_wconf 89' lang='lat' dir='ltr'>Spiritus</span> <span class='ocrx_word' id='word_1_90' title='bbox 832 919 878 962; x_wconf 93' lang='lat' dir='ltr'>in</span> <span class='ocrx_word' id='word_1_91' title='bbox 895 934 984 979; x_wconf 87' lang='lat' dir='ltr'>quo</span> <span class='ocrx_word' id='word_1_92' title='bbox 995 917 1251 974; x_wconf 84' lang='lat' dir='ltr'>clamamus,</span> <span class='ocrx_word' id='word_1_93' title='bbox 1274 937 1296 960; x_wconf 87' lang='lat'>«</span> <span class='ocrx_word' id='word_1_94' title='bbox 1310 918 1439 962; x_wconf 86' lang='lat' dir='ltr'>Abba</span> <span class='ocrx_word' id='word_1_95' title='bbox 1457 951 1471 974; x_wconf 89' lang='lat'>‚</span> 
     </span>
     <span class='ocr_line' id='line_1_12' title="bbox 91 987 1477 1049; baseline 0.002 -21"><span class='ocrx_word' id='word_1_96' title='bbox 91 1004 113 1028; x_wconf 85' lang='lat'>»</span> <span class='ocrx_word' id='word_1_97' title='bbox 130 990 299 1032; x_wconf 82' lang='lat' dir='ltr'>Pater.»</span> <span class='ocrx_word' id='word_1_98' title='bbox 325 991 387 1032; x_wconf 89' lang='lat' dir='ltr'>Ac</span> <span class='ocrx_word' id='word_1_99' title='bbox 398 1003 475 1048; x_wconf 90' lang='lat' dir='ltr'>per</span> <span class='ocrx_word' id='word_1_100' title='bbox 495 988 579 1032; x_wconf 93' lang='lat' dir='ltr'>hoc</span> <span class='ocrx_word' id='word_1_101' title='bbox 594 988 684 1047; x_wconf 85' lang='lat' dir='ltr'>ipse</span> <span class='ocrx_word' id='word_1_102' title='bbox 706 1004 784 1034; x_wconf 91' lang='lat' dir='ltr'>nos</span> <span class='ocrx_word' id='word_1_103' title='bbox 798 987 900 1033; x_wconf 87' lang='lat' dir='ltr'>facit</span> <span class='ocrx_word' id='word_1_104' title='bbox 918 998 1085 1049; x_wconf 86' lang='lat' dir='ltr'>petere,</span> <span class='ocrx_word' id='word_1_105' title='bbox 1101 1004 1233 1049; x_wconf 89' lang='lat' dir='ltr'>quem</span> <span class='ocrx_word' id='word_1_106' title='bbox 1256 987 1477 1032; x_wconf 89' lang='lat' dir='ltr'>desidera-</span> 
     </span>
     <span class='ocr_line' id='line_1_13' title="bbox 89 1057 1476 1119; baseline -0.001 -18"><span class='ocrx_word' id='word_1_107' title='bbox 89 1072 186 1101; x_wconf 91' lang='lat' dir='ltr'>mus</span> <span class='ocrx_word' id='word_1_108' title='bbox 208 1057 427 1117; x_wconf 72' lang='lat' dir='ltr'>accipere,</span> <span class='ocrx_word' id='word_1_109' title='bbox 452 1058 543 1117; x_wconf 90' lang='lat' dir='ltr'>ipse</span> <span class='ocrx_word' id='word_1_110' title='bbox 566 1074 644 1103; x_wconf 89' lang='lat' dir='ltr'>nos</span> <span class='ocrx_word' id='word_1_111' title='bbox 666 1059 770 1103; x_wconf 83' lang='lat' dir='ltr'>facit</span> <span class='ocrx_word' id='word_1_112' title='bbox 791 1075 1008 1119; x_wconf 82' lang='lat' dir='ltr'>quaerere,</span> <span class='ocrx_word' id='word_1_113' title='bbox 1033 1074 1165 1118; x_wconf 88' lang='lat' dir='ltr'>quem</span> <span class='ocrx_word' id='word_1_114' title='bbox 1187 1058 1386 1116; x_wconf 90' lang='lat' dir='ltr'>cupimus</span> <span class='ocrx_word' id='word_1_115' title='bbox 1405 1058 1476 1100; x_wconf 93' lang='lat' dir='ltr'>in-</span> 
     </span>
     <span class='ocr_line' id='line_1_14' title="bbox 88 1127 1472 1189; baseline -0.001 -16"><span class='ocrx_word' id='word_1_116' title='bbox 88 1129 258 1187; x_wconf 70' lang='lat' dir='ltr'>venire,</span> <span class='ocrx_word' id='word_1_117' title='bbox 274 1129 364 1188; x_wconf 89' lang='lat' dir='ltr'>ipse</span> <span class='ocrx_word' id='word_1_118' title='bbox 386 1144 465 1173; x_wconf 90' lang='lat' dir='ltr'>nos</span> <span class='ocrx_word' id='word_1_119' title='bbox 479 1127 584 1173; x_wconf 84' lang='lat' dir='ltr'>facit</span> <span class='ocrx_word' id='word_1_120' title='bbox 597 1129 786 1189; x_wconf 80' lang='lat' dir='ltr'>pulsare,</span> <span class='ocrx_word' id='word_1_121' title='bbox 805 1130 860 1174; x_wconf 92' lang='lat' dir='ltr'>ad</span> <span class='ocrx_word' id='word_1_122' title='bbox 878 1145 1010 1189; x_wconf 88' lang='lat' dir='ltr'>quem</span> <span class='ocrx_word' id='word_1_123' title='bbox 1032 1130 1213 1173; x_wconf 89' lang='lat' dir='ltr'>nitimur</span> <span class='ocrx_word' id='word_1_124' title='bbox 1230 1127 1472 1187; x_wconf 87' lang='lat' dir='ltr'>pervenire.</span> 
     </span>
     <span class='ocr_line' id='line_1_15' title="bbox 90 1198 1476 1259; baseline -0.001 -16"><span class='ocrx_word' id='word_1_125' title='bbox 90 1201 184 1243; x_wconf 90' lang='lat' dir='ltr'>Hoc</span> <span class='ocrx_word' id='word_1_126' title='bbox 207 1198 336 1243; x_wconf 90' lang='lat' dir='ltr'>docet</span> <span class='ocrx_word' id='word_1_127' title='bbox 348 1199 581 1259; x_wconf 86' lang='lat' dir='ltr'>Apostolus</span> <span class='ocrx_word' id='word_1_128' title='bbox 597 1235 608 1255; x_wconf 89' lang='lat'>,</span> <span class='ocrx_word' id='word_1_129' title='bbox 629 1201 824 1259; x_wconf 91' lang='lat' dir='ltr'>quicum</span> <span class='ocrx_word' id='word_1_130' title='bbox 846 1200 962 1244; x_wconf 89' lang='lat' dir='ltr'>dicat</span> <span class='ocrx_word' id='word_1_131' title='bbox 982 1200 1028 1245; x_wconf 86' lang='lat' dir='ltr'>in</span> <span class='ocrx_word' id='word_1_132' title='bbox 1051 1200 1213 1259; x_wconf 88' lang='lat' dir='ltr'>Spiritu</span> <span class='ocrx_word' id='word_1_133' title='bbox 1227 1208 1374 1243; x_wconf 85' lang='lat' dir='ltr'>sancto</span> <span class='ocrx_word' id='word_1_134' title='bbox 1395 1213 1476 1243; x_wconf 91' lang='lat' dir='ltr'>nos</span> 
     </span>
     <span class='ocr_line' id='line_1_16' title="bbox 90 1267 1477 1324; baseline 0.001 -13"><span class='ocrx_word' id='word_1_135' title='bbox 90 1267 292 1323; x_wconf 86' lang='lat' dir='ltr'>clamare,</span> <span class='ocrx_word' id='word_1_136' title='bbox 302 1269 471 1323; x_wconf 83' lang='lat' dir='ltr'>«Abba,</span> <span class='ocrx_word' id='word_1_137' title='bbox 489 1271 651 1324; x_wconf 78' lang='lat' dir='ltr'>Pater2‚</span> <span class='ocrx_word' id='word_1_138' title='bbox 661 1285 833 1314; x_wconf 87' lang='lat' dir='ltr'>»rursus</span> <span class='ocrx_word' id='word_1_139' title='bbox 849 1269 933 1314; x_wconf 88' lang='lat' dir='ltr'>alio</span> <span class='ocrx_word' id='word_1_140' title='bbox 944 1269 1039 1314; x_wconf 89' lang='lat' dir='ltr'>loco</span> <span class='ocrx_word' id='word_1_141' title='bbox 1052 1268 1156 1313; x_wconf 88' lang='lat' dir='ltr'>dicit</span> <span class='ocrx_word' id='word_1_142' title='bbox 1168 1288 1176 1313; x_wconf 90' lang='lat'>:</span> <span class='ocrx_word' id='word_1_143' title='bbox 1187 1288 1206 1310; x_wconf 89' lang='lat'>«</span> <span class='ocrx_word' id='word_1_144' title='bbox 1218 1268 1346 1312; x_wconf 84' lang='lat' dir='ltr'>Dedit</span> <span class='ocrx_word' id='word_1_145' title='bbox 1361 1272 1477 1313; x_wconf 92' lang='lat' dir='ltr'>Deus</span> 
     </span>
     <span class='ocr_line' id='line_1_17' title="bbox 93 1338 1474 1396; baseline 0.002 -17"><span class='ocrx_word' id='word_1_146' title='bbox 93 1354 115 1379; x_wconf 91' lang='lat'>»</span> <span class='ocrx_word' id='word_1_147' title='bbox 152 1338 360 1396; x_wconf 89' lang='lat' dir='ltr'>Spiritum</span> <span class='ocrx_word' id='word_1_148' title='bbox 383 1338 481 1381; x_wconf 89' lang='lat' dir='ltr'>Filii</span> <span class='ocrx_word' id='word_1_149' title='bbox 503 1339 569 1381; x_wconf 86' lang='lat' dir='ltr'>sui</span> <span class='ocrx_word' id='word_1_150' title='bbox 596 1339 641 1382; x_wconf 91' lang='lat' dir='ltr'>in</span> <span class='ocrx_word' id='word_1_151' title='bbox 671 1339 802 1384; x_wconf 90' lang='lat' dir='ltr'>corda</span> <span class='ocrx_word' id='word_1_152' title='bbox 829 1349 975 1383; x_wconf 86' lang='lat' dir='ltr'>nostra</span> <span class='ocrx_word' id='word_1_153' title='bbox 1004 1339 1288 1394; x_wconf 83' lang='lat' dir='ltr'>clamantem,</span> <span class='ocrx_word' id='word_1_154' title='bbox 1318 1338 1474 1395; x_wconf 86' lang='lat' dir='ltr'>Abba,</span> 
     </span>
     <span class='ocr_line' id='line_1_18' title="bbox 93 1407 1477 1468; baseline 0.004 -20"><span class='ocrx_word' id='word_1_155' title='bbox 93 1425 115 1448; x_wconf 88' lang='lat'>»</span> <span class='ocrx_word' id='word_1_156' title='bbox 152 1409 322 1451; x_wconf 73' lang='lat' dir='ltr'>Pater-3.</span> <span class='ocrx_word' id='word_1_157' title='bbox 352 1425 372 1448; x_wconf 88' lang='lat'>»</span> <span class='ocrx_word' id='word_1_158' title='bbox 410 1407 641 1460; x_wconf 89' lang='lat' dir='ltr'>Quomodo</span> <span class='ocrx_word' id='word_1_159' title='bbox 675 1424 753 1453; x_wconf 78' lang='lat' dir='ltr'>nos</span> <span class='ocrx_word' id='word_1_160' title='bbox 777 1409 1037 1464; x_wconf 89' lang='lat' dir='ltr'>clamamus,</span> <span class='ocrx_word' id='word_1_161' title='bbox 1073 1409 1108 1453; x_wconf 90' lang='lat' dir='ltr'>si</span> <span class='ocrx_word' id='word_1_162' title='bbox 1135 1410 1224 1468; x_wconf 89' lang='lat' dir='ltr'>ipse</span> <span class='ocrx_word' id='word_1_163' title='bbox 1253 1407 1410 1453; x_wconf 86' lang='lat' dir='ltr'>clamat</span> <span class='ocrx_word' id='word_1_164' title='bbox 1430 1409 1477 1453; x_wconf 91' lang='lat' dir='ltr'>in</span> 
     </span>
     <span class='ocr_line' id='line_1_19' title="bbox 91 1477 1479 1538; baseline 0.001 -18"><span class='ocrx_word' id='word_1_165' title='bbox 91 1478 217 1521; x_wconf 91' lang='lat' dir='ltr'>nobis</span> <span class='ocrx_word' id='word_1_166' title='bbox 232 1511 242 1530; x_wconf 84' lang='lat'><strong>‚</strong></span> <span class='ocrx_word' id='word_1_167' title='bbox 268 1477 348 1520; x_wconf 89' lang='lat' dir='ltr'>nisi</span> <span class='ocrx_word' id='word_1_168' title='bbox 366 1477 467 1536; x_wconf 90' lang='lat' dir='ltr'>quia</span> <span class='ocrx_word' id='word_1_169' title='bbox 485 1477 669 1521; x_wconf 88' lang='lat' dir='ltr'>clamare</span> <span class='ocrx_word' id='word_1_170' title='bbox 686 1495 763 1523; x_wconf 87' lang='lat' dir='ltr'>nos</span> <span class='ocrx_word' id='word_1_171' title='bbox 782 1478 884 1523; x_wconf 86' lang='lat' dir='ltr'>fecit</span> <span class='ocrx_word' id='word_1_172' title='bbox 901 1514 912 1534; x_wconf 89' lang='lat'>,</span> <span class='ocrx_word' id='word_1_173' title='bbox 928 1479 1034 1524; x_wconf 90' lang='lat' dir='ltr'>dum</span> <span class='ocrx_word' id='word_1_174' title='bbox 1058 1479 1253 1523; x_wconf 88' lang='lat' dir='ltr'>habitare</span> <span class='ocrx_word' id='word_1_175' title='bbox 1275 1479 1411 1538; x_wconf 88' lang='lat' dir='ltr'>coepit</span> <span class='ocrx_word' id='word_1_176' title='bbox 1430 1478 1479 1522; x_wconf 88' lang='lat' dir='ltr'>in</span> 
     </span>
     <span class='ocr_line' id='line_1_20' title="bbox 92 1546 1479 1606; baseline 0 -15"><span class='ocrx_word' id='word_1_177' title='bbox 92 1547 247 1591; x_wconf 80' lang='lat' dir='ltr'>nobis?</span> <span class='ocrx_word' id='word_1_178' title='bbox 267 1546 409 1590; x_wconf 87' lang='lat' dir='ltr'>Etiam</span> <span class='ocrx_word' id='word_1_179' title='bbox 448 1548 530 1590; x_wconf 89' lang='lat' dir='ltr'>hoc</span> <span class='ocrx_word' id='word_1_180' title='bbox 560 1548 707 1606; x_wconf 89' lang='lat' dir='ltr'>itaque</span> <span class='ocrx_word' id='word_1_181' title='bbox 730 1548 819 1606; x_wconf 84' lang='lat' dir='ltr'>agit</span> <span class='ocrx_word' id='word_1_182' title='bbox 844 1558 1069 1605; x_wconf 83' lang='lat' dir='ltr'>acceptus,</span> <span class='ocrx_word' id='word_1_183' title='bbox 1095 1558 1145 1590; x_wconf 90' lang='lat' dir='ltr'>ut</span> <span class='ocrx_word' id='word_1_184' title='bbox 1172 1548 1333 1605; x_wconf 82' lang='lat' dir='ltr'>largius</span> <span class='ocrx_word' id='word_1_185' title='bbox 1362 1547 1479 1591; x_wconf 91' lang='lat' dir='ltr'>acci-</span> 
     </span>
     <span class='ocr_line' id='line_1_21' title="bbox 90 1616 1480 1677; baseline 0.001 -15"><span class='ocrx_word' id='word_1_186' title='bbox 90 1617 275 1677; x_wconf 85' lang='lat' dir='ltr'>piendus</span> <span class='ocrx_word' id='word_1_187' title='bbox 313 1616 528 1677; x_wconf 88' lang='lat' dir='ltr'>petendo,</span> <span class='ocrx_word' id='word_1_188' title='bbox 560 1618 821 1677; x_wconf 82' lang='lat' dir='ltr'>quaerendo,</span> <span class='ocrx_word' id='word_1_189' title='bbox 848 1616 1091 1676; x_wconf 87' lang='lat' dir='ltr'>pulsando,</span> <span class='ocrx_word' id='word_1_190' title='bbox 1120 1627 1338 1676; x_wconf 87' lang='lat' dir='ltr'>poscatur.</span> <span class='ocrx_word' id='word_1_191' title='bbox 1381 1619 1480 1664; x_wconf 89' lang='lat' dir='ltr'>Sive</span> 
     </span>
     <span class='ocr_line' id='line_1_22' title="bbox 91 1686 1480 1747; baseline 0.002 -17"><span class='ocrx_word' id='word_1_192' title='bbox 91 1687 208 1731; x_wconf 90' lang='lat' dir='ltr'>enim</span> <span class='ocrx_word' id='word_1_193' title='bbox 230 1696 279 1730; x_wconf 91' lang='lat' dir='ltr'>ut</span> <span class='ocrx_word' id='word_1_194' title='bbox 290 1688 377 1731; x_wconf 88' lang='lat' dir='ltr'>vita</span> <span class='ocrx_word' id='word_1_195' title='bbox 400 1686 514 1731; x_wconf 87' lang='lat' dir='ltr'>bona</span> <span class='ocrx_word' id='word_1_196' title='bbox 527 1695 716 1745; x_wconf 88' lang='lat' dir='ltr'>petatur,</span> <span class='ocrx_word' id='word_1_197' title='bbox 735 1687 822 1730; x_wconf 89' lang='lat' dir='ltr'>sive</span> <span class='ocrx_word' id='word_1_198' title='bbox 841 1696 890 1730; x_wconf 92' lang='lat' dir='ltr'>ut</span> <span class='ocrx_word' id='word_1_199' title='bbox 908 1687 1019 1730; x_wconf 88' lang='lat' dir='ltr'>bene</span> <span class='ocrx_word' id='word_1_200' title='bbox 1039 1686 1210 1730; x_wconf 85' lang='lat' dir='ltr'>vivatur</span> <span class='ocrx_word' id='word_1_201' title='bbox 1227 1707 1238 1744; x_wconf 79' lang='lat'><em>3</em></span> <span class='ocrx_word' id='word_1_202' title='bbox 1258 1697 1480 1747; x_wconf 86' lang='lat' dir='ltr'>quotquot</span> 
     </span>
     <span class='ocr_line' id='line_1_23' title="bbox 93 1756 1480 1817; baseline 0 -16"><span class='ocrx_word' id='word_1_203' title='bbox 93 1757 258 1817; x_wconf 82' lang='lat' dir='ltr'>Spiritu</span> <span class='ocrx_word' id='word_1_204' title='bbox 276 1757 354 1801; x_wconf 87' lang='lat' dir='ltr'>Dei</span> <span class='ocrx_word' id='word_1_205' title='bbox 374 1765 587 1815; x_wconf 82' lang='lat' dir='ltr'>aguntur,</span> <span class='ocrx_word' id='word_1_206' title='bbox 612 1756 658 1799; x_wconf 90' lang='lat' dir='ltr'>hi</span> <span class='ocrx_word' id='word_1_207' title='bbox 680 1756 758 1799; x_wconf 68' lang='lat' dir='ltr'>sitii</span> <span class='ocrx_word' id='word_1_208' title='bbox 781 1765 882 1799; x_wconf 92' lang='lat' dir='ltr'>sunt</span> <span class='ocrx_word' id='word_1_209' title='bbox 904 1756 1022 1799; x_wconf 75' lang='lat' dir='ltr'>Dei4.</span> <span class='ocrx_word' id='word_1_210' title='bbox 1048 1759 1165 1814; x_wconf 88' lang='lat' dir='ltr'>Ergo</span> <span class='ocrx_word' id='word_1_211' title='bbox 1181 1790 1192 1811; x_wconf 91' lang='lat'>,</span> <span class='ocrx_word' id='word_1_212' title='bbox 1222 1775 1242 1798; x_wconf 88' lang='lat'>«</span> <span class='ocrx_word' id='word_1_213' title='bbox 1262 1756 1480 1802; x_wconf 88' lang='lat' dir='ltr'>Ambula-</span> 
     </span>
     <span class='ocr_line' id='line_1_24' title="bbox 95 1824 1479 1886; baseline 0.002 -18"><span class='ocrx_word' id='word_1_214' title='bbox 95 1845 115 1868; x_wconf 93' lang='lat'>»</span> <span class='ocrx_word' id='word_1_215' title='bbox 149 1828 278 1877; x_wconf 84' lang='lat' dir='ltr'>bam,</span> <span class='ocrx_word' id='word_1_216' title='bbox 295 1826 452 1886; x_wconf 89' lang='lat' dir='ltr'>inquit,</span> <span class='ocrx_word' id='word_1_217' title='bbox 479 1825 526 1867; x_wconf 88' lang='lat' dir='ltr'>in</span> <span class='ocrx_word' id='word_1_218' title='bbox 552 1824 808 1881; x_wconf 78' lang='lat' dir='ltr'>latitudine3</span> <span class='ocrx_word' id='word_1_219' title='bbox 839 1824 1047 1884; x_wconf 88' lang='lat' dir='ltr'>quoniam</span> <span class='ocrx_word' id='word_1_220' title='bbox 1070 1825 1274 1869; x_wconf 76' lang='lat' dir='ltr'>mandata</span> <span class='ocrx_word' id='word_1_221' title='bbox 1299 1835 1372 1870; x_wconf 90' lang='lat' dir='ltr'>tua</span> <span class='ocrx_word' id='word_1_222' title='bbox 1400 1843 1479 1871; x_wconf 79' lang='lat' dir='ltr'>ex-</span> 
     </span>
     <span class='ocr_line' id='line_1_25' title="bbox 95 1894 1478 1958; baseline 0.001 -19"><span class='ocrx_word' id='word_1_223' title='bbox 95 1915 115 1939; x_wconf 92' lang='lat'>»</span> <span class='ocrx_word' id='word_1_224' title='bbox 150 1897 320 1958; x_wconf 88' lang='lat' dir='ltr'>quisivi.</span> <span class='ocrx_word' id='word_1_225' title='bbox 349 1914 370 1937; x_wconf 90' lang='lat'>»</span> <span class='ocrx_word' id='word_1_226' title='bbox 398 1895 667 1954; x_wconf 79' lang='lat' dir='ltr'>Exquisierat</span> <span class='ocrx_word' id='word_1_227' title='bbox 693 1903 736 1938; x_wconf 90' lang='lat' dir='ltr'>et</span> <span class='ocrx_word' id='word_1_228' title='bbox 767 1894 1014 1950; x_wconf 85' lang='lat' dir='ltr'>invenerat,</span> <span class='ocrx_word' id='word_1_229' title='bbox 1054 1895 1262 1955; x_wconf 90' lang='lat' dir='ltr'>quoniam</span> <span class='ocrx_word' id='word_1_230' title='bbox 1294 1897 1478 1956; x_wconf 87' lang='lat' dir='ltr'>petierat</span> 
     </span>
     <span class='ocr_line' id='line_1_26' title="bbox 93 1963 1479 2026; baseline 0.001 -15"><span class='ocrx_word' id='word_1_231' title='bbox 93 1976 137 2011; x_wconf 91' lang='lat' dir='ltr'>et</span> <span class='ocrx_word' id='word_1_232' title='bbox 158 1975 380 2026; x_wconf 87' lang='lat' dir='ltr'>acceperat</span> <span class='ocrx_word' id='word_1_233' title='bbox 403 1965 609 2024; x_wconf 89' lang='lat' dir='ltr'>Spiritum</span> <span class='ocrx_word' id='word_1_234' title='bbox 631 1965 799 2008; x_wconf 90' lang='lat' dir='ltr'>bonum</span> <span class='ocrx_word' id='word_1_235' title='bbox 817 1999 828 2020; x_wconf 93' lang='lat'>,</span> <span class='ocrx_word' id='word_1_236' title='bbox 855 1981 943 2025; x_wconf 89' lang='lat' dir='ltr'>quo</span> <span class='ocrx_word' id='word_1_237' title='bbox 959 1963 1101 2009; x_wconf 86' lang='lat' dir='ltr'>factus</span> <span class='ocrx_word' id='word_1_238' title='bbox 1123 1965 1264 2010; x_wconf 89' lang='lat' dir='ltr'>bonus</span> <span class='ocrx_word' id='word_1_239' title='bbox 1287 1966 1399 2011; x_wconf 89' lang='lat' dir='ltr'>bene</span> <span class='ocrx_word' id='word_1_240' title='bbox 1416 1966 1479 2012; x_wconf 89' lang='lat' dir='ltr'>fa-</span> 
     </span>
     <span class='ocr_line' id='line_1_27' title="bbox 93 2035 1342 2096; baseline 0.001 -15"><span class='ocrx_word' id='word_1_241' title='bbox 93 2046 210 2082; x_wconf 89' lang='lat' dir='ltr'>ceret</span> <span class='ocrx_word' id='word_1_242' title='bbox 230 2037 347 2080; x_wconf 89' lang='lat' dir='ltr'>bona</span> <span class='ocrx_word' id='word_1_243' title='bbox 366 2070 377 2092; x_wconf 94' lang='lat'>,</span> <span class='ocrx_word' id='word_1_244' title='bbox 398 2051 449 2079; x_wconf 90' lang='lat' dir='ltr'>ex</span> <span class='ocrx_word' id='word_1_245' title='bbox 472 2035 559 2079; x_wconf 82' lang='lat' dir='ltr'>fide</span> <span class='ocrx_word' id='word_1_246' title='bbox 576 2051 674 2095; x_wconf 85' lang='lat' dir='ltr'>quae</span> <span class='ocrx_word' id='word_1_247' title='bbox 696 2051 773 2095; x_wconf 89' lang='lat' dir='ltr'>per</span> <span class='ocrx_word' id='word_1_248' title='bbox 795 2035 1073 2080; x_wconf 91' lang='lat' dir='ltr'>dilectionem</span> <span class='ocrx_word' id='word_1_249' title='bbox 1096 2041 1342 2096; x_wconf 75' lang='lat' dir='ltr'>operatur5.</span> 
     </span>
    </p>

    <p class='ocr_par' dir='ltr' id='par_1_3' title="bbox 96 2105 1484 2449">
     <span class='ocr_line' id='line_1_28' title="bbox 153 2105 1479 2166; baseline 0.004 -14"><span class='ocrx_word' id='word_1_250' title='bbox 153 2111 234 2152; x_wconf 89' lang='lat' dir='ltr'>Ill.</span> <span class='ocrx_word' id='word_1_251' title='bbox 263 2125 284 2149; x_wconf 90' lang='lat'>«</span> <span class='ocrx_word' id='word_1_252' title='bbox 309 2109 366 2151; x_wconf 91' lang='lat' dir='ltr'>Et</span> <span class='ocrx_word' id='word_1_253' title='bbox 385 2105 597 2166; x_wconf 84' lang='lat' dir='ltr'>loquebar</span> <span class='ocrx_word' id='word_1_254' title='bbox 612 2140 623 2162; x_wconf 90' lang='lat'>,</span> <span class='ocrx_word' id='word_1_255' title='bbox 642 2107 785 2166; x_wconf 87' lang='lat' dir='ltr'>inquit</span> <span class='ocrx_word' id='word_1_256' title='bbox 803 2141 814 2162; x_wconf 96' lang='lat'>,</span> <span class='ocrx_word' id='word_1_257' title='bbox 835 2107 888 2150; x_wconf 81' lang='lat' dir='ltr'>in</span> <span class='ocrx_word' id='word_1_258' title='bbox 902 2108 1155 2153; x_wconf 88' lang='lat' dir='ltr'>testimoniis</span> <span class='ocrx_word' id='word_1_259' title='bbox 1178 2109 1263 2152; x_wconf 91' lang='lat' dir='ltr'>tuis</span> <span class='ocrx_word' id='word_1_260' title='bbox 1285 2110 1331 2153; x_wconf 92' lang='lat' dir='ltr'>in</span> <span class='ocrx_word' id='word_1_261' title='bbox 1352 2125 1479 2157; x_wconf 90' lang='lat' dir='ltr'>cons-</span> 
     </span>
     <span class='ocr_line' id='line_1_29' title="bbox 99 2176 1481 2241; baseline 0.004 -20"><span class='ocrx_word' id='word_1_262' title='bbox 99 2196 121 2220; x_wconf 91' lang='lat'>»</span> <span class='ocrx_word' id='word_1_263' title='bbox 158 2186 290 2238; x_wconf 89' lang='lat' dir='ltr'>pectu</span> <span class='ocrx_word' id='word_1_264' title='bbox 307 2191 481 2235; x_wconf 85' lang='lat' dir='ltr'>regum,</span> <span class='ocrx_word' id='word_1_265' title='bbox 506 2185 550 2219; x_wconf 88' lang='lat' dir='ltr'>et</span> <span class='ocrx_word' id='word_1_266' title='bbox 570 2191 660 2220; x_wconf 91' lang='lat' dir='ltr'>non</span> <span class='ocrx_word' id='word_1_267' title='bbox 680 2176 983 2221; x_wconf 84' lang='lat' dir='ltr'>confundebar</span> <span class='ocrx_word' id='word_1_268' title='bbox 1009 2196 1018 2222; x_wconf 75' lang='grc' dir='ltr'>ε</span> <span class='ocrx_word' id='word_1_269' title='bbox 1038 2196 1058 2218; x_wconf 92' lang='lat'>»</span> <span class='ocrx_word' id='word_1_270' title='bbox 1084 2188 1292 2238; x_wconf 89' lang='lat' dir='ltr'>tanquam</span> <span class='ocrx_word' id='word_1_271' title='bbox 1309 2179 1382 2223; x_wconf 90' lang='lat' dir='ltr'>ille</span> <span class='ocrx_word' id='word_1_272' title='bbox 1403 2183 1481 2241; x_wconf 89' lang='lat' dir='ltr'>qui</span> 
     </span>
     <span class='ocr_line' id='line_1_30' title="bbox 96 2245 1481 2308; baseline 0.003 -16"><span class='ocrx_word' id='word_1_273' title='bbox 96 2248 281 2308; x_wconf 89' lang='lat' dir='ltr'>petierat</span> <span class='ocrx_word' id='word_1_274' title='bbox 307 2255 351 2291; x_wconf 91' lang='lat' dir='ltr'>et</span> <span class='ocrx_word' id='word_1_275' title='bbox 373 2254 614 2306; x_wconf 88' lang='lat' dir='ltr'>acceperat,</span> <span class='ocrx_word' id='word_1_276' title='bbox 639 2254 689 2289; x_wconf 91' lang='lat' dir='ltr'>ut</span> <span class='ocrx_word' id='word_1_277' title='bbox 715 2245 995 2304; x_wconf 87' lang='lat' dir='ltr'>responderet</span> <span class='ocrx_word' id='word_1_278' title='bbox 1017 2248 1378 2307; x_wconf 85' lang='lat' dir='ltr'>exprobrantibus</span> <span class='ocrx_word' id='word_1_279' title='bbox 1397 2252 1481 2297; x_wconf 90' lang='lat' dir='ltr'>sibi</span> 
     </span>
     <span class='ocr_line' id='line_1_31' title="bbox 98 2314 1479 2377; baseline 0.002 -14"><span class='ocrx_word' id='word_1_280' title='bbox 98 2319 284 2363; x_wconf 89' lang='lat' dir='ltr'>verbum</span> <span class='ocrx_word' id='word_1_281' title='bbox 303 2352 315 2374; x_wconf 93' lang='lat'>,</span> <span class='ocrx_word' id='word_1_282' title='bbox 341 2326 384 2361; x_wconf 89' lang='lat' dir='ltr'>et</span> <span class='ocrx_word' id='word_1_283' title='bbox 405 2332 495 2361; x_wconf 91' lang='lat' dir='ltr'>non</span> <span class='ocrx_word' id='word_1_284' title='bbox 518 2314 761 2360; x_wconf 89' lang='lat' dir='ltr'>auferretur</span> <span class='ocrx_word' id='word_1_285' title='bbox 777 2331 828 2360; x_wconf 85' lang='lat' dir='ltr'>ex</span> <span class='ocrx_word' id='word_1_286' title='bbox 854 2332 928 2361; x_wconf 86' lang='lat' dir='ltr'>ore</span> <span class='ocrx_word' id='word_1_287' title='bbox 950 2318 1040 2377; x_wconf 88' lang='lat' dir='ltr'>ejus</span> <span class='ocrx_word' id='word_1_288' title='bbox 1068 2319 1250 2363; x_wconf 86' lang='lat' dir='ltr'>verbum</span> <span class='ocrx_word' id='word_1_289' title='bbox 1273 2320 1479 2367; x_wconf 84' lang='lat' dir='ltr'>veritatis.</span> 
     </span>
     <span class='ocr_line' id='line_1_32' title="bbox 101 2385 1484 2449; baseline 0.002 -15"><span class='ocrx_word' id='word_1_290' title='bbox 101 2393 254 2449; x_wconf 86' lang='lat' dir='ltr'>Itaque</span> <span class='ocrx_word' id='word_1_291' title='bbox 275 2403 355 2448; x_wconf 90' lang='lat' dir='ltr'>pro</span> <span class='ocrx_word' id='word_1_292' title='bbox 382 2385 457 2431; x_wconf 88' lang='lat' dir='ltr'>illa</span> <span class='ocrx_word' id='word_1_293' title='bbox 486 2401 624 2447; x_wconf 89' lang='lat' dir='ltr'>usque</span> <span class='ocrx_word' id='word_1_294' title='bbox 653 2385 708 2431; x_wconf 87' lang='lat' dir='ltr'>ad</span> <span class='ocrx_word' id='word_1_295' title='bbox 735 2395 919 2431; x_wconf 86' lang='lat' dir='ltr'>mortem</span> <span class='ocrx_word' id='word_1_296' title='bbox 945 2397 1143 2444; x_wconf 87' lang='lat' dir='ltr'>certans,</span> <span class='ocrx_word' id='word_1_297' title='bbox 1174 2405 1254 2434; x_wconf 88' lang='lat' dir='ltr'>nec</span> <span class='ocrx_word' id='word_1_298' title='bbox 1282 2390 1328 2434; x_wconf 91' lang='lat' dir='ltr'>in</span> <span class='ocrx_word' id='word_1_299' title='bbox 1356 2407 1484 2437; x_wconf 88' lang='lat' dir='ltr'>cons-</span> 
     </span>
    </p>
   </div>
   <div class='ocr_carea' id='block_1_3' title="bbox 107 2479 1483 2582">
    <p class='ocr_par' dir='ltr' id='par_1_4' title="bbox 107 2479 1483 2582">
     <span class='ocr_line' id='line_1_33' title="bbox 150 2479 1483 2530; baseline 0.002 -13"><span class='ocrx_word' id='word_1_300' title='bbox 150 2491 159 2508; x_wconf 86' lang='lat'><em>¹</em></span> <span class='ocrx_word' id='word_1_301' title='bbox 176 2487 254 2517; x_wconf 89' lang='lat' dir='ltr'>Luc.</span> <span class='ocrx_word' id='word_1_302' title='bbox 271 2494 318 2525; x_wconf 80' lang='lat' dir='ltr'>xi,</span> <span class='ocrx_word' id='word_1_303' title='bbox 341 2483 392 2516; x_wconf 86' lang='lat'>13.</span> <span class='ocrx_word' id='word_1_304' title='bbox 410 2497 453 2508; x_wconf 88' lang='lat'><em>-</em></span> <span class='ocrx_word' id='word_1_305' title='bbox 475 2489 488 2508; x_wconf 78' lang='lat'>²</span> <span class='ocrx_word' id='word_1_306' title='bbox 506 2485 599 2517; x_wconf 81' lang='lat' dir='ltr'>Rom.</span> <span class='ocrx_word' id='word_1_307' title='bbox 613 2491 686 2527; x_wconf 78' lang='lat' dir='ltr'>vm,</span> <span class='ocrx_word' id='word_1_308' title='bbox 707 2481 758 2516; x_wconf 86' lang='lat'>15.</span> <span class='ocrx_word' id='word_1_309' title='bbox 777 2495 819 2509; x_wconf 81' lang='lat'>-·-</span> <span class='ocrx_word' id='word_1_310' title='bbox 839 2479 853 2509; x_wconf 79' lang='grc'><strong>5</strong></span> <span class='ocrx_word' id='word_1_311' title='bbox 871 2482 938 2517; x_wconf 80' lang='lat' dir='ltr'>Gal.</span> <span class='ocrx_word' id='word_1_312' title='bbox 955 2493 1003 2527; x_wconf 80' lang='lat' dir='ltr'>tv,</span> <span class='ocrx_word' id='word_1_313' title='bbox 1020 2482 1054 2518; x_wconf 86' lang='lat'>6.</span> <span class='ocrx_word' id='word_1_314' title='bbox 1074 2499 1116 2511; x_wconf 69' lang='lat'>⁹-</span> <span class='ocrx_word' id='word_1_315' title='bbox 1134 2482 1151 2512; x_wconf 72' lang='grc'>4</span> <span class='ocrx_word' id='word_1_316' title='bbox 1169 2487 1260 2520; x_wconf 86' lang='lat' dir='ltr'>Rom.</span> <span class='ocrx_word' id='word_1_317' title='bbox 1277 2498 1348 2529; x_wconf 84' lang='lat' dir='ltr'>vm,</span> <span class='ocrx_word' id='word_1_318' title='bbox 1370 2485 1423 2530; x_wconf 79' lang='lat'>14.</span> <span class='ocrx_word' id='word_1_319' title='bbox 1439 2504 1483 2513; x_wconf 91' lang='grc'>--</span> 
     </span>
     <span class='ocr_line' id='line_1_34' title="bbox 107 2537 339 2582; baseline -0.022 -7"><span class='ocrx_word' id='word_1_320' title='bbox 107 2537 121 2564; x_wconf 78' lang='lat'>⁵</span> <span class='ocrx_word' id='word_1_321' title='bbox 135 2540 237 2575; x_wconf 78' lang='lat' dir='ltr'>Galat.</span> <span class='ocrx_word' id='word_1_322' title='bbox 253 2551 289 2582; x_wconf 82' lang='lat' dir='ltr'>v,</span> <span class='ocrx_word' id='word_1_323' title='bbox 306 2539 339 2572; x_wconf 88' lang='lat'>6.</span> 
     </span>
    </p>
   </div>
  </div>
 </body>
</html>
