1848 3261
409 203 462 244 48
838 210 873 240 s.
909 210 1140 239 Aueustnm
1171 209 1352 237 Emscom

405 277 639 324 credidisti.
679 279 788 330 Quae
825 277 958 335 igitur
1003 275 1097 319 laus
1130 282 1206 317 tua
1229 275 1248 318 Ξ)
1286 274 1475 319 Credere
1510 274 1788 319 resurrexisse

405 349 642 403 Christum,
656 356 700 391 et
719 362 890 406 sperare
908 355 949 390 te
973 353 1316 390 resurrecturum
1335 360 1425 390 esse
1445 361 1520 405 per
1537 345 1757 390 Christum
1775 363 1785 389 z

403 421 497 465 haec
519 428 582 464 est
603 419 695 463 laus
717 418 832 462 fidei.
859 436 879 459 «
907 417 950 462 Si
971 416 1088 461 enim
1114 415 1345 461 credideris
1371 417 1416 460 in
1437 416 1568 461 corde
1592 426 1669 461 tuo
1686 416 1789 475 quia

408 511 429 534 »
463 492 669 536 Dominus
700 499 764 534 est
798 492 949 543 Jesus,
983 497 1028 533 et
1053 487 1276 538 confessus
1311 487 1446 531 fueris
1479 503 1551 532 ore
1588 497 1665 533 tuo
1687 487 1789 548 qiuia

405 582 426 606 »
461 578 562 608 eum
586 567 699 606 Deus
722 561 944 606 suscitavit
960 576 983 604 a
1004 560 1202 615 mortuis,
1228 559 1372 604 salvus
1391 560 1472 603 eris
1492 563 1522 603 ¹.
1541 578 1560 600 n
1579 563 1678 606 Non
1699 560 1785 604 ait:

407 635 450 679 Si
472 634 693 679 confessus
721 631 853 676 fueris
876 631 977 691 quia
1011 634 1126 675 Deus
1146 645 1247 674 eum
1271 629 1448 674 tradidit
1469 629 1787 688 occidendum3

403 703 478 749 sed
495 739 506 757 ‚
535 722 555 745 «
580 702 691 756 Quia
724 716 824 745 eum
848 704 961 745 Deus
998 701 1218 745 suscitavit
1247 716 1270 744 a
1302 701 1482 745 mortuis
1510 701 1544 744 si
1569 700 1790 745 confessus

406 793 426 816 »
462 774 614 828 fueris,
640 783 746 817 tunc
767 771 910 817 salvus
936 772 1033 816 eris.
1063 771 1205 816 Corde
1227 771 1343 814 enim
1365 770 1558 815 creditur
1578 770 1633 815 ad
1659 772 1790 831 justi-

406 864 425 887 »
461 845 566 888 tiam
581 879 591 898 ,
613 858 686 888 ore
709 852 853 886 autem
869 840 1081 887 confessio
1103 841 1152 886 fit
1172 840 1227 885 ad
1246 841 1429 886 salutem
1443 845 1476 885 ².
1504 859 1525 883 >1
1551 845 1694 895 Quare
1716 858 1791 887 au·

402 925 491 960 tem
505 913 720 959 credimus
740 922 783 957 et
798 922 1022 957 mortuum
1037 913 1055 953 ⁸?
1070 912 1182 965 Quia
1200 911 1374 956 credere
1394 927 1495 956 eum
1513 913 1790 958 resurrexisse

403 1002 492 1030 non
509 1000 760 1045 possumus,
781 983 863 1027 nisi
884 983 1003 1042 prius
1025 992 1247 1026 mortuum
1274 982 1402 1026 fuisse
1425 982 1667 1028 credamus.
1686 984 1791 1037 Quis

404 1058 519 1100 enim
543 1055 739 1112 resurgit,
759 1054 838 1098 nisi
856 1062 1052 1098 mortuus
1073 1053 1232 1097 fuerit?
1250 1054 1351 1106 Quis
1367 1055 1689 1113 expergiscitur,
1710 1055 1791 1098 nisi

403 1127 520 1186 prius
542 1125 795 1170 dormierit?
810 1143 829 1165 «
858 1123 942 1168 Sed
964 1123 1182 1183 numquid
1205 1125 1280 1183 qui
1299 1125 1482 1179 dormit,
1509 1141 1599 1169 non
1620 1124 1792 1185 adjiciet

405 1217 424 1238 »
461 1207 511 1241 ut
547 1197 798 1254 resurgat³P
823 1213 842 1235 »
866 1197 969 1239 Haec
1005 1195 1112 1239 fides
1146 1204 1210 1239 est
1247 1195 1610 1239 Christianorum.
1637 1199 1688 1240 In
1709 1197 1791 1241 hac

403 1283 505 1326 ergo
527 1267 638 1321 fide,
672 1282 757 1326 qua
790 1274 1052 1323 congregata
1081 1273 1145 1308 est
1172 1264 1388 1320 Ecclesia,
1419 1285 1438 1307 «
1464 1265 1593 1310 Multi
1622 1265 1685 1309 1111
1714 1266 1791 1310 filii

406 1357 426 1380 »
462 1338 667 1392 desertae,
692 1337 827 1395 magis
847 1351 979 1396 quam
1002 1341 1091 1393 ejus
1114 1352 1213 1396 quae
1236 1337 1369 1380 habet
1389 1337 1531 1380 virum
1547 1340 1586 1392 ⁴,
1612 1353 1793 1397 respon-

405 1428 424 1450 »
461 1409 534 1452 det
557 1409 623 1463 ei,
647 1407 789 1451 »dixit
810 1407 849 1451 ei
871 1406 1046 1450 laudem
1066 1406 1308 1451 secundum
1329 1407 1418 1465 ejus
1441 1417 1682 1466 praecepta3
1700 1427 1720 1450 «
1739 1411 1792 1452 In

406 1498 425 1520 »
462 1479 529 1523 via
553 1477 822 1523 fortitudinis
842 1479 934 1538 ejus
949 1512 960 1532 ,
985 1495 1004 1518 »
1029 1492 1118 1521 non
1134 1478 1179 1520 111
1195 1477 1263 1521 via
1282 1477 1541 1521 infirmitatis
1564 1479 1669 1538 ejus.

461 1552 585 1594 VIII.
612 1548 842 1601 Quomodo
860 1548 899 1591 ei
917 1547 1204 1607 responderit,
1224 1548 1312 1607 jam
1336 1562 1464 1606 supra
1481 1547 1685 1593 audistis:
1708 1552 1792 1593 «In

406 1638 426 1661 »
461 1617 761 1663 conveniendo
796 1617 979 1677 populos
1001 1618 1046 1661 in
1068 1633 1230 1672 unum,
1265 1627 1309 1661 et
1340 1633 1495 1675 regna,
1534 1627 1584 1662 ut
1605 1620 1794 1664 serviant

406 1710 425 1732 n
463 1689 645 1734 Domino
663 1692 694 1732 ⁵.
719 1708 737 1730 »
767 1692 816 1733 In
838 1690 921 1733 hoc
952 1688 990 1732 ei
1013 1704 1113 1747 ergo
1131 1688 1381 1748 respondit,
1418 1689 1462 1733 in
1486 1690 1652 1735 unitate
1679 1710 1688 1736 ε
1714 1691 1792 1751 qui

403 1771 549 1806 autem
580 1776 669 1805 non
703 1770 767 1804 est
793 1761 839 1804 in
874 1761 1067 1815 unitate,
1101 1776 1191 1804 non
1223 1761 1260 1804 ei
1290 1760 1537 1819 respondet.
1574 1761 1652 1805 Ille
1674 1762 1791 1806 enim

403 1848 516 1875 unus
538 1840 616 1885 est,
641 1829 832 1874 Ecclesia
854 1832 1012 1874 unitas.
1038 1833 1135 1875 Non
1158 1830 1391 1889 respondet
1407 1831 1500 1885 uni,
1526 1831 1608 1874 nisi
1629 1833 1787 1876 unitas.

406 1901 490 1947 Sed
508 1902 694 1944 existunt
712 1901 787 1960 qui
805 1901 949 1944 dicant
967 1920 975 1944 2
1001 1903 1097 1944 Jam
1119 1901 1202 1944 hoc
1219 1900 1382 1944 factum
1408 1910 1486 1955 est,
1509 1902 1732 1961 respondit
1753 1903 1792 1946 ei

404 1973 449 2015 111
466 1971 669 2015 omnibus
692 1971 894 2027 gentibus
919 1970 1125 2024 Ecclesia,
1153 1970 1319 2030 pariens
1335 1969 1445 2014 filios
1472 1970 1634 2030 plures,
1659 1988 1792 2032 quam

404 2041 477 2085 illa
506 2057 605 2101 quae
635 2040 1012 2093 habebat‘virum,
1043 2060 1058 2079 «
1097 2039 1337 2098 Respondit
1357 2040 1401 2083 in
1433 2041 1499 2084 via
1525 2039 1791 2087 fortitudinis

404 2130 424 2153 »
461 2113 579 2171 ejus3
603 2128 621 2151 »
648 2109 831 2154 credidit
860 2111 976 2153 enim
998 2110 1220 2154 Christum
1253 2111 1530 2155 resurrexisse
1547 2147 1557 2167 ,
1589 2111 1791 2157 credide-

404 2192 508 2226 runt
526 2182 572 2224 in
595 2195 695 2224 eum
712 2195 860 2224 omnes
878 2189 1050 2238 gentes:
1072 2178 1146 2225 sed
1166 2179 1239 2223 illa
1253 2179 1444 2229 Ecclesia
1467 2198 1566 2242 quae
1589 2181 1672 2227 fuit
1693 2199 1790 2228 om-

404 2254 529 2297 nium
564 2251 759 2311 gentium
777 2287 787 2303 ,
813 2252 903 2311 jam
934 2267 1021 2296 non
1055 2260 1147 2309 est3
1174 2251 1316 2310 periit.
1351 2255 1443 2297 Hoc
1473 2253 1628 2298 dicunt
1648 2255 1790 2314 quiin

402 2323 474 2367 illa
504 2339 594 2367 non
620 2331 736 2367 sunt.
761 2323 798 2366 Ο
821 2321 1120 2381 impudentem
1143 2322 1321 2365 vocem!
1351 2321 1427 2366 Illa
1452 2339 1542 2366 non
1571 2333 1659 2379 est,
1687 2326 1790 2384 quia

405 2402 452 2438 tu
473 2394 519 2437 in
539 2392 612 2436 illa
635 2408 724 2436 non
745 2407 788 2436 es
806 2394 823 2434 ’ἲ
846 2392 955 2436 Vide
979 2408 1033 2435 ne
1051 2402 1100 2436 tu
1120 2390 1218 2435 ideo
1235 2407 1325 2436 11011
1346 2392 1400 2436 515
1425 2411 1432 2436 :
1459 2409 1560 2437 nam
1578 2393 1652 2440 illa
1676 2395 1786 2450 erit,

453 2495 459 2510 ¹
483 2489 572 2520 Rom.
594 2497 625 2528 x,
646 2498 678 2529 9.
704 2503 744 2508 —
766 2493 776 2508 ²
798 2486 878 2519 lbid.
911 2498 958 2518 10.
986 2504 1026 2510 —-
1047 2485 1059 2509 3
1081 2487 1158 2519 Psal.
1181 2497 1233 2526 XL,
1252 2498 1284 2527 9.
1299 2503 1340 2508 -—
1360 2482 1374 2510 s·
1391 2487 1458 2519 Gal.
1481 2497 1600 2529 1v‚27.
1622 2487 1786 2522 —51’sat

404 2544 527 2584 c1‚23.
