1848 3261
264 238 505 269 ENARRATIO
537 243 553 268 1
585 241 630 269 m
662 237 865 269 PsALMUM
895 240 996 279 0111,
1030 237 1168 268 SERMO
1200 243 1231 268 1.
1384 229 1439 269 95

116 308 196 351 III.
221 307 435 351 «Domine
456 309 570 351 Deus
587 321 726 362 meus,
746 306 1047 364 magnificatus
1065 321 1108 350 es
1126 306 1266 350 nimis.
1291 324 1310 347 n
1329 306 1440 351 Vide

56 377 283 436 magnifica
301 393 400 436 quae
418 375 612 421 dicturus
635 385 699 421 est
716 395 725 421 :
745 377 791 419 in
809 376 968 436 quibus
987 375 1225 434 magnificis
1242 392 1331 420 non
1352 376 1442 421 uti-

56 462 143 508 que
163 446 243 490 nisi
265 446 338 490 ille
358 446 604 491 laudandus
623 456 686 491 est
700 455 851 490 auctor
873 445 1070 490 omnium
1093 446 1437 503 magnificorum.

61 536 82 560 «
115 515 442 562 Confessionem
481 527 524 561 et
556 517 758 561 decorem
788 515 982 560 induisti.
1010 535 1029 557 »
1055 518 1092 561 Ο
1123 517 1306 561 Domine
1328 520 1443 560 Deus

58 603 203 642 meus,
230 588 308 647 qui
329 607 348 629 «
366 588 664 645 B‘Iagnificatus
684 603 727 631 es
755 586 903 642 nimis,
937 586 1055 630 unde
1079 587 1376 645 magnificatus
1399 601 1442 630 es

62 676 82 699 »
117 658 272 701 nimis?
293 676 312 698 η
338 661 492 702 Nonne
511 674 678 718 semper
699 673 879 716 magnus
894 660 911 702 Ρ
925 673 1070 702 nonne
1092 673 1259 718 semper
1275 657 1444 716 magni-

59 729 195 772 ficus?
232 727 456 788 Numquid
477 727 694 788 perfectus
726 745 816 772 non
839 744 881 773 es
897 764 909 783 ‚
946 738 994 772 ut
1016 730 1204 772 crescas?
1226 727 1444 788 numquid

59 798 206 842 deficis
223 833 234 854 ,
262 807 312 842 ut
339 798 575 858 aliquando
603 799 837 843 minuaris?
862 799 946 843 Sed
975 799 1075 858 quia
1099 814 1142 842 es
1166 798 1286 859 quod
1309 814 1352 842 es
1367 834 1377 853 ,
1401 807 1445 842 et

58 883 159 912 vere
181 884 248 924 es,
274 868 428 929 utique
457 884 616 912 nomen
648 878 772 913 tuum
794 868 938 913 dixisti
970 867 1136 912 famulo
1158 878 1235 913 tuo
1272 868 1440 926 Moysi,

64 957 85 982 «
118 943 210 998 Ego
232 955 327 984 sum
350 940 424 1000 qui
447 955 541 984 sum
560 942 573 965 1
601 959 610 984 ε
637 941 824 1000 »utique
845 955 1027 997 magnus
1045 955 1088 983 es
1104 975 1114 995 ,
1133 949 1176 983 et
1188 939 1445 998 magnitudo

59 1018 134 1054 tua
156 1010 417 1069 sempiterna
434 1019 524 1065 est,
549 1025 630 1054 nec
652 1011 785 1070 coepit
802 1045 812 1065 ,
834 1025 914 1054 nec
936 1010 1094 1053 desinit
1116 1030 1126 1067 3
1149 1025 1229 1053 nec
1244 1011 1298 1052 ab
1321 1009 1445 1053 initio

59 1080 266 1139 temporis
289 1080 439 1139 incipit
454 1115 465 1135 ,
491 1096 572 1124 nec
595 1095 734 1140 usque
770 1080 826 1123 ad
848 1080 980 1122 finem
1005 1080 1209 1138 temporis
1228 1080 1442 1134 excurrit,

59 1166 140 1194 nec
162 1151 203 1194 in
222 1150 366 1195 medio
379 1150 544 1209 aliquid
557 1151 720 1209 patitur
739 1166 747 1190 :
764 1149 1134 1194 incommutabilis
1149 1150 1263 1194 enim
1283 1151 1447 1209 magni-

60 1220 169 1265 tudo
189 1229 268 1264 est.
294 1219 526 1274 Quomodo
547 1236 650 1279 ergo
675 1240 695 1262 «
718 1221 1022 1280 Magnificatus
1045 1237 1088 1265 es
1106 1222 1259 1266 nimis?
1280 1241 1299 1263 »
1325 1222 1446 1266 Alius

61 1290 256 1336 Psalmus
278 1288 483 1334 admonet
505 1306 582 1334 nos
600 1312 611 1348 3
633 1291 692 1335 ait
713 1292 827 1335 enim
850 1311 858 1336 :
889 1310 908 1333 «
936 1292 1163 1336 Mirificata
1186 1301 1248 1336 est
1270 1293 1448 1337 scientia

65 1379 85 1403 »
121 1370 197 1405 tua
218 1375 269 1404 ex
289 1375 358 1404 me
375 1363 407 1404 ².
435 1380 452 1402 »
473 1360 514 1405 Si
528 1370 643 1405 recte
659 1360 819 1406 dicitur
835 1397 845 1416 ‚
875 1381 895 1403 «
927 1362 1155 1406 Mirifieata
1182 1372 1245 1407 est
1270 1363 1448 1408 scientia
1508 1394 1518 1397 x

65 1450 86 1474 »
120 1441 196 1476 tua
212 1447 263 1475 ex
277 1446 346 1475 me
364 1451 375 1488 3
396 1449 415 1472 »
437 1441 554 1475 recte
576 1431 735 1475 dicitur
749 1467 760 1487 ,
783 1451 802 1474 «
816 1433 1119 1491 Magnificatus
1141 1449 1184 1477 es
1201 1433 1347 1488 nimis,
1365 1437 1451 1478 Do-

67 1522 84 1544 »
121 1502 256 1556 mine,
271 1504 384 1545 Deus
397 1516 518 1544 meus
534 1516 584 1544 ex
594 1517 678 1545 me.
699 1520 718 1543 ι)
737 1501 821 1547 Sed
834 1511 877 1545 et
887 1503 969 1546 hoc
983 1502 1126 1547 adhuc
1141 1503 1445 1563 quaerendum.

62 1575 129 1618 Ex
161 1587 231 1616 me
264 1571 566 1630 magnificatur
583 1576 696 1616 Deus
711 1573 982 1630 meus?Ergo
1014 1588 1066 1616 ex
1086 1588 1156 1616 me
1177 1574 1226 1617 fit
1246 1589 1445 1633 magnus.

63 1646 200 1688 Docet
227 1657 305 1686 nos
344 1641 510 1702 aliquid
543 1651 585 1686 et
619 1641 873 1703 quotidiana
912 1643 1049 1687 oratio
1082 1643 1230 1688 salutis
1263 1654 1447 1701 nostrae,

69 1732 87 1755 «
125 1713 427 1759 Sanctificetur
445 1728 606 1757 nomen
620 1723 747 1758 tuum
763 1715 778 1740 3
799 1729 808 1755 z
838 1732 857 1755 »
886 1713 1081 1773 quotidie
1103 1715 1289 1774 petimus
1308 1751 1318 1771 ,
1336 1732 1450 1776 quo-

65 1782 172 1828 tidie
194 1798 394 1841 rogamus
416 1792 465 1827 ut
482 1784 571 1828 fiat.
598 1784 640 1828 Si
659 1799 736 1828 nos
758 1784 990 1844 quisquam
1007 1793 1241 1843 nterroget,
1256 1786 1369 1839 Quid
1387 1795 1451 1831 est

66 1853 187 1914 quod
204 1854 348 1913 petitis
359 1888 370 1908 ‚
392 1863 441 1897 ut
464 1854 755 1898 sanctificetur
773 1869 935 1898 nomen
949 1854 1026 1898 Dei
1043 1855 1320 1915 ?Aliquando
1335 1858 1450 1901 enim

66 1935 264 1969 sanctum
276 1940 365 1968 non
377 1933 456 1980 est,
469 1933 520 1968 ut
531 1924 663 1969 modo
675 1925 966 1969 sanctificetur
976 1928 993 1969 ἶ)
1003 1928 1059 1970 Et
1071 1935 1215 1971 tamen
1229 1928 1311 1973 nisi
1322 1928 1452 1972 velle-

67 2012 164 2041 mus
172 1997 264 2040 fieri
275 2031 286 2051 ‚
304 2012 394 2041 non
406 2005 649 2056 peteremus
666 2006 717 2041 ut
729 1998 867 2041 fieret.
883 1997 979 2041 Alia
995 2006 1058 2041 est
1070 1999 1184 2042 enim
1201 1999 1447 2057 gratulatio,

68 2067 150 2112 alia
171 2068 308 2112 oratio
325 2083 333 2108 :
351 2067 635 2125 gratulamur,
651 2084 701 2112 ex
712 2084 762 2112 co
776 2067 896 2128 quod
909 2077 994 2126 est3
1010 2084 1195 2125 oramus,
1208 2080 1256 2114 ut
1265 2071 1318 2115 sit
1332 2071 1452 2132 quod

68 2137 266 2182 nondum
282 2147 359 2182 est.
381 2137 493 2191 Quid
508 2148 571 2182 est
592 2154 716 2197 ergo,
742 2141 1069 2185 «Sanctificetur
1087 2157 1246 2186 nomen
1272 2152 1393 2186 tuum
1406 2145 1448 2185 5³»

69 2212 126 2254 Et
152 2208 458 2267 intelligimus,
492 2209 614 2269 quod
636 2210 705 2254 hic
732 2209 898 2254 dictum
927 2221 990 2255 est
1007 2247 1017 2267 ,
1053 2232 1072 2254 «
1118 2214 1300 2258 Domine
1339 2218 1453 2258 Deus

73 2297 94 2321 »
129 2295 274 2334 meus,
293 2280 593 2337 magnificatus
617 2295 659 2324 es
674 2280 817 2324 nimis.
837 2284 965 2326 »Hoc
988 2292 1077 2337 est,
1107 2302 1127 2325 «
1152 2285 1453 2328 Sanctificetur

73 2367 95 2392 »
114 2365 274 2394 nomen
290 2359 432 2405 tuum,
453 2368 473 2391 >›
489 2359 687 2394 sanetum
707 2351 761 2395 sit
788 2352 905 2410 apud
924 2353 1120 2398 homines
1134 2371 1293 2399 nomen
1307 2364 1448 2399 tuum.

75 2423 281 2466 Sanctum
300 2429 363 2464 est
384 2421 499 2464 enim
521 2436 690 2481 semper
710 2436 871 2466 nomen
899 2431 1047 2478 tuum,
1081 2424 1156 2469 sed
1188 2425 1451 2485 quibusdam

73 2492 310 2537 immundis
327 2492 526 2536 nondum
547 2501 611 2537 est
626 2502 824 2537 sanctum
845 2509 1006 2539 nomen
1034 2504 1174 2540 tuum.
1201 2497 1313 2542 Dicit
1335 2498 1452 2542 enim

122 2583 132 2600 ¹
153 2577 253 2611 Exod.
272 2588 319 2618 ιιι,
347 2576 398 2620 14.
419 2594 462 2602 —
485 2584 499 2602 ²
518 2577 600 2612 Psal.
619 2588 768 2621 cxxxvm,
791 2579 824 2613 6.
848 2596 890 2604 -
908 2578 921 2604 3
939 2581 1053 2614 Matth.
1073 2593 1119 2624 vi,
1137 2593 1169 2624 9.
