1848 3261
228 215 469 248 ENARRATIO
501 221 552 247 111
583 219 630 248 m
661 215 865 249 PsALMUM
895 220 997 259 cm,
1030 217 1169 249 smmo
1201 223 1267 249 111.
1350 211 1428 252 141

55 285 301 345 Scripturae.
336 288 450 330 Ecce
480 285 582 329 inde
604 286 793 331 volatilia
824 284 880 330 de
910 284 1054 331 medio
1088 296 1308 346 petrarum
1327 288 1434 334 dant

51 370 202 400 vocem
219 371 365 413 suam3
388 355 584 401 habitant
605 357 720 401 enim
740 358 785 401 in
808 357 1045 401 montibus.

109 428 207 470 VII.
233 426 319 485 Ipsi
333 435 502 470 montes
519 435 563 470 et
584 426 670 471 illae.
694 435 827 487 petrae
848 425 966 471 unde
988 427 1153 472 habent
1174 430 1356 472 vocem?
1376 431 1432 474 Ut

49 495 165 539 enim
183 495 371 554 rigemur
394 496 644 556 Scriptum,
671 497 945 556 confugimus
969 497 1025 541 ad
1048 498 1293 557 apostolum
1318 502 1433 542 Pau-

46 565 155 609 lum.
182 564 261 610 Ille
274 566 392 610 unde
408 567 565 610 habet?
577 566 862 625 Confugimus
884 567 940 612 ad
955 570 1126 612 Isa‘i'am.
1141 571 1272 613 Isa'i'as
1287 568 1430 613 unde?

46 635 164 681 Audi
179 637 318 681 unde:
345 655 362 677 «
387 637 547 696 Rigans
559 647 728 682 montes
746 637 799 682 de
811 640 1105 698 superioribus
1122 640 1242 684 suis¹.
1261 638 1430 685 »Modo

44 708 81 751 si
100 706 156 751 ad
177 722 255 752 nos
276 708 443 751 venerit
463 709 595 753 homo
624 707 794 767 gentilis
815 709 1162 765 incircumcisus,
1187 710 1442 755 crediturus·

44 777 232 830 Christo,
249 775 402 821 damus
417 777 455 820 ei
468 777 732 837 baptismum
743 813 754 834 ‚
776 793 856 824 nec
872 794 1123 824 revocamus
1141 779 1194 824 ad
1211 779 1284 824 illa
1298 795 1429 840 opera

43 847 184 906 Legis.
200 849 258 892 Et
273 847 399 891 sinos
420 847 657 907 interroget
674 851 699 892 J
703 846 854 893 udaeus
877 864 1010 909 quare
1030 849 1089 894 ita
1112 850 1339 905 faciamus,
1364 865 1430 894 so-

42 932 197 962 namus
218 916 272 961 de
287 926 425 977 petra,
442 917 625 962 dicimus
646 937 654 962 :
677 921 770 964 Hoc
787 919 892 964 fecit
910 923 1077 975 Petrus,
1096 920 1179 964 hoc
1200 921 1305 964 fecit
1322 924 1428 964 Pau-

40 986 108 1032 lus
129 1006 140 1033 2
160 986 214 1032 de
226 987 370 1032 medio
387 997 607 1047 petrarum
624 987 776 1034 damus
795 1005 946 1034 vocem
960 998 1169 1035 nostram.
1186 990 1266 1034 Illa
1281 999 1427 1035 autem

40 1067 178 1118 petra,
200 1058 291 1117 ipse
315 1061 466 1103 Petrus
488 1074 613 1103 mons
635 1074 833 1117 magnus,
864 1060 1040 1120 quando
1063 1060 1216 1106 orabat
1238 1070 1280 1105 et
1301 1061 1427 1105 illum

39 1129 179 1173 visum
200 1129 391 1184 videbat,
430 1130 484 1173 de
511 1130 806 1190 superioribus
840 1131 1077 1189 rigabatur.
1111 1132 1269 1176 Paulus
1298 1147 1427 1191 apos-

39 1199 153 1243 tolus
174 1199 280 1243 dicit
301 1199 513 1243 Gentibus
535 1218 544 1243 ;
565 1218 585 1242 «
607 1199 650 1244 Si
665 1200 1060 1257 circumcidamini,
1083 1202 1280 1247 Christus
1301 1203 1426 1247 vobis

39 1288 61 1314 2)
68 1269 178 1314 nihil
186 1268 412 1328 proderit2.
422 1287 441 1311 »
449 1270 562 1314 Dicit
569 1271 652 1315 hoc
663 1271 838 1326 Paulus,
851 1281 1057 1332 tanquam
1072 1288 1197 1317 mons
1213 1273 1335 1318 :inde
1346 1289 1424 1318 nos

38 1340 243 1395 dicimus,
265 1348 466 1385 sonantes
484 1340 538 1384 de
551 1351 688 1400 petra.
714 1342 844 1400 Riget
864 1343 1074 1388 Dominus
1101 1344 1237 1403 ipsam
1255 1354 1424 1404 petram

38 1411 93 1458 de
114 1413 407 1473 superioribus
428 1413 528 1457 suis.
559 1415 668 1458 Nam
702 1429 804 1458 cum
840 1414 921 1458 ista
937 1422 1058 1474 petra
1076 1413 1220 1459 adhuc
1253 1425 1362 1459 esset
1378 1415 1424 1460 in

36 1482 294 1533 infidelitate
312 1498 475 1542 aspera,
490 1482 640 1528 volens
659 1499 754 1528 eam
776 1484 915 1542 rigare
933 1484 988 1528 de
1005 1484 1302 1544 superioribus
1318 1486 1419 1541 suis,

36 1562 87 1599 ut
108 1553 264 1598 flueret
297 1569 409 1614 aqua
431 1553 476 1597 in
507 1552 729 1608 convalle,
759 1553 988 1599 clamavit:
1019 1573 1038 1596 «
1078 1553 1234 1610 Saule,
1261 1554 1387 1600 Saule.
1408 1589 1419 1610 ,

38 1642 59 1666 ³>
95 1623 202 1684 quid
226 1639 293 1668 me
314 1624 584 1684 persequeris
601 1625 649 1667 3?
673 1641 693 1665 »
719 1625 818 1670 Non
839 1624 877 1667 ei
893 1624 999 1682 legit
1017 1625 1281 1683 Prophetam
1296 1660 1306 1679 ,
1332 1640 1422 1669 non

35 1695 75 1739 ci
97 1694 203 1754 legit
228 1694 412 1739 alterum
432 1694 715 1754 Apostolum3
752 1695 897 1739 omnia
924 1695 1040 1738 enim
1060 1695 1140 1739 ista
1164 1705 1420 1740 contemne-

34 1775 100 1810 ret
116 1781 240 1810 mons
268 1781 450 1825 magnus
473 1785 481 1809 :
507 1765 660 1823 rigavit
688 1764 814 1810 illum
837 1766 891 1809 de
919 1765 1214 1824 superioribus
1235 1766 1349 1824 suis;
1377 1775 1420 1811 et

34 1836 178 1881 statim
196 1836 359 1895 rigatus
381 1844 423 1879 et
442 1850 617 1879 manere
628 1836 718 1895 jam
740 1834 889 1880 volens
910 1854 919 1879 2
939 1854 959 1877 «
983 1835 1161 1880 Domine
1175 1870 1188 1890 ‚
1211 1837 1285 1890 ait,
1311 1835 1420 1896 quid

36 1925 57 1949 υ
92 1923 161 1951 me
177 1907 306 1967 jubes
326 1905 489 1950 facere‘*
508 1907 525 1949 P
549 1923 568 1946 »
594 1906 753 1964 Accipe
774 1904 898 1949 illum
921 1914 1114 1950 montem
1134 1905 1205 1950 vel
1231 1915 1414 1965 petram,

32 1979 151 2023 unde
168 1978 301 2038 possis
322 1978 426 2022 dare
444 1992 594 2022 vocem
616 1985 761 2034 tuam3
786 1977 932 2035 accipe
950 1975 1091 2032 illum,
1109 1985 1152 2021 et
1171 1975 1272 2021 vide
1289 1978 1418 2036 rigari

31 2047 86 2092 de
108 2048 400 2108 superioribus
415 2082 426 2103 ‚
463 2056 507 2091 et
538 2047 714 2091 effluere
730 2046 777 2090 in
800 2045 1092 2092 inferioribus.
1128 2046 1245 2091 Audi
1272 2047 1356 2092 hoc
1374 2056 1417 2092 et

30 2118 76 2163 in
93 2134 183 2163 uno
199 2118 296 2163 loco
323 2137 332 2163 :
365 2137 387 2161 «
408 2118 526 2173 Sive,
543 2117 714 2177 inquit,
743 2125 888 2162 mente
920 2117 1175 2161 excessimus
1198 2122 1308 2173 Deo,
1327 2118 1415 2162 sive

33 2205 55 2231 »
89 2197 377 2248 temperantes
395 2203 542 2233 sumus
563 2187 728 2232 vobisf’.
756 2204 777 2227 »
803 2185 933 2239 Quod
955 2186 1035 2242 ait,
1065 2206 1086 2229 «
1106 2190 1253 2231 Mente
1268 2203 1413 2233 exces-

29 2272 56 2303 ςε
90 2259 220 2303 simus
256 2277 265 2303 :
297 2277 317 2300 »
350 2273 425 2303 vos
457 2273 610 2317 capere
645 2272 735 2301 non
770 2256 962 2315 potestis.
998 2258 1265 2302 Excessimus
1298 2258 1413 2301 enim

30 2329 175 2373 omnia
194 2329 274 2373 ista
312 2327 524 2384 carnalia,
560 2342 635 2372 vos
657 2326 800 2370 adhuc
833 2325 1023 2370 carnales
1045 2327 1160 2371 estis.
1195 2331 1286 2372 Deo
1310 2343 1412 2387 ergo

28 2408 175 2444 mente
196 2399 449 2444 excessimus
474 2417 483 2443 :
519 2407 563 2443 et
589 2397 708 2459 quod
729 2397 927 2442 videmus
949 2413 1050 2442 cum
1069 2407 1216 2443 mente
1237 2399 1410 2443 excedi—

76 2503 84 2519 ¹
105 2496 185 2530 Psal.
203 2508 264 2539 clu,
287 2496 338 2530 13.
359 2511 401 2520 -
421 2501 433 2519 ²
453 2493 521 2528 Gal.
542 2505 574 2537 v,
597 2491 872 2536 2.-³Act.1x‚
898 2492 930 2536 4.
951 2493 1023 2526 —6
1048 2494 1129 2530 Ibid.
1149 2495 1181 2527 6.
1203 2511 1244 2519 -
1262 2492 1277 2519 5
1299 2506 1310 2527 1
1336 2497 1407 2528 Cor.

28 2564 68 2594 v,
93 2552 144 2584 13.
