1848 3261
350 204 405 244 86
786 211 805 240 S
812 229 821 240 .
856 211 1087 240 AUGUSTIM
1119 212 1301 239 EPISCOPI

350 279 634 334 converteris,
659 287 708 323 ut
733 279 849 339 juste
879 292 1002 335 agas,
1038 291 1128 320 non
1162 275 1321 334 poteris
1358 274 1440 318 nisi
1466 272 1662 318 laborare
1684 274 1729 318 in

356 361 470 396 terra
507 369 517 396 ε
548 358 592 393 et
622 364 712 393 non
736 348 887 392 finitur
922 346 1059 402 labor,
1085 345 1166 389 nisi
1195 360 1298 389 cum
1326 344 1447 388 finita
1475 342 1606 388 fuerit
1642 344 1726 388 via.

350 424 532 481 Oportet
562 421 608 464 in
632 420 700 464 via
733 419 950 473 laborare,
988 426 1037 461 ut
1066 417 1111 460 in
1136 416 1274 476 patria
1297 416 1574 475 gaudeamus.
1610 418 1727 474 Ergo

345 491 594 538 consolatur
604 489 885 551 promissione
899 504 974 533 sua
991 487 1184 532 laborem
1198 495 1341 541 tuum,
1357 486 1561 531 sudorem
1579 495 1724 542 tuum,

342 564 558 610 molestias
585 571 702 616 tuas,
737 569 780 604 et
811 559 917 604 dicit
947 560 1025 603 tibi
1061 578 1070 603 ;
1107 577 1126 600 «
1141 560 1240 603 Non
1269 557 1316 601 in
1347 558 1479 601 finem
1501 558 1722 612 irascetur,

344 654 365 677 »
400 649 544 694 neque
564 633 610 677 in
633 641 846 676 aeternum
872 629 1187 689 indignabitur.
1216 646 1236 669 »

398 707 563 750 XVIII.
603 705 731 748 «Non
763 699 1001 746 secundum
1028 709 1204 760 peccata
1237 707 1385 743 nostra
1406 697 1510 743 fecit
1530 697 1672 742 nobis.
1700 717 1720 740 »

339 780 430 822 Deo
459 776 612 834 gratias
628 809 639 830 ‚
675 773 777 834 quia
803 773 887 817 hoc
907 771 1062 816 voluit.
1089 774 1187 816 Non
1213 769 1334 831 quod
1354 770 1630 813 merebamur
1655 785 1727 813 ac-

340 848 533 907 cepimns
568 865 578 890 2
619 863 639 886 «
661 847 760 889 Non
797 843 1039 888 secundum
1070 850 1246 902 peccata
1273 850 1419 885 nostra
1440 840 1545 885 fecit
1573 840 1721 896 nobis,

344 938 363 960 1>
398 932 542 977 neque
578 914 820 960 secundum
852 913 1102 974 iniquitates
1143 921 1309 956 nostras
1347 911 1550 956 retribuit
1579 911 1720 955 nobis.

344 1007 366 1031 »
400 988 617 1042 Quoniam
639 985 880 1030 secundum
897 984 1172 1029 altitudinem
1191 983 1292 1028 coeli
1306 1000 1329 1027 a
1344 992 1473 1037 terra,
1499 983 1727 1027 confirma-

341 1079 362 1102 »
396 1060 461 1104 vit
482 1058 693 1103 Dominus
723 1055 1058 1099 misericordiam
1081 1070 1202 1100 suam
1227 1070 1355 1114 super
1386 1055 1586 1098 timentes
1606 1070 1722 1098 eum.

341 1150 362 1174 »
397 1129 682 1177 Confirmavit
700 1127 910 1171 Dominus
933 1126 1266 1169 misericordiam
1282 1141 1404 1168 suam
1426 1141 1555 1184 super
1568 1125 1727 1169 timen-

342 1222 362 1245 »
396 1211 459 1246 tes
477 1215 578 1244 eum
595 1202 607 1225 1
630 1218 640 1244 2
668 1217 688 1239 »
712 1197 953 1242 secundum
975 1195 1112 1256 quid?
1145 1195 1428 1240 «Secundum
1450 1195 1726 1238 altitudinem

341 1291 362 1313 »
397 1270 498 1314 coeli
521 1286 543 1313 a
567 1279 693 1313 terra.
725 1287 742 1308 »
769 1266 887 1320 Quid
910 1266 1042 1310 dixit?
1072 1266 1115 1311 Si
1138 1264 1374 1325 aliquando
1399 1273 1542 1323 potest
1565 1264 1726 1308 coelum

337 1340 567 1388 abscedere
591 1357 614 1384 a
632 1339 900 1399 protectione
921 1347 1064 1392 terrae,
1085 1336 1320 1398 aliquando
1335 1336 1613 1396 poteritDeus
1637 1352 1727 1380 non

337 1423 563 1475 protegere
585 1413 786 1454 timentes
809 1424 867 1454 se.
894 1408 1084 1453 Attende
1106 1417 1149 1452 et
1165 1407 1329 1452 coelum
1352 1427 1361 1452 :
1387 1407 1551 1468 ubique
1566 1443 1577 1462 ‚
1594 1407 1726 1451 undi-

339 1499 425 1545 que
457 1482 645 1542 protegit
676 1490 833 1525 terram
851 1514 861 1534 ‚
892 1489 935 1523 et
970 1478 1091 1522 nulla
1113 1494 1210 1538 pars
1240 1487 1364 1521 terrae
1395 1486 1482 1531 est,
1514 1493 1612 1537 quae
1636 1493 1727 1522 non

338 1554 451 1600 coelo
472 1561 737 1613 protegatur.
766 1554 953 1594 Peccant
970 1550 1164 1593 homines
1182 1549 1263 1592 sub
1287 1547 1422 1602 coelo‚
1441 1546 1607 1592 faciunt
1629 1563 1725 1592 om-

337 1627 409 1669 nia
432 1623 541 1668 mala
566 1623 646 1666 sub
669 1620 782 1666 coelo
805 1640 813 1665 :
839 1630 984 1665 tamen
997 1628 1288 1680 proteguntur
1309 1617 1437 1663 coelo.
1456 1618 1564 1662 Inde
1581 1617 1656 1662 lux
1670 1618 1727 1663 ad

340 1695 514 1749 oculos,
546 1693 648 1737 inde
677 1696 763 1747 aer,
796 1690 898 1735 inde
929 1690 1126 1750 spiritus,
1165 1689 1268 1734 inde
1301 1689 1448 1748 pluvia
1477 1689 1532 1733 ad
1566 1698 1725 1734 terram

336 1775 513 1827 propter
536 1763 730 1818 fructus,
766 1760 868 1805 inde
902 1761 1041 1827 omnis
1069 1759 1359 1804 misericordia
1392 1775 1415 1804 a
1446 1759 1574 1804 coelo.
1605 1759 1725 1804 Tolle

337 1838 545 1884 auxilium
567 1835 668 1880 coeli
688 1851 710 1879 a
733 1844 869 1889 terra,
896 1833 1039 1878 statim
1068 1832 1254 1877 deficiet.
1284 1832 1404 1876 Sicut
1425 1846 1527 1890 ergo
1548 1841 1725 1891 protec-

338 1910 398 1954 tio
420 1907 522 1953 coeli
544 1914 768 1967 permanet
790 1914 1113 1965 superterram,
1134 1903 1193 1947 sic
1206 1902 1418 1962 protectio
1436 1902 1609 1946 Domini
1629 1918 1726 1962 per-

339 1988 486 2025 manet
522 1992 650 2036 super
676 1976 876 2019 timentes
907 1991 1022 2018 eum.
1062 1974 1202 2018 Times
1226 1977 1386 2028 Deum,
1427 1989 1556 2033 supra
1591 1982 1634 2017 te
1662 1983 1726 2018 est

338 2049 552 2112 protectio
574 2048 722 2107 ipsius.
747 2047 831 2092 Sed
853 2045 965 2090 forte
993 2045 1221 2105 flagellaris
1235 2080 1246 2100 ‚
1271 2054 1314 2088 et
1335 2054 1462 2104 putas
1479 2044 1581 2105 quia
1599 2045 1725 2088 dese-

339 2122 426 2165 ruit
464 2129 507 2164 te
535 2122 664 2163 Deus.
703 2117 745 2162 Si
776 2116 964 2161 deseruit
988 2116 1198 2176 protectio
1228 2114 1330 2159 coeli
1350 2124 1510 2158 terram
1535 2135 1545 2159 2
1574 2117 1727 2168 «Quo-

340 2212 361 2234 »
397 2193 511 2235 niam
545 2189 786 2234 secundum
812 2187 1088 2232 altitudinem
1116 2186 1216 2231 coeli
1239 2203 1262 2230 a
1285 2196 1396 2231 terra
1412 2222 1423 2241 ‚
1449 2186 1725 2230 confirmavit

342 2283 362 2305 »
397 2262 607 2308 Dominus
632 2260 966 2304 misericordiam
989 2275 1110 2303 suam
1132 2273 1261 2318 super
1283 2258 1484 2302 timentes
1504 2272 1620 2301 eum.
1639 2276 1659 2299 »

395 2336 515 2377 xlx.
551 2335 608 2376 Et
630 2330 739 2392 quid
760 2329 887 2374 lecit?
910 2331 1019 2383 Quia
1043 2346 1133 2374 non
1154 2329 1394 2373 secundum
1417 2337 1595 2387 peccata
1619 2343 1723 2372 nos-

335 2414 400 2448 tra
423 2403 624 2447 retribuit
645 2402 784 2446 nobis.
812 2420 828 2441 α
847 2403 1069 2453 Quantum
1086 2399 1216 2444 distat
1228 2399 1380 2443 Oriens
1398 2399 1451 2442 ab
1466 2397 1719 2454 Occidente,

337 2493 359 2516 n
394 2474 523 2533 longe
545 2473 647 2517 fecit
679 2488 701 2516 a
728 2471 853 2516 nobis
876 2480 1051 2530 peccata
1073 2480 1219 2516 nostra
1235 2473 1268 2515 2.
1297 2488 1317 2512 »
1346 2468 1598 2515 Secundum
1621 2469 1720 2514 alti—

388 2564 396 2581 ¹
418 2558 497 2590 Psal.
513 2569 570 2599 cn,
590 2569 640 2599 10,
659 2569 710 2590 11.
731 2573 771 2581 —-
793 2563 805 2580 ²
823 2555 904 2589 Ibid.
925 2565 975 2588 12.
