1848 3261
278 219 518 251 ENARRATIO
550 223 564 248 1
596 222 642 249 ΙΝ
674 219 876 250 PsALMuM
907 222 1009 259 cm,
1044 219 1182 249 SERMo
1213 222 1244 248 1.
1360 208 1442 248 105

69 307 90 330 >›
125 288 305 332 laudent
333 302 493 332 nomen
518 287 722 332 Domini:
754 285 961 346 quoniam
983 286 1074 345 ipse
1106 285 1238 341 dixit,
1270 294 1313 331 et
1333 284 1447 330 sacta

70 378 90 402 »
124 369 252 416 sunt3
275 359 365 419 ipse
387 358 623 413 mandavit,
650 367 693 402 et
716 366 858 401 creata
873 358 1014 401 sunt1.
1038 374 1058 398 »
1078 359 1194 413 Ergo
1211 355 1449 415 explicatus

67 440 130 474 est
152 445 298 474 sensus
322 431 377 473 ad
397 428 585 473 litteram
619 448 627 472 :
653 428 839 487 protegit
862 427 977 471 enim
1010 427 1055 470 in
1085 426 1206 487 aquis
1229 427 1448 485 superiora

71 518 91 542 »
127 501 232 560 ejus.
257 518 276 540 υ
299 498 415 552 Quid
437 498 492 543 ad
513 499 724 556 figuram?
747 498 957 551 Quoniam
979 497 1024 541 in
1047 498 1184 556 figura
1203 496 1448 555 accepimus

67 570 225 630 pellem
251 570 518 630 Scripturam
539 578 753 622 sanctam,
785 578 827 612 et
850 567 1150 612 auctoritatem
1173 566 1308 611 divini
1328 567 1451 610 verbi

68 641 355 700 dispensatam
379 640 504 685 nobis
526 655 602 700 per
623 639 847 695 mortales,
868 639 1026 699 quibus
1050 638 1230 683 mortuis
1260 636 1452 698 ejusdem

68 711 396 771 dispensationis
420 710 533 755 fama
551 710 800 755 extenditur
820 731 827 755 :
846 710 1085 755 secundum
1107 711 1200 754 hoc-
1210 709 1449 769 quomodo,

72 801 89 822 «
127 782 319 841 Protegit
348 782 394 825 in
427 782 547 841 aquis
587 782 804 841 superiora
838 782 956 841 ejus?
983 799 1000 821 »
1038 782 1171 840 Cujus
1207 780 1454 840 superiora?

68 851 195 897 Coeli.
221 855 277 897 Et
301 851 407 912 quid
427 852 615 896 coelum?
636 855 788 896 Sancta
814 852 1048 911 Scriptura.
1075 854 1181 904 Quae
1200 859 1301 894 sunt
1322 866 1452 909 supe-

67 923 180 968 riora
219 932 378 967 sanctae
415 923 673 982 Scripturae?
706 923 822 976 Quid
862 922 1106 966 invenimus
1143 923 1188 964 in
1225 921 1455 980 Scripturis

67 993 223 1038 sanctis
245 994 469 1053 superius?
504 993 688 1037 Paulum
721 994 938 1051 interroga
964 1009 973 1034 ε
1005 1011 1025 1034 «
1053 991 1454 1051 Super-eminentio-

71 1084 91 1107 »
127 1081 216 1109 rem
231 1101 242 1121 ‚
268 1066 431 1125 inquit,
456 1065 569 1109 viam
587 1065 706 1109 vobis
730 1064 1022 1109 demonstr-0².
1050 1082 1069 1104 »
1097 1067 1237 1116 Quam
1260 1063 1364 1107 dicit
1380 1078 1456 1106 su-

69 1136 474 1196 pereminentiorem
495 1136 640 1179 viam?
671 1154 690 1176 «
719 1135 761 1179 Si
788 1134 945 1193 linguis
976 1135 1204 1179 hominum
1233 1134 1388 1194 loquar
1411 1143 1454 1178 et

72 1224 92 1247 »
127 1205 395 1263 Angelorum
412 1240 422 1260 ‚
463 1204 714 1248 charitatem
754 1213 898 1249 autem
936 1220 1025 1249 non
1061 1204 1246 1248 habeam
1264 1239 1275 1259 ,
1313 1203 1453 1248 factus

72 1294 92 1317 »
127 1291 223 1319 sum
268 1274 388 1319 velut
426 1283 709 1318 aeramentum
749 1290 927 1330 sonans,
966 1284 1042 1318 aut
1079 1273 1332 1332 cymbalum
1371 1274 1456 1318 tin-

72 1364 93 1388 »
128 1346 296 1390 niensss.
321 1365 340 1387 »
381 1346 423 1390 Si
451 1361 553 1404 crgo
587 1345 698 1389 nihil
730 1345 1118 1405 supereminentius
1148 1345 1192 1388 in
1234 1344 1456 1404 Scriptura

70 1426 216 1461 sancta
237 1415 420 1460 inveniri
440 1425 582 1475 potest
604 1431 736 1476 quam
758 1417 964 1473 charitas3
985 1415 1204 1475 superiora
1223 1413 1327 1459 coeli
1349 1430 1458 1475 quo-

71 1487 203 1532 modo
233 1487 277 1530 in
299 1487 420 1546 aquis
443 1496 744 1545 proteguntur,
770 1487 803 1530 si
833 1487 1051 1546 superiora
1087 1487 1321 1545 Scripturae
1342 1502 1457 1546 prae-

72 1568 196 1619 cepta
218 1558 437 1602 charitatis
456 1560 588 1602 sunt?
610 1557 725 1602 Audi
750 1558 1122 1618 quemadmodum
1147 1578 1154 1602 :
1185 1577 1203 1600 «
1229 1558 1425 1602 Charitas
1444 1593 1455 1614 ‚

75 1647 95 1670 »
130 1630 301 1690 inquit,
327 1629 404 1673 Dei
425 1627 584 1672 diffusa
607 1638 670 1673 est
692 1629 738 1672 in
760 1628 966 1673 cordibus
982 1629 1136 1672 nostris
1153 1643 1230 1687 per
1254 1628 1459 1688 Spiritum

75 1719 96 1742 »
131 1709 355 1754 sanctum,
389 1700 464 1759 qui
491 1700 617 1743 datus
651 1709 713 1743 est
745 1699 869 1744 nobis
887 1701 918 1743 4.
949 1719 969 1741 »
995 1702 1091 1744 Jam
1122 1699 1298 1743 nomine
1327 1699 1461 1743 diffu-

73 1771 201 1814 sionis
218 1769 412 1829 intellige
430 1785 560 1830 aquas
582 1771 626 1813 in
649 1770 857 1813 charitate
875 1770 1057 1829 Spiritus
1076 1770 1227 1814 sancti.
1255 1772 1334 1813 Hae
1359 1780 1462 1814 sunt

75 1856 215 1902 aquae,
235 1840 289 1884 de
307 1840 464 1900 quibus
481 1839 640 1884 dicitur
661 1841 706 1884 in
729 1840 917 1901 quadam
939 1842 1157 1900 Scriptura
1176 1860 1183 1886 :
1205 1860 1225 1883 «
1245 1842 1359 1885 Etin
1372 1841 1463 1901 pla-

77 1930 98 1953 »
135 1913 211 1955 teis
223 1911 308 1955 tuis
322 1910 566 1955 discurrant
579 1927 702 1970 aquae
719 1920 823 1967 tuae,
841 1927 969 1956 nemo
987 1911 1150 1956 alienus
1169 1912 1466 1957 communicet

78 2001 98 2024 »
134 1983 214 2027 tibi
231 1985 261 2028 ⁵.
292 2001 311 2023 ³>
333 1982 474 2026 Alieni
495 1982 611 2026 enim
633 1999 782 2027 omnes
805 2000 827 2028 a
847 1985 915 2028 via
937 1985 1142 2039 veritatis,
1169 1985 1256 2028 sive
1279 1986 1460 2043 Pagani,

76 2054 164 2098 sive
186 2052 351 2108 Judaei,
389 2054 475 2097 sive
494 2053 712 2111 haeretici·7
738 2062 780 2097 et
801 2054 905 2098 mali
933 2055 1096 2115 quique
1124 2055 1356 2099 Christiani
1383 2056 1465 2099 ha-

75 2124 177 2169 here
199 2123 337 2167 multa
367 2123 481 2167 dona
512 2133 717 2183 possunt,
753 2125 1006 2169 charitatem
1037 2142 1126 2170 non
1149 2135 1344 2185 possunt.
1373 2128 1466 2170 Hoc

76 2196 218 2254 ipsum
236 2193 365 2254 quale
382 2192 546 2237 donum
570 2196 664 2238 est?
690 2197 744 2238 Ut
773 2210 862 2238 non
895 2194 1128 2256 loquamur
1151 2196 1204 2240 de
1227 2195 1351 2240 donis
1375 2195 1467 2241 aliis

77 2263 180 2309 foris
195 2299 206 2318 ‚
223 2280 320 2323 quae
344 2264 457 2307 dona
479 2264 644 2308 habent
667 2280 816 2308 omnes
838 2266 1057 2320 homines,
1084 2266 1185 2327 quia
1208 2266 1312 2311 facit
1333 2266 1467 2311 solem

79 2349 206 2377 suum
229 2333 328 2378 oriri
351 2349 479 2393 super
502 2334 640 2378 bonos
658 2344 701 2379 et
717 2334 877 2379 malos6
901 2336 1041 2380 :dona
1065 2337 1142 2381 Dei
1159 2346 1286 2392 sunt,
1314 2347 1357 2381 ct
1378 2353 1469 2381 non

80 2413 249 2449 tantum
266 2404 392 2449 bonis
410 2414 452 2449 et
473 2405 595 2449 malis
616 2407 863 2450 eommunia
879 2442 889 2461 ‚
918 2407 992 2451 sed
1015 2408 1141 2452 etiam
1163 2408 1307 2452 bestiis
1327 2417 1370 2451 et
1392 2423 1466 2468 pe-

129 2508 136 2522 ¹
160 2500 240 2533 psal.
260 2512 382 2541 extrui,
397 2499 429 2542 4,
450 2501 481 2532 5.
504 2518 546 2523 —-
565 2508 577 2523 ²
601 2513 613 2532 1
632 2504 702 2533 Cor.
724 2513 784 2543 ΧΠ,
804 2504 909 2534 31.—
933 2502 945 2528 3
966 2505 1011 2536 Id.
1033 2516 1148 2547 x1n71.
1169 2522 1211 2527 ·-—
1230 2504 1243 2534 4
1261 2507 1350 2538 Rom.
1372 2516 1405 2545 v,
1430 2504 1461 2537 5.

82 2573 124 2579 —
145 2555 264 2589 5Prov.
285 2567 316 2594 v,
334 2557 385 2598 ro,
407 2567 456 2598 17.
480 2573 517 2579 —
540 2555 555 2577 ‘3
574 2557 686 2590 Matth.
706 2568 736 2598 v,
757 2556 811 2598 45.
