1848 3261
237 204 477 235 ENARRATIO
509 207 552 234 rv
586 206 631 232 IN
664 200 865 232 PsALMUM
895 205 992 243 (3111,
1026 203 1165 235 SERMO
1197 210 1256 236 11».
1351 198 1432 237 177·

56 269 141 314 hic.
165 274 397 315 Intuentur
414 270 529 314 enim
547 268 686 327 legem
704 269 846 321 fixam,
869 267 1011 326 legem
1033 278 1254 327 aeternam,
1276 273 1434 332 juben-

57 349 144 384 tem
176 341 266 385 sine
302 342 541 401 scriptura,
582 341 673 383 sine
702 338 878 397 syllabis
897 374 907 394 ,
943 339 1034 383 sine
1056 341 1266 399 strepitu,
1304 344 1433 389 fixam

55 426 222 470 semper
243 421 287 456 et
306 421 513 466 stantem,
535 412 760 455 intuentur
779 409 933 468 Angeli
951 411 1082 454 corde
1100 413 1266 456 mundo
1284 448 1293 467 ,
1320 423 1363 458 et
1384 431 1434 459 ex

54 479 126 524 illa
150 480 314 526 faciunt
331 481 548 542 quidquid
572 482 641 526 1110
663 482 735 538 fit3
761 489 804 524 et
821 489 1050 539 potestates
1071 497 1120 525 ex
1141 481 1213 527 illa
1233 484 1435 529 ordinan-

31 598 40 603 ,
58 558 125 593 tur
147 566 170 593 3
192 552 368 595 summis
391 567 527 612 usque
551 551 608 594 'in
643 551 742 594 ima.
771 553 828 594 Et
849 550 882 593 si
904 559 1135 609 potestates
1166 567 1435 598 summorum

54 619 266 664 coelorum
295 630 507 679 reguntur
540 620 676 665 verbo
704 620 805 674 Dei,
845 630 1010 680 quanto
1048 622 1181 680 magis
1213 622 1436 668 inferiores

54 699 183 749 atque
206 692 413 734 terrenae?
431 695 644 735 Remanet
661 705 762 748 ergo
786 690 830 733 in
854 690 976 734 malis
998 690 1085 735 sola
1104 692 1292 737 nocendi
1313 694 1437 754 cupi-

53 761 176 804 ditas.
204 764 326 805 Hanc
349 762 481 805 habet
508 763 641 806 homo
663 763 708 805 in
736 770 948 821 potestate
970 761 1250 821 cupiditatem
1275 781 1438 809 1100611-

52 831 127 885 di,
151 831 422 875 voluntatem
445 831 500 875 ad
522 832 772 891 perniciem.
801 832 844 876 Si
874 841 1018 875 autem
1054 833 1257 894 cuiquam
1281 850 1437 880 nocere

51 902 264 960 potuerit,
289 917 378 946 non
395 900 631 959 glorietur,
657 918 746 945 non
767 902 857 961 ipse
880 903 1059 958 nocuit,
1086 904 1185 948 data
1209 914 1272 949 est
1294 908 1331 950 ei
1354 922 1436 966 po-

50 979 192 1014 testas.
221 971 361 1016 Semel
385 970 553 1016 dictum
575 981 665 1027 est,
690 971 902 1016 sententia
924 972 1047 1016 firma
1077 982 1140 1018 est
1167 994 1175 1020 :
1209 994 1227 1016 «
1252 977 1349 1021 Non
1375 986 1433 1020 est

53 1058 74 1082 »
108 1050 318 1100 potestas,
344 1042 426 1085 nisi
448 1058 470 1085 a
493 1045 581 1086 Deo
603 1043 631 1085 1.
661 1060 680 1083 »
707 1041 823 1095 Quid
856 1057 958 1101 ergo
981 1044 1137 1087 times?
1166 1048 1218 1088 In
1241 1046 1362 1106 aquis
1385 1047 1438 1090 sit

51 1111 203 1167 draco,
229 1113 276 1156 in
303 1114 411 1157 mari
433 1114 485 1157 sit
508 1113 638 1157 draeo
663 1133 671 1158 :
697 1113 795 1157 11130
821 1115 1078 1159 transiturus
1101 1131 1160 1159 es.
1192 1116 1259 1160 Sic
1277 1126 1341 1161 est
1362 1118 1440 1162 fic-

51 1193 119 1227 tus
138 1193 186 1227 ut
201 1182 437 1239 illudatur,
463 1184 533 1228 1110
558 1183 612 1228 ad
631 1185 747 1228 1111110
770 1183 916 1229 10011111
939 1186 1164 1230 ordinatus
1187 1197 1250 1231 est
1270 1223 1281 1242 ,
1307 1187 1352 1231 in
1375 1189 1439 1232 his

48 1253 224 1297 sedibus
241 1253 474 1312 deputatus
496 1263 574 1298 est.
599 1257 807 1311 Magnum
830 1255 997 1314 aliquid
1020 1256 1083 1299 illi
1107 1266 1234 1315 putas
1257 1273 1346 1302 esse
1362 1259 1438 1303 has

48 1325 168 1368 sedes
189 1359 199 1379 ,
226 1325 327 1384 quia
349 1339 438 1368 non
457 1325 569 1368 nosti
592 1324 713 1368 sedes
735 1324 1003 1383 Angelorum
1030 1325 1148 1369 unde
1174 1327 1318 1387 lapsus
1336 1339 1399 1374 est
1425 1349 1434 1374 2

49 1411 147 1454 qnae
170 1394 251 1438 tibi
272 1394 446 1439 videtur
467 1395 558 1454 ejus
579 1394 791 1452 gloriatio,
818 1395 1038 1439 damnatio
1062 1405 1139 1440 est.

106 1468 163 1509 X,
194 1464 530 1509 Similitudinem
554 1465 736 1524 accipite
771 1465 961 1508 breviter
987 1485 995 1509 ε
1022 1466 1122 1524 quia
1145 1482 1291 1512 revera
1313 1483 1437 1528 mag-

48 1551 155 1579 num
173 1534 338 1595 aliquid
360 1544 423 1579 est
444 1536 527 1580 1100
550 1550 672 1579 nosse
690 1544 733 1578 et
749 1534 1006 1592 intelligere.
1020 1538 1209 1580 Domum
1233 1552 1437 1597 magnam

49 1607 238 1667 aliquam
261 1616 412 1666 putate
434 1615 570 1651 totam
598 1607 722 1650 istam
746 1607 1164 1651 administrationem
1187 1618 1396 1654 creaturae
1422 1632 1433 1655 :

49 1676 204 1721 domus
236 1677 319 1721 ista
347 1692 505 1735 magna
526 1676 661 1720 habet
684 1675 908 1720 dominum
927 1711 937 1731 ‚
963 1677 1096 1721 habet
1123 1694 1265 1722 servos
1284 1714 1294 1734 ,
1321 1689 1364 1724 et
1391 1680 1435 1724 in

49 1748 149 1807 ipsis
184 1747 313 1792 servis
336 1747 469 1793 habet
490 1747 602 1791 circa
642 1762 684 1790 se
714 1747 931 1806 proximos
959 1747 1041 1790 sibi
1074 1748 1119 1791 in
1156 1750 1434 1808 apparatibus

48 1818 301 1863 melioribus
332 1819 519 1863 vestium
535 1854 550 1874 ,
577 1818 877 1862 thesaurorum
895 1853 905 1873 ,
930 1818 1186 1862 horreorum
1203 1854 1213 1874 ,
1255 1836 1434 1879 magna-

48 1905 144 1934 rum
168 1890 485 1949 possessionum
506 1908 514 1933 :
540 1889 674 1933 habet
696 1889 824 1932 etiam
847 1904 989 1933 servos
1017 1888 1063 1932 in
1086 1889 1243 1933 infimis
1281 1892 1433 1936 minis-

53 1960 189 2015 teriis,
225 1960 284 2004 ita
320 1959 505 2004 subditis
535 1959 617 2003 sibi
639 1959 945 2019 potestatibus,
971 1968 1021 2003 111
1043 1960 1253 2019 quosdam
1275 1961 1433 2006 habeat

48 2041 92 2076 et
111 2031 165 2075 ad
186 2029 458 2076 mundandas
475 2030 662 2075 cloacas:
683 2047 705 2074 a
723 2030 900 2074 summis
918 2030 1272 2089 procuratoribus
1294 2048 1431 2093 usque

48 2101 103 2146 ad
122 2112 310 2146 extrema
329 2101 408 2145 ista
431 2110 474 2145 et
493 2101 643 2144 infima
666 2101 899 2144 ministeria
917 2116 1047 2161 quam
1071 2100 1199 2144 multi
1221 2111 1322 2146 sunt
1340 2119 1431 2162 gra-

47 2171 144 2216 dus.
169 2172 209 2217 Si
226 2187 329 2230 ergo
345 2171 499 2232 aliquis
521 2187 702 2229 magnus
724 2180 980 2231 procurator
1001 2171 1218 2226 offendat,
1239 2181 1282 2216 et
1299 2188 1430 2232 poena

49 2241 213 2286 domini
247 2242 338 2297 sui,
368 2242 491 2286 verbi
533 2242 699 2299 gratia,
736 2242 812 2285 fiat
846 2241 1042 2286 ostiarius
1078 2242 1124 2286 in
1155 2240 1302 2302 aliquo
1331 2242 1428 2288 loco

47 2322 236 2357 extremo
255 2334 264 2370 3
295 2313 328 2356 si
353 2326 553 2356 exercens
576 2312 657 2357 sibi
679 2311 823 2355 datam
843 2321 1097 2371 potestatem
1115 2347 1125 2367 ,
1147 2311 1340 2357 volentes
1358 2314 1428 2357 in-

48 2391 160 2427 trare
191 2382 260 2427 vel
293 2383 406 2426 exire
434 2382 688 2442 perturbet,
723 2381 962 2426 secundum
991 2382 1170 2427 modum
1206 2384 1428 2442 potestatis

45 2468 176 2512 quem
210 2453 375 2512 accepit
397 2469 420 2498 a
441 2452 647 2508 domino,
678 2451 741 2496 illi
764 2462 910 2498 autem
940 2452 1133 2498 nesciant
1165 2468 1265 2496 eum
1297 2452 1428 2499 fuisse

96 2543 103 2560 ¹
126 2539 216 2568 Rom.
233 2547 305 2577 xm,
328 2549 357 2568 1.

234 2599 389 2631 cxvm.
1217 2593 1267 2633 12
