1848 3261
230 219 470 250 ENARRAno
503 223 536 249 11
567 223 613 250 nv
644 219 847 251 PsALMUM
878 212 1016 261 cxn13
1049 219 1189 251 summ
1221 226 1268 250 11.
1361 213 1446 253 349

59 286 328 331 brandorum
339 296 718 343 sacramentorum,
731 302 829 347 quae
839 286 932 346 ipso
944 286 1182 331 ministerio
1195 299 1443 334 consecrata

61 366 208 402 sancta
230 356 431 401 dicantur
451 392 462 412 ‚
489 358 534 401 in
557 359 647 418 ejus
669 359 880 401 honorem
899 392 910 412 ,
937 357 1012 417 qui
1030 372 1109 417 pro
1137 357 1274 401 salute
1304 369 1450 404 nostra

60 427 162 472 inde
179 428 381 472 servitur.
408 431 467 472 Et
488 438 590 473 sunt
611 427 807 488 profecto
829 428 957 471 etiam
978 428 1058 472 ista
1072 428 1359 472 instrumenta
1382 430 1453 474 vel

59 513 175 554 vasa,
188 498 296 558 quid
310 498 429 542 aliud
446 515 578 559 (suam
595 515 725 558 opera
736 515 947 543 manuum
958 499 1446 544 hominumPVerumta-

58 584 162 612 men
182 569 398 630 numquid
411 585 456 614 os
467 570 631 613 habent
643 605 653 624 ‚
671 579 714 614 et
725 586 814 614 non
831 570 1098 630 loquentur?
1111 569 1328 629 numquid
1341 586 1447 615 ocu-

58 638 122 683 los
143 640 327 695 habent,
352 649 394 684 et
419 656 510 684 non
536 639 778 685 videbunt?
801 640 1016 701 numquid
1037 641 1093 684 eis
1123 640 1443 701 supplicamus,

60 712 162 772 quia
182 727 260 771 per
282 727 332 756 ea
364 712 655 772 supplicamus
671 713 786 757 Deo?
808 712 888 757 Illa
911 712 1094 756 maxime
1128 728 1254 756 causa
1277 721 1340 757 est
1360 713 1446 757 im-

58 782 228 841 pietatis
244 781 429 837 insanae,
450 782 571 842 quod
599 781 696 842 plus
717 781 833 827 valet
865 783 912 825 in
937 782 1165 826 affectibus
1191 782 1447 827 miserorum

58 852 222 897 viventi
258 852 406 896 similis
439 851 579 897 forma
617 870 716 913 quae
738 853 820 898 sibi
852 853 985 898 efficit
1029 854 1288 913 supplicari,
1314 869 1446 914 quam

59 924 179 983 quod
198 939 293 968 eam
314 921 594 967 manifestum
625 934 689 969 est
711 941 800 969 non
831 938 921 968 esse
952 924 1194 980 viventem,
1219 934 1270 969 ut
1290 925 1448 970 debeat

60 1009 84 1038 a
104 994 278 1038 vivente
315 994 550 1039 contemni.
577 993 679 1038 Plus
711 995 826 1038 enim
849 994 996 1038 valent
1018 995 1245 1039 simulacra
1268 996 1323 1039 ad
1344 1012 1446 1040 cur-

58 1063 246 1108 vandam
262 1062 479 1108 infelicem
494 1065 681 1108 animam
695 1066 816 1125 quod
832 1081 877 1110 os
888 1066 1068 1121 habent,
1095 1066 1243 1110 oeulos
1264 1066 1443 1121 habent,

60 1149 183 1178 aures
195 1134 359 1178 habent
370 1169 385 1189 ,
410 1149 533 1178 nares
548 1134 730 1189 habent,
750 1150 904 1178 manus
916 1135 1096 1191 habent,
1111 1136 1243 1195 pedes
1262 1137 1444 1192 habent,

59 1219 192 1264 quam
205 1198 261 1248 ad
281 1204 582 1262 corrigendam
604 1205 725 1264 quod
738 1221 828 1250 non
842 1205 1095 1266 loquentur,
1111 1222 1199 1250 non
1211 1206 1443 1262 videbunt,

59 1289 150 1318 non
180 1272 381 1329 audient,
420 1289 510 1318 non
535 1272 804 1331 odorabunt,
835 1291 925 1320 non
958 1276 1320 1332 contrectabunt,
1356 1292 1447 1322 non

61 1343 366 1388 ambulabunt.

118 1416 220 1457 VII.
247 1416 400 1472 Itaque
425 1413 621 1473 sequitur
649 1423 701 1457 ut
721 1413 832 1457 illud
850 1430 1026 1475 quoque
1043 1415 1142 1470 fiat,
1174 1416 1295 1475 quod
1317 1416 1447 1460 etiam

59 1484 106 1527 in
123 1485 205 1528 hoc
225 1482 394 1527 Psalmo
418 1484 612 1543 sequitur
648 1503 656 1528 ε
691 1493 741 1527 ut
769 1484 952 1540 scilicet⁷
983 1504 1002 1526 t(
1034 1484 1200 1529 Similes
1227 1485 1310 1529 illis
1337 1488 1446 1530 fiant

65 1573 83 1595 »
119 1569 268 1598 omnes
291 1554 365 1613 qui
382 1551 548 1597 faciunt
560 1568 631 1608 ea,
657 1562 700 1597 et
712 1568 860 1597 omnes
878 1554 953 1614 qui
975 1555 1204 1598 confidunt
1224 1555 1270 1598 in
1291 1555 1350 1599 eis
1366 1558 1397 1598 1.
1423 1575 1440 1597 »

60 1623 247 1668 Videant
264 1639 366 1682 ergo
383 1623 454 1667 isti
472 1623 629 1683 apertis
651 1632 694 1667 et
714 1623 1001 1667 sentientibus
1017 1624 1173 1680 oculis,
1199 1634 1242 1669 et
1264 1624 1446 1669 adorent

60 1694 213 1739 clausis
247 1703 290 1738 et
318 1694 499 1739 mortuis
529 1694 771 1751 mentibus,
803 1710 883 1739 nec
910 1694 1124 1751 videntia,
1149 1711 1230 1740 nec
1256 1696 1445 1742 viventia

61 1764 304 1809 simulacra.

119 1837 241 1880 VIII.
273 1853 290 1875 ‹<
326 1837 490 1878 Domus
524 1843 672 1877 autem
712 1833 844 1878 Israel
870 1834 1056 1894 speravit
1090 1835 1134 1879 in
1167 1836 1442 1881 Dominum2.

66 1925 83 1947 »
122 1907 225 1964 Spes
242 1905 358 1948 enim
380 1920 478 1964 quae
498 1903 692 1959 videtur,
714 1919 803 1948 non
822 1913 885 1948 est
910 1920 1020 1964 spes.
1043 1905 1168 1958 Quod
1190 1906 1308 1949 enim
1328 1907 1447 1951 videt

67 1995 84 2016 »
120 1975 238 2034 quis,
262 1972 370 2034 quid
387 1974 565 2033 sperat?
585 1973 627 2017 Si
650 1982 795 2017 autem
823 1975 944 2034 quod
965 1991 1054 2019 non
1081 1976 1276 2019 videmus
1298 1992 1447 2036 spera-

63 2062 84 2085 ))
119 2059 215 2088 mus
232 2079 242 2099 ,
280 2059 357 2103 per
379 2043 631 2102 patientiam
659 2053 935 2102 expectamus
950 2046 982 2088 3.
1013 2066 1030 2086 »
1059 2046 1143 2090 Sed
1164 2056 1214 2090 ut
1239 2046 1448 2106 perduret

61 2129 199 2174 usque
228 2113 274 2156 in
302 2113 431 2156 finem
468 2113 558 2172 ipsa
579 2114 786 2173 patientia
806 2149 817 2170 ‚
845 2132 861 2153 «
888 2114 1076 2175 Adjutor
1107 2132 1257 2160 eorum
1279 2125 1322 2160 et
1343 2133 1447 2176 pro-

67 2205 85 2227 »
120 2194 260 2229 tector
290 2199 442 2228 eorum
475 2193 552 2228 est.
586 2205 603 2226 »
645 2187 713 2229 An
742 2184 920 2229 fortasse
950 2185 1185 2245 spiritales,
1210 2189 1267 2245 (a
1289 2188 1448 2247 quibus

63 2255 254 2300 carnales
282 2255 559 2299 instruuntur
579 2255 625 2298 in
647 2255 800 2314 spiritu
832 2256 1177 2301 mansuetudinis
1193 2293 1203 2312 ‚
1239 2259 1340 2317 quia
1366 2258 1451 2317 ipsi

62 2336 271 2387 tanquam
292 2326 531 2384 superiores
552 2341 632 2385 pro
648 2325 927 2370 inferioribus
950 2327 1222 2387 supplicant,
1242 2330 1258 2386 )
1273 2329 1363 2388 jam
1379 2328 1448 2371 vi-

64 2396 197 2452 dent,
218 2406 260 2440 et
281 2396 365 2440 iliis
381 2398 471 2457 jam
493 2412 559 2440 res
579 2406 644 2441 est
662 2414 760 2457 quae
778 2396 921 2441 adhuc
942 2397 1220 2442 inferioribus
1241 2414 1336 2458 spes
1358 2400 1449 2443 est?

63 2470 160 2513 Non
184 2476 247 2511 est
286 2467 360 2510 ita.
399 2469 508 2512 Nam
547 2476 589 2511 et
616 2486 632 2507 «
659 2471 820 2511 Domus
842 2470 987 2511 Aaron
1022 2468 1207 2528 speravit
1228 2468 1272 2513 in
1296 2469 1446 2514 Domi-

118 2559 126 2575 ¹
146 2552 227 2584 Psal-
244 2564 332 2594 (πίω,
353 2552 384 2586 8.
403 2569 444 2575 --
464 2559 476 2575 2
497 2552 578 2585 lbid.
598 2564 629 2595 9.
650 2570 691 2577 -ι
712 2551 829 2585 3Rom.
851 2564 920 2595 viu,
946 2552 1002 2595 24,
1018 2553 1072 2586 25.
