1848 3261
409 219 494 260 410
848 226 883 255 s.
917 225 1150 255 Aususnm
1180 225 1363 253 EPISCOPI

412 316 431 338 »
467 308 664 353 corpore,
683 292 1012 352 peregrinamur
1030 307 1053 334 a
1074 289 1286 335 Domino:
1313 294 1394 335 Per
1413 290 1547 335 fidem
1564 291 1680 335 enim
1702 304 1794 333 am-

412 385 431 408 »
466 363 688 419 bulamus,
723 363 889 423 inquit,
923 378 1011 406 non
1034 377 1110 421 per
1133 361 1350 420 speciem1
1373 381 1382 406 :
1409 382 1427 404 »
1452 371 1504 406 ut
1530 360 1795 419 intelligere-

409 451 505 480 mus
528 450 679 479 eorum
698 449 787 477 esse
808 434 932 476 istam
951 431 1362 491 peregrinationem,
1377 432 1454 491 qui
1475 431 1703 476 ambulant
1720 446 1796 489 per

407 506 556 550 fidem.
580 503 782 548 Infideles
805 514 964 557 autem,
980 519 1088 562 quos
1107 506 1220 547 Deus
1239 519 1329 546 non
1345 504 1560 562 praescivit
1581 518 1662 546 nec.
1684 517 1796 561 prae-

407 575 639 621 destinavit
660 572 907 617 conformes
922 573 1014 616 fieri
1036 574 1234 632 imaginis
1253 573 1353 617 Filii
1374 575 1484 629 sui2,
1500 589 1590 618 non
1611 581 1796 632 possunt

404 647 618 693 veraciter
630 644 774 688 dicere
789 659 833 688 se
849 646 895 687 in
908 653 1021 688 terra
1034 645 1301 703 peregrinos⁷
1314 645 1493 705 quando
1507 645 1569 688 ibi
1588 653 1704 698 sunt,
1719 643 1797 686 ubi

406 715 650 762 secundum
673 730 847 759 carnem
867 715 958 758 nati
981 724 1083 758 sunt
1105 733 1114 759 :
1140 730 1230 758 non
1248 716 1363 758 enim
1390 716 1555 759 habent
1577 713 1680 757 alibi
1697 713 1798 757 civi-

406 798 539 834 tatem
562 806 571 832 2
596 803 645 831 ac
667 801 744 846 per
767 786 851 830 hoc
872 801 962 830 non
985 795 1087 829 sunt
1108 785 1154 828 in
1171 795 1285 830 terra
1308 785 1562 844 alienigenae
1578 820 1589 839 ‚
1615 783 1692 828 sed
1710 793 1796 827 ter-

405 860 580 917 rigenae.
607 856 733 901 Unde
757 856 817 900 ait
838 855 920 899 alia
941 856 1163 914 Scriptura
1176 854 1230 898 de
1243 855 1452 914 quodam,
1470 874 1488 896 «
1510 854 1661 898 Posuit
1681 854 1798 897 enim

410 949 429 972 »
465 927 584 988 apud
606 936 792 971 mortem
814 926 995 969 domum
1019 939 1165 979 suam,
1191 933 1235 968 et
1257 925 1377 984 apud
1397 923 1558 967 inferos
1582 938 1685 968 cum
1708 932 1797 966 ter—

408 1019 429 1042 »
463 999 621 1058 rigenis
639 1013 736 1042 axes
752 1012 852 1040 suos
866 998 898 1040 3.
925 1016 942 1038 »
972 998 1082 1040 Sunt
1099 1004 1246 1039 autem
1264 1003 1309 1038 et
1328 995 1408 1054 ipsi
1422 993 1640 1054 peregrini
1662 1002 1705 1038 et
1727 993 1797 1036 in-

405 1069 562 1130 quilini
579 1105 589 1124 ,
615 1085 705 1113 non
726 1067 829 1111 huic
847 1076 995 1121 terrae,
1021 1065 1098 1110 sed
1119 1064 1284 1125 populo
1307 1065 1400 1119 Dei,
1427 1080 1452 1108 a
1469 1080 1558 1125 quo
1580 1073 1683 1108 sunt
1701 1063 1798 1107 alie-

404 1141 592 1198 nigenae.
627 1137 753 1183 Unde
787 1136 1094 1191 credentibus,
1130 1145 1174 1180 et
1200 1144 1394 1180 sanctam
1428 1135 1674 1189 civitatem,
1700 1149 1800 1193 quae

405 1226 497 1255 non
519 1219 585 1253 est
614 1209 670 1253 de
700 1211 784 1253 hoc
815 1208 985 1253 mundo
1001 1242 1014 1262 ‚
1051 1208 1212 1251 habere
1234 1207 1545 1266 incipientibus
1565 1204 1800 1265 Apostolus

406 1281 542 1326 dicit:
569 1300 585 1321 c<
614 1280 753 1339 Igitur
775 1282 866 1340 jam
893 1295 985 1324 non
1017 1279 1115 1323 estis
1144 1279 1363 1338 peregrini
1395 1287 1440 1322 et
1470 1277 1698 1338 inquilini,
1724 1276 1801 1320 sed

411 1372 430 1394 »
467 1351 565 1395 estis
588 1351 701 1394 cives
718 1359 969 1393 sanctorum
992 1358 1035 1392 et
1056 1348 1283 1392 domestici
1305 1348 1453 1392 Dei⁴.»
1472 1347 1559 1406 Ipsi
1577 1361 1678 1405 ergo
1699 1355 1802 1390 sunt

407 1421 520 1466 cives
554 1420 742 1475 terreni,
773 1419 850 1479 qui
884 1428 986 1462 sunt
1019 1419 1097 1462 Dei
1127 1417 1292 1477 populo
1324 1417 1575 1477 peregrinit
1601 1417 1800 1477 quivero

407 1493 657 1537 civesfsunt
688 1490 735 1533 in
767 1487 933 1549 populo
962 1488 1064 1542 Dei,
1097 1489 1178 1547 ipsi
1215 1497 1317 1532 sunt
1338 1489 1385 1531 in
1417 1497 1530 1532 terra
1552 1486 1796 1548 peregrini:

407 1563 510 1623 quia
532 1571 648 1606 totus
670 1559 785 1605 idem
810 1559 1022 1620 populus,
1048 1559 1246 1620 qnandiu
1269 1567 1332 1603 est
1363 1559 1409 1603 in
1436 1573 1616 1618 corpore
1635 1593 1646 1613 ,
1670 1573 1798 1617 pere-

409 1633 605 1693 grinatur
632 1648 656 1675 a
682 1631 884 1675 Domino.
925 1631 1049 1674 Dicat
1080 1630 1228 1689 itaque
1259 1649 1267 1674 :
1302 1648 1319 1670 «
1344 1629 1491 1674 Incola
1522 1645 1604 1688 ego
1637 1644 1733 1673 sum
1754 1628 1799 1673 in

412 1723 431 1745 »
468 1712 579 1746 terra
601 1737 611 1756 ,
636 1717 692 1745 ne
716 1700 955 1745 abscondas
976 1716 998 1743 a
1018 1715 1088 1743 me
1108 1699 1313 1744 mandata
1336 1709 1426 1743 tua.
1458 1721 1475 1741 »

468 1776 527 1817 II.
549 1772 631 1818 Sed
650 1773 726 1832 qui
744 1772 922 1816 tandem
940 1780 1057 1825 sunt,
1073 1787 1097 1815 a
1120 1771 1280 1830 quibus
1298 1774 1411 1815 Deus
1435 1770 1661 1814 abscondit
1674 1785 1799 1813 man-

409 1846 510 1888 data
530 1860 605 1887 sua
624 1845 641 1887 Ρ
658 1846 813 1888 Nonne
842 1842 916 1886 illa
948 1841 1112 1902 ubique
1134 1845 1246 1885 Deus
1268 1841 1406 1886 voluit
1423 1841 1683 1900 praedicarii'
1707 1840 1799 1884 Uti-

409 1930 507 1959 nam
523 1930 656 1975 quam
677 1914 825 1958 multis
847 1912 961 1957 clara
985 1923 1112 1967 sunt,
1132 1922 1220 1956 tam
1242 1911 1391 1956 multis
1413 1913 1541 1956 chara
1563 1912 1663 1956 sint.
1688 1914 1798 1956 Nam

409 1986 519 2046 quid
542 1994 606 2029 cst
638 1985 794 2029 clarius
811 2020 821 2039 ‚
847 1999 1000 2044 quam,
1027 2002 1044 2023 «
1073 1983 1229 2041 Diliges
1251 1984 1487 2027 Dominum
1510 1986 1650 2027 Deum
1671 1991 1798 2025 tuum

414 2076 432 2098 »
469 2071 519 2100 ex
547 2065 640 2100 toto
676 2054 806 2100 corde
842 2064 947 2109 tuo,
984 2063 1028 2098 et
1062 2070 1113 2098 ex
1147 2062 1237 2098 tota
1262 2054 1403 2097 anima
1440 2063 1542 2108 tua,
1573 2062 1616 2096 et
1638 2068 1689 2098 ex
1707 2061 1799 2097 tota

414 2147 432 2169 »
467 2135 615 2170 mente
646 2135 722 2169 tua
737 2161 748 2181 ‚
784 2134 828 2169 et
869 2124 1021 2184 diliges
1064 2125 1309 2184 proximum
1344 2133 1472 2168 tuum
1508 2133 1719 2183 tanquam
1755 2132 1798 2166 te

414 2217 432 2240 »
467 2199 639 2257 ipsum?
663 2201 714 2241 In
737 2197 898 2257 quibus
920 2197 1094 2240 duobus
1117 2195 1330 2240 mandatis
1359 2204 1451 2239 tota
1482 2195 1553 2238 lex
1574 2195 1738 2254 pendet
1756 2202 1799 2237 et

415 2287 434 2309 »
469 2268 700 2327 Prophetae
715 2269 746 2312 ⁵.
774 2287 790 2308 »
813 2270 868 2310 Et
891 2268 986 2327 quis
1011 2275 1075 2310 est
1108 2281 1237 2326 quem
1273 2265 1436 2309 lateant
1460 2266 1541 2308 ista
1563 2263 1798 2308 mandata?

410 2340 576 2397 Nempe
593 2347 636 2382 et
657 2337 860 2382 omnibus
879 2337 1081 2381 fidelibus
1099 2372 1109 2392 ‚
1135 2345 1178 2380 et
1199 2335 1397 2396 plurimis
1419 2335 1673 2380 infidelibus
1694 2343 1798 2378 nota

411 2418 527 2453 sunt.
554 2411 644 2454 Cur
666 2425 768 2468 ergo
797 2409 936 2469 poscit
963 2407 1101 2453 fidelis
1126 2423 1181 2452 ne
1205 2408 1498 2465 abscondatur
1530 2407 1640 2462 sibi,
1678 2405 1800 2466 quod

459 2512 469 2528 ¹
490 2514 510 2537 2
534 2507 605 2538 Cor.
625 2517 659 2545 v,
680 2505 714 2546 6,
741 2516 773 2546 7.
794 2521 837 2528 —
857 2512 870 2528 ²
896 2508 988 2538 Rom.
1009 2516 1081 2547 vm,
1099 2513 1155 2547 29.
1182 2521 1224 2527 —
1240 2501 1253 2528 3
1277 2505 1348 2537 lsai.
1377 2514 1488 2546 xxvm,
1511 2502 1563 2536 15.
1583 2519 1625 2526 -
1648 2500 1794 2543 4Ephes.

411 2570 447 2603 n,
469 2571 519 2603 19.
540 2559 610 2585 —5
629 2560 742 2595 Matth.
766 2571 846 2604 xxn,
866 2560 981 2602 37-40.
