1848 3261
397 256 479 297 144
831 265 866 296 s.
901 265 1131 297 Aucusnm
1162 267 1344 297 EPISCOPI

389 333 436 377 in
458 346 543 375 me.
570 331 675 376 Fuit
695 331 876 392 quidam
897 332 1020 377 miles
1049 332 1125 393 qui
1149 333 1276 377 etiam
1312 331 1572 378 Provinciali
1593 332 1775 378 donaret

391 409 609 448 annonam
635 422 644 448 z
679 402 753 447 sed
779 411 927 448 tamen
959 403 1113 447 reddat
1145 402 1422 448 Provincialis
1452 419 1685 448 annonam.
1718 407 1776 449 Ut

390 483 536 519 autem
558 474 660 519 hinc
677 474 819 518 dicam
837 475 980 534 potius
999 495 1010 532 3
1027 476 1225 534 jumenta
1243 484 1345 519 sunt
1364 494 1373 519 ε
1395 475 1533 520 «Bovi
1555 476 1775 521 trituranti

391 563 414 588 »
448 562 494 591 os
516 561 606 590 non
627 544 863 590 infrenabis
879 547 908 590 ¹.
937 545 1201 601 Producens,
1218 546 1376 606 inquit,
1407 544 1578 590 foenum
1596 548 1774 606 jumen-

391 635 412 659 »
447 618 500 661 tis
524 636 532 661 :
554 635 574 658 »
600 625 643 660 et
665 616 787 676 quasi
805 616 887 660 hoc
909 631 1126 675 exponens
1144 616 1331 677 adjecit,
1360 635 1381 659 «
1405 619 1462 660 Et
1481 616 1662 661 herbam
1684 633 1774 662 ser-

390 705 413 729 »
445 688 573 731 vituti
592 687 842 731 hominum:
865 705 885 727 n
901 702 955 730 ne
972 703 1062 732 non
1076 687 1336 746 intelligeres
1353 688 1473 748 quod
1495 689 1662 733 dictum
1685 699 1771 735 est:

391 776 413 800 «
447 756 694 802 Producens
729 755 900 800 foenum
939 757 1146 816 jumentis
1163 792 1175 813 ,
1213 774 1234 798 1)
1277 758 1535 818 repetitione
1575 760 1776 818 exposuit

386 826 507 888 quod
528 827 747 886 praemisit.
768 827 897 880 Quod
919 828 1035 871 enim
1058 828 1165 872 dixit
1186 844 1316 888 supra
1342 847 1363 872 «
1390 832 1578 874 Foenum
1597 864 1608 885 ,
1637 847 1657 871 »
1678 846 1776 890 pos-

386 908 455 943 tea
481 899 701 943 «Herbam
721 899 996 943 »nominavit
1016 917 1024 943 :
1050 898 1171 959 quod
1193 909 1339 944 autem
1361 899 1530 945 dixerat
1551 919 1571 943 «
1596 903 1620 945 J
1626 917 1774 945 umen-

388 987 410 1010 »
445 969 524 1024 115,
553 986 574 1010 »
599 969 709 1024 hoc,
751 988 771 1010 «
799 969 1004 1013 Servituti
1029 969 1261 1014 hominum
1286 987 1306 1011 >›
1334 969 1455 1015 dixit.
1489 973 1606 1029 Ergo
1640 972 1773 1016 servi-

388 1040 493 1095 tuti,
535 1049 578 1084 et
614 1055 703 1085 11011
732 1039 935 1084 libertati.
964 1040 1047 1084 Ubi
1070 1055 1173 1099 ergo
1195 1049 1279 1095 est,
1309 1059 1329 1083 «
1354 1043 1442 1085 Vos
1459 1041 1505 1085 in
1526 1041 1774 1087 libertatem

390 1129 410 1152 >›
446 1111 587 1155 vocati
609 1110 764 1154 estis²P
788 1128 808 1151 »
836 1110 911 1154 sed
938 1109 1041 1154 audi
1063 1111 1267 1155 eumdem
1289 1111 1445 1170 ipsum.
1477 1130 1497 1154 «
1522 1114 1634 1157 Cum
1656 1112 1773 1157 enim

390 1198 410 1221 »
445 1180 556 1224 liber
582 1181 663 1224 sim
692 1196 743 1224 ex
775 1180 1000 1236 omnibus,
1024 1181 1237 1237 ,onmium
1271 1196 1445 1226 servum
1472 1197 1541 1225 me
1569 1180 1652 1226 feci
1671 1217 1682 1238 ‚
1724 1192 1775 1228 ut

390 1270 410 1293 »
446 1251 590 1311 plures
614 1251 914 1296 lucrifacerem
929 1253 960 1294 3.
989 1270 1009 1293 »
1043 1254 1100 1296 Et
1122 1252 1282 1312 quihus
1307 1251 1413 1297 dixit
1435 1271 1443 1297 :
1473 1272 1493 1295 «
1518 1256 1570 1297 In
1591 1253 1773 1299 liberta-

387 1341 408 1365 »
442 1332 530 1367 tem
562 1324 703 1367 vocati
732 1323 872 1367 estis?
904 1326 1004 1367 »Et
1037 1322 1144 1383 quid
1175 1322 1406 1384 adjunxit?
1447 1343 1468 1367 «
1511 1327 1773 1370 Tantum-ne

388 1413 407 1436 »
442 1394 688 1438 libertatem
718 1393 763 1437 in
784 1393 1056 1438 occasionem
1077 1394 1215 1437 carnis
1233 1393 1369 1449 detis3
1390 1392 1465 1437 sed
1487 1410 1563 1453 per
1585 1396 1773 1441 charita-

388 1485 408 1508 »
443 1476 532 1510 tem
561 1466 715 1510 servite
743 1466 929 1509 invicem
948 1466 980 1509 4.
1015 1483 1034 1506 »
1064 1469 1178 1518 Quos
1214 1464 1375 1509 liberos
1403 1465 1588 1521 fecerat,
1629 1483 1772 1512 servos

384 1537 519 1593 fecit3
548 1552 638 1580 non
659 1535 930 1589 conditione,
968 1535 1044 1578 sed
1079 1544 1221 1579 tamen
1249 1535 1408 1579 Christi
1441 1535 1769 1596 redemptione3

384 1622 474 1651 non
491 1606 766 1660 necessitate,
797 1604 872 1649 sed
895 1605 1118 1649 charitate.
1144 1624 1164 1647 «
1190 1608 1271 1649 Per
1292 1606 1570 1662 charitatem,
1595 1607 1740 1668 inquit
1756 1643 1767 1663 ‚

389 1696 407 1719 »
442 1676 597 1722 servite
628 1676 830 1720 invicem.
866 1695 884 1716 »
913 1675 996 1720 Sed
1026 1674 1199 1720 Christo
1221 1675 1426 1719 servimus
1448 1676 1654 1733 invicem,
1681 1680 1768 1736 ait3

384 1763 474 1792 non
495 1747 668 1807 populis
687 1782 697 1801 ‚
723 1762 812 1790 11011
834 1745 1104 1800 carnalibus,
1130 1761 1219 1790 11011
1240 1746 1436 1790 infirmis.
1463 1750 1579 1791 Bene
1598 1749 1770 1794 Christo

384 1819 535 1874 servis,
569 1818 603 1862 si
630 1818 760 1862 servis
798 1817 957 1877 quihus
985 1817 1181 1861 Christus
1218 1817 1403 1861 servivit.
1441 1820 1595 1863 Nonne
1617 1818 1671 1863 de
1692 1819 1769 1864 illo

385 1890 550 1933 dictum
574 1898 651 1938 est,
673 1907 690 1928 «
716 1891 832 1932 Bene
858 1888 1114 1931 servientem
1132 1887 1360 1946 plurimis?
1377 1908 1393 1929 »
1410 1889 1625 1947 Propheta
1657 1889 1768 1949 legi-

385 1969 456 2004 tur
479 1979 487 2004 :
513 1959 567 2004 de
586 1958 708 2003 nullo
734 1959 811 2002 nisi
842 1958 895 2002 de
918 1958 1089 2003 Christo
1120 1957 1257 2017 accipi
1279 1958 1402 2002 solet.
1437 1958 1677 2004 Audiamus
1699 1970 1768 2005 ta-

385 2046 486 2074 men
509 2029 680 2089 proprie
700 2037 743 2073 et
764 2029 808 2071 in
831 2027 1067 2086 Evangelio
1089 2043 1239 2072 vocem
1261 2029 1352 2088 ejus
1375 2047 1384 2072 :
1416 2047 1434 2069 «
1461 2029 1738 2090 Quicumque
1752 2066 1763 2086 ‚

389 2121 408 2142 »
443 2100 586 2160 inquit
603 2135 614 2155 ,
646 2099 692 2143 111
712 2098 835 2143 vohis
856 2098 952 2144 vult
981 2100 1116 2160 major
1133 2114 1242 2154 esse,
1263 2099 1344 2143 erit
1365 2109 1504 2144 vester
1526 2104 1718 2145 servus5.
1744 2121 1762 2143 »

388 2174 569 2216 Servum
586 2184 732 2214 meum
755 2179 797 2213 te
815 2167 933 2225 lecit,
948 2170 1024 2229 qui
1045 2179 1085 2213 te
1106 2185 1184 2213 500
1207 2171 1413 2227 sanguine
1434 2169 1621 2214 liberum
1643 2171 1762 2216 fecit.

384 2241 517 2285 Dicite
538 2242 621 2285 hoc
639 2239 778 2295 nobis,
804 2239 904 2299 quia
926 2255 1078 2284 verum
1102 2239 1385 2284 dicitis.Audi
1407 2239 1530 2284 illum
1548 2241 1631 2285 alio
1649 2241 1761 2298 loco,

389 2332 406 2353 «
442 2316 528 2359 Nos
555 2321 700 2356 autem
729 2326 870 2355 servos
896 2320 1062 2355 vestros
1092 2326 1168 2371 per
1191 2312 1380 2355 Jesumss.
1414 2331 1431 2352 »
1458 2315 1573 2356 Bene
1600 2311 1767 2371 diligite

384 2400 526 2428 servos
558 2393 720 2429 vestros
739 2418 749 2438 ,
787 2382 864 2427 sed
892 2383 937 2426 in
967 2384 1152 2428 Domino
1172 2391 1328 2426 vestro.
1357 2386 1535 2427 Praestet
1571 2384 1697 2428 nobis
1718 2394 1769 2429 ut

384 2455 496 2499 hene
517 2455 765 2499 serviamus.
794 2455 902 2499 Nam
924 2453 1129 2509 velimus,
1156 2452 1366 2509 nolimus,
1387 2453 1497 2498 servi
1519 2469 1668 2498 sumus
1689 2474 1698 2499 ε
1726 2464 1769 2499 ct

433 2558 441 2573 ¹
464 2553 557 2583 Dcut.
579 2561 654 2591 xxv,
670 2549 763 2592 ’1.-
789 2556 802 2572 ²
825 2549 948 2590 0111.ν,
972 2550 1022 2581 13.
1050 2567 1091 2574 ·--
1113 2547 1157 2582 31
1175 2551 1245 2582 Cor.
1263 2560 1307 2589 11,
1326 2560 1406 2592 5-19
1438 2567 1479 2573 -
1498 2545 1513 2575 ⁶
1531 2550 1633 2583 Galat.
1655 2563 1689 2593 v,
1714 2552 1763 2584 13.

386 2623 425 2629 -—
442 2604 455 2629 ⁵
474 2605 585 2638 Matth.
608 2615 660 2646 xx,
686 2606 738 2638 20.
759 2621 796 2627 --
815 2603 829 2627 5
849 2613 867 2637 2
892 2607 964 2637 Cor.
982 2616 1024 2646 ιν,
1044 2605 1076 2638 5.
