1848 3261
378 232 433 273 54
803 248 837 274 s.
874 242 1106 273 Aucus‘nm
1136 244 1320 272 Enscom

377 317 577 354 nerantes
593 343 605 364 ‚
630 307 848 354 dederunt
870 310 1105 368 Prophetas
1125 342 1137 363 ‚
1172 307 1388 352 dederunt
1408 322 1631 368 praecones
1663 308 1758 352 Dei.

377 379 507 424 Venit
524 379 652 424 etiam
674 389 822 439 postea
840 389 882 424 et
903 380 993 439 ipse
1016 379 1226 423 Dominus
1243 388 1388 422 noster
1405 381 1430 422 J
1434 394 1528 423 esus
1545 378 1758 434 Christus,

375 451 491 494 misit
511 448 788 494 fermentum'
804 451 850 494 in
872 460 956 494 tres
976 465 1197 493 mensuras
1220 448 1369 493 farinae
1385 483 1396 504 ‚
1421 465 1651 509 quousque
1676 448 1762 492 fer-

375 531 644 566 mentaretur
665 530 808 565 totum
822 523 852 564 1.
877 520 1161 580 Temporibus
1183 520 1229 563 in
1251 529 1363 563 terra
1380 520 1518 564 carnis
1540 519 1656 564 illius
1670 519 1761 564 fue-

376 601 480 636 runt
501 591 728 650 Apostoli,
769 591 950 635 fuerunt
986 591 1144 648 sancti3
1170 599 1266 649 post
1301 590 1398 634 illos
1421 589 1492 634 alii
1523 590 1660 634 sancti
1683 610 1692 635 2
1717 598 1762 635 et

374 678 494 706 nunc
521 663 566 705 in
595 662 772 706 nomine
794 661 953 706 Christi
988 663 1254 721 quicumque
1276 669 1377 704 sunt
1398 661 1534 705 sancti
1551 696 1562 715 ‚
1589 670 1632 704 et
1664 669 1761 720 post

375 750 453 779 nos
476 734 743 795 quicumque
760 742 889 777 erunt
907 768 917 787 ,
943 742 986 777 et
1010 749 1148 793 usque
1170 733 1215 776 in
1236 733 1367 776 finem
1391 731 1537 776 saeculi
1558 733 1763 792 quicum-

374 821 460 866 que
481 805 630 849 sancti.
664 808 725 848 De
748 813 814 849 tot
842 804 1191 863 generationibus
1219 802 1392 861 colliges
1415 819 1565 848 omnes
1593 813 1762 848 sanctas

372 874 514 934 proles
537 874 731 918 omnium
751 874 1102 933 generationum,
1128 882 1171 917 et
1191 871 1321 917 facies
1346 872 1448 917 inde
1470 888 1605 917 unam
1629 888 1761 931 gene-

373 945 584 990 rationem
612 964 620 989 :
646 964 665 986 «
698 948 749 988 In
772 945 851 988 ista
881 944 1156 1002 generatione
1191 945 1519 1003 generationum
1541 944 1644 988 anni
1667 943 1758 1000 tui,

373 1016 418 1061 id
440 1025 524 1070 est,
545 1016 760 1060 aeternitas
777 1014 851 1059 illa
873 1015 918 1058 in
935 1014 1007 1059 illa
1031 1016 1305 1073 generatione
1329 1015 1411 1058 erit
1428 1049 1439 1069 ,
1465 1030 1564 1074 quae
1587 1013 1643 1058 de
1666 1030 1760 1058 om-

372 1087 502 1130 nibus
536 1086 886 1144 generationibus
920 1085 1168 1145 colligitur,
1203 1094 1246 1129 et
1274 1086 1320 1128 in
1354 1100 1487 1128 unam
1517 1084 1757 1143 redigitur3

371 1158 462 1217 ipsa
483 1158 696 1217 particeps
720 1156 802 1201 erit
835 1157 1088 1200 aeternitatis
1122 1166 1224 1200 tuae.
1259 1158 1439 1200 Caeterae
1460 1157 1760 1214 generationes

371 1228 603 1287 implendis
620 1227 889 1287 temporibus
908 1236 1169 1286 generantur
1183 1261 1194 1280 ,
1219 1242 1271 1269 ex
1294 1226 1453 1285 quibus
1470 1225 1543 1269 illa
1565 1226 1610 1270 in
1632 1235 1761 1269 aeter-

372 1314 479 1342 num
503 1307 810 1357 regeneratur3
834 1305 1002 1341 mutata
1029 1296 1342 1351 vivificabitur,
1375 1296 1456 1340 erit
1476 1296 1632 1340 idonea
1653 1312 1760 1356 por-

372 1378 463 1413 tare
485 1378 549 1423 te,
571 1368 681 1412 vires
707 1367 920 1427 accipiens
944 1382 967 1410 a
988 1376 1046 1411 te.
1082 1385 1102 1407 «
1129 1369 1180 1410 In
1203 1367 1479 1424 generatione
1513 1367 1760 1425 generatio-

377 1458 397 1480 »
433 1454 541 1482 num
557 1439 660 1482 anni
682 1439 768 1490 tuit
787 1457 806 1479 »

430 1511 534 1552 XII.
566 1510 648 1551 «In
667 1507 880 1566 principio
898 1516 1055 1550 terram
1080 1515 1129 1550 tu
1148 1504 1364 1561 fundasti,
1389 1506 1588 1550 Domine.
1610 1524 1630 1547 »
1650 1507 1762 1553 Novi

376 1579 662 1623 aeternitatem
686 1586 820 1632 tuam,
832 1593 918 1637 qua
933 1577 1142 1636 praecedis
1160 1577 1304 1621 omnia
1322 1592 1422 1637 quae
1443 1576 1595 1621 fecisti.
1607 1596 1627 1619 «
1643 1577 1763 1621 Prin-

378 1668 398 1690 »
434 1649 546 1708 cipio
570 1659 727 1693 terram
751 1658 799 1692 tu
822 1648 1040 1703 fundasti,
1071 1648 1255 1692 Domine
1278 1667 1286 1692 :
1313 1657 1355 1692 et
1389 1663 1519 1707 opera
1550 1663 1763 1693 manuum

377 1737 398 1760 »
433 1729 608 1763 tuarum
634 1728 735 1762 sunt
767 1718 883 1763 coeli.
912 1719 997 1777 Ipsi
1020 1718 1250 1777 peribunt,
1280 1727 1328 1761 tu
1351 1726 1494 1761 autem
1515 1734 1760 1777 permanes,

377 1809 397 1832 »
433 1800 477 1834 et
497 1805 646 1834 omnes
669 1792 780 1834 sicut
802 1790 1107 1833 vestimentum
1130 1798 1426 1833 veterascent:
1444 1799 1487 1833 et
1508 1790 1619 1834 sicut
1640 1805 1765 1849 oper-

378 1880 397 1902 »
433 1861 593 1905 torium
612 1860 798 1904 mutabis
821 1876 908 1915 eos,
930 1870 973 1904 et
994 1861 1301 1904 mutabuntur.
1326 1863 1391 1904 Tu
1412 1876 1514 1905 vero
1531 1860 1648 1904 idem
1671 1861 1764 1921 ipse

378 1951 398 1973 »
435 1933 521 1975 es2.
548 1950 566 1972 υ
597 1935 663 1975 Tu
682 1932 777 1991 quis
796 1933 864 1975 es?
888 1932 1011 1976 Idem
1036 1932 1126 1990 ipse
1149 1947 1207 1975 es.
1232 1934 1296 1975 Tu
1319 1932 1395 1991 qui
1417 1931 1562 1975 dixisti
1583 1951 1591 1976 :
1622 1950 1642 1973 «
1669 1934 1764 1989 Ego

379 2022 396 2043 »
432 2017 528 2045 sum
555 2002 631 2061 qui
664 2017 759 2045 sum
776 2037 786 2055 ‚
811 2001 929 2044 idem
951 2002 1041 2059 ipse
1064 2017 1122 2045 es.
1151 2019 1171 2042 »
1199 2004 1256 2045 Et
1278 2002 1474 2060 quamvis
1509 2002 1639 2045 etiam
1672 2002 1764 2061 ipsa

375 2087 466 2115 non
483 2080 623 2115 essent
645 2071 724 2114 nisi
747 2086 797 2113 ex
821 2079 862 2114 te
877 2106 887 2123 ‚
914 2079 957 2113 et
978 2086 1054 2129 per
1072 2080 1129 2126 te,
1154 2080 1197 2114 et
1216 2070 1261 2113 in
1283 2081 1341 2125 te,
1370 2079 1515 2114 tamen
1531 2087 1621 2116 non
1643 2071 1764 2132 quod

375 2142 466 2200 ipse
488 2157 531 2184 es
557 2161 565 2185 ε
597 2161 616 2182 «
644 2144 707 2184 Tu
731 2139 845 2183 enirn
869 2140 981 2184 idern
1020 2140 1109 2199 ipse
1140 2155 1198 2183 es.
1225 2142 1280 2183 Et
1318 2140 1419 2184 anni
1445 2141 1509 2184 tui
1535 2157 1626 2186 non
1653 2142 1764 2186 defi-

379 2230 399 2253 »
436 2212 565 2256 cient.
595 2230 614 2251 »
650 2210 718 2254 Illi
752 2211 854 2254 anni
886 2210 948 2254 tui
986 2226 1075 2254 non
1108 2210 1339 2265 deficient,
1376 2210 1440 2254 illi
1474 2212 1577 2254 anni
1601 2213 1664 2256 tui
1686 2213 1763 2272 qui

377 2290 505 2326 erunt
525 2282 571 2325 in
600 2281 875 2338 generatione
901 2281 1228 2339 generationum
1244 2316 1254 2335 ‚
1294 2297 1382 2325 non
1405 2281 1625 2326 deficient.
1659 2285 1763 2327 Haec

377 2367 480 2409 ergo
503 2352 661 2405 sciens,
688 2351 966 2408 exiguitatem
987 2349 1157 2394 dierum
1178 2367 1375 2395 meorum
1397 2368 1638 2411 quaererem
1660 2368 1684 2396 a
1701 2361 1760 2407 te,

378 2422 459 2466 nisi
492 2422 644 2466 scirem
677 2437 827 2486 omnes
863 2421 952 2465 dies
981 2422 1128 2466 saeculi
1164 2423 1218 2467 ab
1250 2423 1375 2467 initio
1403 2424 1609 2483 usquein
1630 2424 1762 2468 finem

378 2493 556 2551 exiguos
579 2508 666 2536 esse
698 2493 743 2536 in
766 2493 1087 2552 comparatione
1119 2494 1369 2538 aeternitatis
1399 2503 1501 2538 tuae.
1528 2494 1638 2542 Novi
1659 2509 1762 2552 ergo

430 2582 439 2599 ¹
459 2576 573 2608 Matth.
592 2587 663 2616 xm,
682 2575 736 2608 33.
758 2593 798 2599 -
818 2583 830 2598 ²
850 2576 930 2608 Psal.
957 2587 997 2616 cr,
1017 2576 1135 2609 26-23.
