1848 3261
378 189 463 228 306
816 196 850 227 s.
885 198 1118 230 Aucusrmr
1149 201 1331 230 Enscom

375 263 575 310 ordinem
596 262 932 310 Melchisedech.
958 268 1020 310 De
1048 265 1288 311 sacerdotio
1309 280 1413 326 ergo
1433 267 1676 311 secundum
1698 284 1768 313 or-

371 334 520 379 dinem
535 334 870 392 Melchisedech,
890 355 910 379 «
922 339 947 381 J
952 337 1092 382 uravit
1116 338 1342 394 Dominus,
1360 347 1405 382 et
1423 354 1513 383 non
1534 339 1767 398 poenitebit

376 423 398 448 »
433 421 550 449 eum.
580 424 600 447 »
624 404 740 458 Quid
765 405 819 450 de
842 406 1081 452 sacerdotio
1103 408 1346 452 secundum
1372 408 1570 452 ordinem
1591 411 1767 455 Aaron?

372 476 598 537 Numquid
616 477 802 536 poenitet
820 480 976 535 Deum,
991 479 1102 524 sicut
1123 480 1362 534 hominem,
1379 489 1454 524 aut
1476 480 1628 525 nolens
1651 479 1768 525 cadit

373 548 420 592 in
446 547 614 609 aliquid
634 557 685 592 ut
710 547 862 603 faciat,
889 558 965 593 aut
983 549 1236 610 imprudens
1259 550 1526 610 prolabitur,
1549 560 1599 594 ut
1617 560 1768 610 postea

371 634 473 663 eum
495 618 548 662 de
571 633 649 662 suo
668 617 874 678 prolapsu
905 621 1151 679 poeniteat?
1175 620 1265 666 Scit
1282 620 1390 681 quid
1412 629 1534 679 agat,
1561 621 1640 665 scit
1656 637 1770 681 quo-0

372 704 510 749 usque
539 688 647 749 quid
670 689 1001 750 progrediatur3
1023 691 1143 736 unde
1164 691 1211 735 in
1232 691 1353 736 aliud
1375 701 1670 736 commutetur
1685 727 1697 748 ,
1721 692 1769 737 in

371 769 584 819 potestate
603 760 780 804 rectoris
802 770 880 806 est.
910 761 996 806 Sed
1016 762 1292 822 poenitentia,
1308 762 1493 807 mutatio
1515 779 1662 807 rerum
1683 763 1769 821 sig-

370 831 587 875 nificatur.
613 831 842 884 Quomodo
865 833 981 877 enim
999 842 1065 889 tu,
1086 848 1187 878 cum
1209 833 1375 894 ahquid
1398 843 1438 878 te
1459 835 1662 894 poenitet,
1687 833 1770 878 do-

371 899 434 945 les
459 899 625 946 factum
648 902 770 963 quod
799 901 939 948 fecisti
961 923 970 949 ι
993 904 1053 949 sic
1080 903 1259 965 quando
1282 904 1450 964 aliquid
1476 908 1590 949 Deus
1611 913 1769 964 praeter

372 987 495 1032 spem
536 973 797 1029 hominum,
833 974 880 1018 id
911 984 995 1030 est,
1029 985 1324 1036 praeterquam
1353 983 1529 1035 sperant
1571 975 1770 1019 homines

371 1051 514 1086 mutat
535 1042 580 1085 in
603 1041 738 1097 aliud,
756 1045 971 1102 poenitere
986 1062 1029 1090 se
1047 1046 1153 1090 dicit
1173 1066 1181 1091 :
1203 1061 1342 1106 usque
1365 1044 1474 1089 adeo
1492 1053 1541 1088 ut
1562 1043 1617 1087 de
1639 1060 1770 1103 poena

371 1121 519 1157 nostra
547 1113 761 1172 poeniteat
794 1128 895 1156 eum
913 1148 924 1168 ,
965 1116 998 1156 si
1021 1128 1100 1157 nos
1122 1116 1178 1157 de
1199 1116 1288 1158 vita
1310 1124 1457 1159 nostra
1488 1113 1601 1158 mala
1624 1114 1770 1174 poeni-

372 1183 519 1228 tuerit.
539 1202 559 1224 «
575 1185 598 1226 J
605 1182 745 1227 uravit
762 1198 865 1241 ergo
887 1183 1097 1227 Dominus
1120 1203 1129 1228 :
1155 1184 1340 1239 Juravit,
1355 1202 1375 1225 »
1401 1185 1591 1229 firmavit
1613 1204 1621 1228 :
1640 1187 1772 1229 «Non

377 1271 396 1295 >›
432 1268 533 1297 eum
556 1253 821 1312 poenitebit,
849 1272 870 1294 »
896 1269 988 1298 non
1020 1254 1224 1298 mutabit.
1251 1254 1399 1308 Quid?
1425 1273 1446 1296 «
1473 1258 1539 1298 Tu
1560 1269 1604 1297 es
1626 1269 1771 1298 sacer-

375 1342 396 1366 »
432 1323 509 1368 dos
532 1323 578 1367 in
607 1332 837 1368 aeternum.
866 1342 887 1365 »
912 1323 1017 1369 Ideo
1043 1344 1064 1367 «
1086 1327 1140 1368 In
1176 1334 1414 1379 aeternum,
1448 1343 1468 1367 »
1501 1325 1604 1385 quia
1628 1343 1649 1366 «
1673 1327 1772 1371 Non

374 1413 395 1436 »
431 1393 666 1454 poenitebit
687 1408 803 1437 eum.
818 1411 838 1434 ))
855 1392 939 1438 Sed
960 1394 1159 1439 sacerdos
1177 1430 1188 1450 ,
1213 1395 1457 1439 secundum
1479 1395 1588 1455 quid
1605 1396 1773 1440 PNum-

373 1464 481 1526 quid
501 1474 631 1509 erunt
652 1463 737 1508 illae
761 1464 928 1519 hostiae,
944 1464 1132 1509 victimae
1150 1465 1310 1510 oblatae
1333 1482 1357 1510 a
1380 1465 1663 1521 Patriarchis,
1685 1480 1771 1509 arae

374 1537 595 1597 sanguinis
624 1546 668 1580 et
696 1536 1025 1581 tabernaculum
1044 1573 1054 1593 ,
1081 1547 1124 1582 et
1145 1537 1218 1581 illa
1240 1536 1369 1596 primi
1393 1536 1659 1580 Testamenti
1681 1538 1771 1580 Ve-

372 1610 475 1654 teris
495 1609 791 1653 sacramenta?
813 1608 952 1652 Absit.
966 1611 990 1652 J
995 1624 1063 1652 am
1086 1608 1158 1652 illa
1176 1607 1345 1653 sublata
1363 1616 1487 1663 sunt,
1513 1623 1661 1651 everso
1678 1608 1771 1666 jam

375 1679 540 1738 templo
555 1713 566 1734 ‚
600 1688 767 1723 remoto
790 1677 867 1721 illo
890 1678 1131 1722 sacerdotio
1149 1713 1159 1733 ,
1186 1687 1397 1738 pereunte
1418 1678 1593 1722 victima
1617 1692 1772 1721 eorum

375 1760 418 1795 et
438 1750 647 1795 sacrificio
673 1768 682 1794 z
707 1750 802 1793 haec
824 1765 905 1793 nec
924 1752 946 1793 J
955 1748 1069 1793 udaei
1092 1750 1271 1793 habent.
1306 1748 1469 1794 Vident
1491 1748 1650 1808 perisse
1680 1749 1772 1808 jam

377 1820 668 1866 sacerdotium
690 1819 934 1864 secundum
957 1819 1156 1864 ordinem
1178 1823 1341 1873 Aaron,
1362 1829 1405 1863 et
1417 1835 1508 1862 non
1520 1806 1772 1877 ”agnoscunt

376 1891 665 1938 sacerdotium
700 1889 943 1934 secundum
979 1889 1177 1934 ordinem
1213 1889 1552 1934 Melchisedech.
1583 1908 1604 1931 ι(
1629 1892 1695 1933 Tu
1727 1903 1772 1932 es

380 1982 402 2006 »
437 1962 633 2008 sacerdos
666 1962 712 2005 in
755 1970 969 2004 [eternum
1009 1960 1251 2005 secundum
1293 1959 1490 2004 ordinem
1538 1959 1771 2004 Melchise-

381 2054 402 2078 »
438 2034 564 2078 dech.
595 2051 616 2075 η
651 2031 875 2076 Fidelibus
894 2030 1067 2092 loquor.
1095 2032 1138 2076 Si
1167 2030 1275 2091 quid
1299 2047 1389 2075 non
1420 2030 1676 2088 intelligunt
1696 2045 1771 2074 ca-

377 2104 644 2159 techumeni,
665 2102 866 2148 auferant
882 2103 1116 2162 pigritiam,
1137 2101 1343 2145 festinent
1365 2099 1420 2144 ad
1441 2100 1656 2144 notitiam.
1672 2103 1772 2145 Non

377 2193 480 2236 ergo
511 2191 619 2235 opus
647 2184 711 2219 cst
742 2173 947 2231 mysteria
979 2187 1176 2232 promere
1204 2190 1214 2216 ι
1253 2171 1485 2230 Scripturae
1514 2171 1637 2215 vobis
1666 2171 1771 2215 inti-

375 2257 498 2294 ment
522 2245 630 2308 quid
659 2254 724 2289 est
755 2244 1046 2290 sacerdotium
1074 2241 1315 2288 secundum
1353 2242 1552 2287 ordinem
1584 2242 1771 2288 Melchi-

381 2319 553 2364 sedech.

436 2390 605 2434 XVIII.
637 2406 658 2430 «
680 2386 892 2431 Dominus
913 2401 937 2429 a
958 2384 1116 2429 dextris
1138 2383 1237 2427 tuis.
1267 2400 1288 2423 »
1322 2383 1535 2427 Dominus
1565 2382 1732 2427 dixerat
1756 2399 1768 2427 :

385 2479 406 2501 «
444 2459 551 2505 Sede
588 2475 611 2503 a
642 2456 800 2501 dextris
832 2456 936 2499 meis
968 2475 975 2500 2
1002 2473 1022 2496 »
1048 2470 1166 2498 nunc
1190 2453 1396 2498 Dominus
1420 2469 1443 2497 a
1461 2453 1622 2497 dextris
1645 2455 1738 2514 ejus
1755 2488 1766 2509 ,

382 2530 504 2590 quasi
524 2528 788 2573 mutaverint
810 2525 945 2570 sedes.
973 2529 1040 2571 An
1062 2524 1174 2571 forte
1196 2524 1254 2569 sic
1272 2524 1433 2584 potius,
1453 2543 1473 2566 «
1489 2524 1658 2569 ,Iuravit
1679 2527 1769 2569 Do-
