1848 3261
414 211 496 251 318
850 220 885 251 s.
919 221 1150 254 Auousnm
1182 224 1364 254 Emscom

411 421 1046 439 wmmmvvvumnmmummwmm
1050 422 1790 442 MMWUMMMMMMMWWMMWRWRAM

894 579 1275 629 ENARRATIO

805 752 866 791 IN
907 751 1212 793 PSALMUM
1268 752 1390 793 CXI.

861 917 1011 962 Sermo
1032 914 1087 961 ad
1109 915 1338 976 populum.

380 1094 385 1099 ,
466 1051 501 1092 Ι.
520 1049 667 1093 CREno
682 1048 803 1109 quod
814 1049 1072 1106 attendistis,
1089 1049 1257 1106 fratres,
1273 1051 1402 1110 hujus
1419 1049 1598 1095 titulum
1616 1050 1789 1107 Psalmi,

404 1120 713 1180 memoriaeque
744 1120 991 1164 mandastis.
1021 1141 1042 1163 «
1071 1122 1334 1177 Conversio,
1372 1122 1546 1182 inquit,
1572 1122 1722 1181 Aggaei
1751 1131 1795 1167 et

408 1208 428 1231 »
465 1191 700 1234 Zachariae.
729 1210 747 1232 »
768 1191 974 1236 Nondum
993 1199 1115 1234 erant
1135 1191 1180 1234 hi
1203 1192 1454 1250 Prophetae‚
1475 1207 1573 1236 cum
1593 1192 1673 1236 ista
1694 1208 1795 1236 can-

404 1268 492 1304 tata
510 1269 626 1304 sunt„
652 1263 849 1320 Namque
872 1261 986 1304 inter
1006 1270 1178 1320 tempus
1201 1260 1359 1315 David,
1386 1270 1428 1305 et
1450 1262 1794 1319 transmigratio-

403 1346 504 1374 nem
526 1331 678 1390 populi
701 1331 833 1375 Israel
853 1332 899 1376 in
921 1331 1208 1389 Babyloniam
1229 1366 1240 1388 ‚
1263 1333 1593 1392 quatuordecim
1614 1348 1794 1391 genera-

408 1401 543 1446 tiones
577 1411 865 1446 numerantur
884 1437 895 1457 ,
937 1403 1049 1447 sicut
1069 1402 1217 1447 divina
1246 1403 1488 1462 Scriptura,
1517 1403 1793 1465 maximeque

402 1474 637 1518 Matthaeus
659 1473 931 1532 Evangelista
955 1484 1138 1519 testatur
1155 1475 1346 1519 1.Eversi
1372 1484 1518 1519 autem
1542 1475 1695 1535 templi
1725 1491 1793 1520 re-

402 1545 578 1589 novatio
613 1545 856 1589 secundum
880 1546 1019 1590 sancti
1062 1546 1263 1590 Jeremiae
1285 1547 1559 1607 prophetiam
1577 1581 1589 1601 ,
1626 1561 1677 1590 ex
1716 1545 1793 1591 illa

400 1616 776 1673 transmigratione
798 1625 896 1675 post
917 1617 1192 1675 septuaginta
1215 1633 1350 1661 annos
1372 1617 1650 1676 sperabatur2
1675 1636 1684 1662 ε
1714 1619 1790 1678 qui

400 1703 498 1731 cum
533 1687 857 1746 complerentur
887 1689 968 1732 sul)
999 1688 1126 1732 Dario
1164 1704 1264 1747 rege
1294 1688 1531 1746 Babylonis
1549 1690 1564 1715 3
1582 1723 1593 1743 ‚
1624 1688 1792 1748 impleti

399 1768 502 1802 sunt
525 1758 688 1817 Spiritu
716 1768 864 1803 sancto
887 1760 933 1803 hi
955 1758 1044 1803 duo
1065 1760 1293 1818 Prophetae
1314 1794 1325 1814 ,
1351 1762 1537 1818 Aggasus
1560 1768 1602 1803 et
1627 1760 1791 1804 Zacha-

398 1829 480 1873 rias
491 1830 506 1854 4
519 1850 530 1887 3
544 1839 588 1873 et
605 1829 734 1874 ambo
753 1839 851 1890 post
867 1830 1052 1875 invicem
1065 1831 1178 1875 intra
1193 1844 1332 1874 unum
1348 1846 1511 1874 annum
1529 1831 1790 1890 prophetare

398 1910 650 1960 coeperunt,
676 1901 797 1961 quod
818 1901 873 1945 ad
892 1903 1219 1947 renovationem
1237 1902 1410 1961 templi,
1427 1902 1539 1946 sicut
1551 1911 1671 1947 tanto
1689 1911 1790 1953 ante

396 1972 655 2031 praedictum
681 1982 766 2027 est,
790 1975 1007 2032 pertinere
1024 1972 1212 2017 videtur,
1229 1972 1313 2017 Sed
1331 1973 1525 2033 quisquis
1548 1972 1787 2033 corporali-

395 2051 461 2086 ter
483 2043 608 2101 gestis
636 2044 813 2088 oculum
850 2044 990 2088 cordis
1021 2044 1185 2103 infigit,
1222 2060 1366 2103 neque
1398 2043 1499 2087 inde
1521 2043 1567 2087 in
1604 2044 1787 2103 gratiam

393 2113 593 2173 spiritalis
613 2113 861 2158 intellectus
878 2115 1147 2170 extenditur,
1172 2113 1341 2158 habitat
1369 2114 1629 2171 cogitatione
1647 2114 1694 2157 in
1716 2113 1785 2158 la-

392 2183 566 2243 pidibus
590 2184 766 2244 templi,
782 2185 942 2245 quibus
959 2184 1136 2229 visibilis
1153 2185 1318 2228 fabrica
1337 2184 1537 2228 manibus
1555 2184 1785 2228 hominum

391 2253 602 2299 instructa
616 2256 837 2314 consurgit
863 2275 872 2300 :
898 2271 978 2300 nec
999 2256 1090 2315 ipse
1106 2254 1214 2315 lapis
1237 2256 1360 2299 vivus
1380 2255 1588 2310 efficitur,
1615 2254 1782 2314 templo

392 2324 454 2380 illi
468 2343 612 2371 accom
621 2328 818 2371 modatus
832 2337 962 2387 atque
974 2326 1243 2387 aptus‚quod
1256 2327 1302 2369 in
1312 2342 1390 2371 suo
1401 2342 1581 2386 corpore
1591 2326 1782 2386 primum

391 2399 602 2444 Dominus
624 2399 847 2457 figuravit,
873 2415 975 2443 cum
998 2400 1056 2443 ait
1086 2418 1094 2443 :
1125 2418 1142 2439 ‹<
1165 2397 1326 2444 Solvite
1358 2397 1571 2459 templum
1594 2399 1676 2442 hoc
1695 2433 1706 2454 ,
1737 2406 1780 2442 et

440 2512 448 2528 ¹
465 2507 576 2539 Matth.
594 2518 628 2547 1,
652 2518 701 2549 17·
721 2524 762 2529 —-
783 2514 796 2530 ²
815 2508 934 2538 Jcrem.
960 2518 1030 2548 Lu,
1053 2515 1112 2547 12,
1134 2510 1167 2538 et
1192 2517 1267 2538 xxxx
1283 2530 1291 2546 ‚
1322 2517 1373 2539 10.
1397 2523 1438 2529 —-
1457 2505 1470 2529 3
1493 2517 1507 2539 ι
1528 2506 1614 2539 Esdr.
1634 2517 1657 2548 1,
1679 2516 1708 2538 1.
1735 2521 1776 2528 -

392 2560 407 2591 4
421 2564 497 2605 Agg.
518 2575 542 2604 1,
571 2575 599 2605 1,
620 2568 653 2596 et
670 2563 799 2596 Zachar.
823 2575 845 2601 ι,
867 2574 879 2595 ι
904 2568 935 2596 et
953 2563 1006 2595 26.
