1848 3261
382 183 464 223 106
829 197 862 223 s.
898 193 1128 224 AUGUSTINI
1159 198 1339 226 Emscon

383 260 568 306 coribus.
595 264 741 320 Ipsum
775 276 887 316 esse,
916 261 1060 306 vivere
1078 297 1088 317 ,
1114 262 1285 318 videre,
1309 264 1488 320 sentire,
1515 264 1664 309 audire
1681 299 1692 321 ,
1718 274 1762 309 et

381 332 545 378 caeteris
574 331 699 391 fungi
732 349 934 377 sensuum
965 334 1240 386 muneribus,
1275 334 1389 380 dona
1412 337 1490 381 Dei
1522 346 1623 381 sunt
1653 356 1660 381 :
1686 335 1762 380 sed

379 403 522 448 videte
543 419 643 448 cum
667 404 870 464 qualibus
892 413 936 447 et
959 421 1090 465 quam
1113 404 1260 449 multis
1283 407 1552 461 communia,
1587 417 1631 451 et
1661 422 1760 451 cum

378 474 436 519 eis
458 490 566 535 quos
589 475 701 519 nolis
718 475 889 518 imitari.
926 478 1070 534 Ipsum
1089 476 1315 534 ingenium
1342 487 1516 521 acutum
1535 478 1699 521 habent
1720 486 1764 521 et

376 547 548 606 pessimi
570 547 766 590 homines
785 581 795 597 ‚
827 545 1027 590 solertem
1051 547 1208 591 artium
1236 547 1492 591 industriam
1521 549 1686 592 habent
1719 556 1763 591 et

378 617 612 676 turpissimi
633 617 810 671 scenici,
837 616 1005 661 divitias
1028 618 1192 661 habent
1221 627 1264 662 et
1290 617 1501 673 latrones,
1531 618 1731 677 conjugia
1747 652 1758 673 ,

375 687 486 732 filios
507 687 634 731 multi
657 686 759 731 mali
782 687 960 732 habent.
993 688 1180 733 Pulchra
1202 687 1317 732 dona
1346 689 1423 732 Dei
1446 689 1611 743 omnia,
1633 703 1762 732 nemo

375 768 506 818 negat
528 778 536 802 :
568 758 643 803 sed
669 759 767 802 vide
790 774 890 803 cum
914 759 1074 819 quibus
1097 759 1360 804 communia.
1381 760 1561 820 Respice
1583 759 1639 803 ad
1662 774 1762 802 mu-

377 846 480 874 nera
501 830 633 890 ipsius
653 830 873 875 Ecclesiae.
894 835 1055 876 Munus
1078 841 1446 876 sacramentorum
1464 833 1509 876 in
1523 831 1759 891 Baptismo,

375 901 422 945 in
441 901 712 946 Eucharistia
729 937 739 956 ‚
765 902 807 945 in
830 902 994 946 caeteris
1016 902 1173 946 sanctis
1194 903 1488 957 sacramentis,
1511 901 1640 962 quale
1662 917 1762 945 mu-

377 988 459 1016 nus
481 974 574 1016 est?
591 975 687 1016 Hoc
708 988 868 1016 munus
891 972 1072 1032 adeptus
1095 982 1157 1017 est
1180 982 1222 1017 et
1252 973 1401 1018 Simon
1428 988 1579 1032 magus
1598 976 1628 1016 ¹.
1654 976 1763 1016 Pro-

375 1042 523 1102 phetia
545 1042 674 1103 quale
698 1059 855 1087 munus
877 1045 969 1087 est?
994 1044 1273 1102 Prophetavit
1294 1053 1336 1087 et
1367 1042 1470 1088 Saiil
1492 1042 1630 1087 malus
1665 1059 1763 1099 rex,

377 1122 420 1156 et
444 1123 547 1158 tunc
569 1113 871 1173 prophetavit,
890 1128 991 1156 cum
1010 1113 1142 1157 David
1163 1124 1362 1158 sanctum
1387 1123 1716 1174 persequeretur
1729 1117 1761 1156 ².

376 1183 631 1229 Intendite:
663 1199 753 1227 non
786 1183 899 1238 dixi,
936 1199 1037 1227 cum
1070 1194 1321 1243 persecutus
1354 1183 1518 1227 fuisset.
1557 1183 1765 1227 Fortassis

378 1253 492 1297 enim
523 1269 621 1296 eum
644 1262 895 1312 persecutus
920 1253 1221 1313 poenitentiam
1246 1253 1398 1312 gessit,
1425 1262 1468 1297 et
1494 1253 1652 1311 dignus
1680 1252 1766 1297 fuit

378 1324 531 1384 spiritu
554 1324 859 1384 prophetandi,
877 1327 975 1369 Non
991 1333 1258 1384 persecutus,
1274 1339 1418 1384 neque
1440 1333 1761 1383 persecuturus,

376 1394 452 1439 sed
478 1410 740 1454 persequens
762 1395 1054 1454 prophetavit.
1079 1395 1195 1439 Misit
1225 1394 1280 1438 ad
1302 1393 1766 1454 comprehendendum

376 1465 516 1510 David
545 1466 761 1510 ministros
789 1482 888 1509 suos
915 1485 923 1510 :
950 1464 1082 1510 David
1104 1481 1206 1509 vero
1229 1481 1279 1509 eo
1300 1475 1493 1524 tempore
1520 1466 1634 1509 inter
1656 1469 1763 1510 Pro-

377 1537 528 1596 phetas
562 1545 678 1591 erat,
719 1537 796 1580 ubi
828 1545 919 1580 erat
955 1545 998 1580 et
1031 1545 1203 1580 sanctus
1240 1535 1438 1580 Samuel:
1464 1535 1632 1595 impleti
1664 1547 1767 1581 sunt

378 1607 531 1667 spiritu
549 1608 789 1666 prophetiae
806 1607 882 1667 qui
910 1607 1024 1651 missi
1046 1616 1169 1661 sunt,
1197 1616 1239 1650 et
1262 1607 1648 1665 prophetaverunt.
1682 1607 1766 1651 Sed

377 1677 492 1724 sorte
513 1678 631 1722 bono
653 1677 716 1721 illi
736 1677 879 1722 animo
896 1686 1126 1732 venerant,
1151 1677 1220 1720 vel
1238 1677 1294 1720 ob
1313 1676 1611 1720 necessitatem
1633 1677 1766 1722 oflicii

378 1749 466 1805 sui,
494 1748 564 1793 vel
589 1765 678 1793 non
699 1746 854 1792 facturi
876 1747 997 1808 quod
1020 1749 1190 1808 jussum
1211 1756 1288 1792 est.
1312 1747 1431 1792 Misit
1453 1757 1496 1791 et
1526 1747 1630 1792 alios
1652 1767 1660 1792 ε
1682 1748 1766 1793 hoc

379 1828 423 1863 et
443 1819 488 1863 in
509 1819 568 1863 eis
596 1818 761 1863 factum
788 1828 877 1876 est3
901 1828 943 1862 et
970 1834 1121 1863 eorum
1143 1819 1226 1863 hoc
1249 1818 1381 1863 modo
1403 1818 1596 1862 animum
1628 1819 1764 1863 inter-

379 1899 614 1950 pretemur.
641 1892 753 1935 Cum
775 1889 837 1933 illi
860 1886 1098 1945 tardarent,
1123 1889 1241 1933 venit
1262 1890 1352 1948 ipse
1374 1888 1540 1944 furens,
1557 1889 1766 1934 anhelans

380 1959 572 2016 caedem,
603 1960 854 2018 sanguinem
884 1961 1027 2005 sitiens
1060 1961 1302 2005 innocentis
1335 1960 1506 2014 Sancti,
1538 1961 1609 2004 cui
1636 1960 1765 2004 etiam

380 2032 573 2090 ingratus
600 2040 720 2075 erat:
754 2041 796 2075 et
820 2031 910 2090 ipse
932 2031 1135 2092 impletus
1167 2041 1231 2075 est
1258 2031 1411 2090 spiritu
1444 2031 1761 2090 prophetandi,

380 2112 423 2147 et
445 2102 732 2162 prophetavit.
770 2104 867 2147 Non
885 2117 987 2161 ergo
1021 2118 1065 2146 se
1079 2103 1244 2162 jactent
1277 2102 1353 2162 qui
1389 2100 1500 2144 forte
1535 2101 1628 2145 sine
1659 2102 1766 2146 cha-

381 2173 507 2217 ritate
529 2173 762 2216 habuerint
787 2173 871 2216 hoc
899 2189 1058 2216 munus
1090 2173 1166 2216 Dei
1188 2182 1408 2226 sanctum,
1436 2173 1546 2215 sicut
1565 2181 1765 2216 sanctum

382 2243 646 2303 baptismum
687 2263 695 2287 :
741 2242 815 2287 sed
862 2243 1039 2288 videant
1086 2242 1261 2303 qualem
1315 2243 1524 2286 rationem
1573 2242 1765 2286 habituri

381 2324 483 2359 sunt
503 2330 602 2358 cum
637 2319 747 2369 Deo,
782 2313 857 2373 qui
890 2314 1045 2358 sanctis
1078 2329 1168 2358 non
1202 2323 1346 2357 sancte
1368 2322 1568 2357 utuntur.
1603 2315 1668 2357 Ex
1699 2313 1764 2357 his

383 2395 511 2429 erunt
543 2385 619 2446 qui
655 2384 813 2429 dicturi
851 2394 952 2428 sunt
984 2404 992 2429 :
1034 2405 1053 2427 «
1082 2388 1134 2429 In
1171 2385 1346 2429 nomine
1376 2394 1452 2429 tuo
1485 2384 1765 2444 prophetavi-

386 2473 407 2497 »
442 2471 553 2500 mus.
586 2474 607 2496 »
637 2458 734 2501 Non
768 2454 850 2499 illis
883 2454 1052 2500 dicetur
1084 2476 1092 2500 ;
1129 2455 1401 2513 Mentimini3
1446 2454 1521 2499 sed
1557 2456 1760 2500 dicetur:

434 2548 442 2564 ¹
459 2542 674 2582 Act.vn1,13
691 2547 723 2573 et.
747 2542 796 2574 18.
818 2556 854 2565 -ν
876 2549 888 2563 ²
916 2554 926 2573 1
945 2543 1021 2583 Reg.
1039 2552 1104 2582 xix,
1132 2541 1235 2583 18-24.
