1848 3261
250 261 492 291 Ennianum
524 263 539 288 1
572 262 617 289 m
649 260 851 290 PsALMUM
882 262 985 299 ειη,
1021 259 1159 290 sunno
1191 264 1220 290 1.
1354 253 1432 291 111

56 334 120 370 est
139 341 267 386 super
287 327 438 371 orbem
458 334 692 381 terrarum,
712 327 851 370 nubes
872 341 961 370 non
983 325 1156 382 desunt,
1176 327 1439 386 praedicatur

55 397 240 441 verbum
262 397 475 452 veritatis,
510 407 787 457 exponuntur
810 396 954 441 omnia
984 413 1082 457 quae
1106 397 1289 442 obscura
1311 407 1434 454 sunt,

56 476 107 511 ut
137 468 267 512 corda
303 477 444 512 vestra
472 484 549 527 per
582 468 721 512 nubes
748 467 998 512 ascendant.
1035 466 1190 512 Videte
1218 470 1441 528 quomodo

57 537 257 592 credatis,
277 539 421 583 videte
437 538 539 598 quid
556 538 792 597 suscipiatis
815 557 823 582 :
844 548 941 598 post
956 538 1280 597 praedicatorem
1296 539 1442 584 veniet

52 608 209 668 judex,
242 619 340 668 post
374 609 712 669 dispensatorem
749 611 894 654 veniet
934 618 1126 654 exactori
1162 610 1291 663 «Qui
1317 610 1442 670 ponit

61 697 81 720 »
116 680 255 723 nubes
277 696 498 724 ascensum
523 682 629 741 ejus.
654 699 675 721 »

116 752 229 793 XII..
244 769 262 791 «
289 751 372 803 Qui
394 752 587 795 ambulat
605 766 734 811 super
750 766 913 810 pennas
934 760 1181 795 ventorum.
1201 768 1220 791 n
1243 753 1336 795 Hoc
1351 752 1442 812 jam

59 820 350 879 periculosum
371 830 434 865 est
451 822 645 881 accipere
664 822 718 866 ad
730 821 933 865 litteram.
955 824 1044 865 Aut
1057 837 1154 881 quae
1173 831 1273 865 sunt
1287 837 1443 881 pennae

59 893 316 934 ventorum?
337 894 426 935 Aut
457 907 561 935 vero
589 892 811 952 quomodo
842 891 887 934 in
912 891 1079 950 pictura
1097 927 1107 945 ,
1135 890 1289 935 facturi
1317 891 1443 935 nobis

59 976 208 1005 sumus
223 971 374 1006 ventos
400 962 595 1006 volantes
609 998 618 1016 ‚
642 972 684 1006 et
708 962 793 1007 alas
809 962 1049 1006 habentes?
1067 965 1232 1006 Ventus
1256 978 1345 1006 non
1361 971 1438 1006 est.

61 1035 248 1087 Fratres,
269 1034 348 1077 nisi
366 1049 496 1093 quem
514 1034 721 1078 sentimus
738 1069 748 1088 ,
774 1043 918 1078 motus
939 1034 1117 1093 quidam
1140 1043 1183 1077 et
1201 1033 1321 1094 quasi
1338 1033 1446 1078 ssuc-

61 1112 131 1147 tus
153 1104 275 1158 aeris,
298 1104 524 1164 impellens
547 1105 666 1165 quod
688 1115 828 1164 potest
849 1120 929 1164 pro
946 1105 1136 1148 viribus?
1158 1107 1266 1158 Quae
1288 1120 1444 1164 pennae

62 1183 293 1218 ventorum
319 1177 449 1218 sunt?
474 1174 558 1218 Sed
587 1184 631 1218 et
659 1191 757 1234 quae
780 1175 858 1218 alae
889 1175 996 1218 Dei?
1018 1178 1075 1218 Et
1100 1184 1246 1218 tamen
1277 1174 1444 1218 dictum

62 1252 149 1287 est:
174 1262 194 1284 «
217 1244 307 1287 Sub
328 1244 482 1287 umbra
500 1244 664 1288 alarum
685 1254 859 1288 tuarum
881 1245 1157 1303 sperabunt1.
1180 1264 1199 1286 »
1224 1247 1445 1289 Conemur

29 1314 33 1315 ⁷
63 1329 165 1372 ergo
183 1323 226 1358 et
246 1315 330 1358 hoc
350 1314 544 1374 accipere
565 1314 619 1359 ad
636 1314 841 1368 litteram,
867 1314 1002 1358 veluti
1024 1316 1197 1374 proprie
1219 1315 1384 1359 factum
1400 1316 1446 1359 in

64 1393 259 1428 creatura
304 1385 398 1428 ista.
454 1384 739 1429 Velocitatem
782 1385 905 1429 verbi
951 1384 1129 1430 fortasse
1169 1385 1448 1430 commendat

68 1455 316 1515 Scriptura;
345 1456 400 1499 de
434 1472 517 1516 qua
555 1456 785 1500 velocitate
809 1456 1071 1517 jampridem
1098 1457 1144 1500 in
1164 1456 1247 1500 alio
1275 1457 1445 1501 Psalmo

65 1525 200 1570 locuti
228 1541 399 1580 sumus,
431 1526 505 1570 ubi
534 1527 742 1586 scriptum
766 1538 828 1571 est
850 1546 859 1571 :
890 1547 908 1569 «
931 1530 1076 1587 Usque
1097 1527 1144 1570 in
1174 1527 1449 1572 velocitatem

70 1614 90 1636 n
125 1596 260 1640 currit
275 1597 457 1640 verbum
476 1598 566 1655 ejus
579 1600 610 1640 ².
634 1617 650 1637 »
668 1597 776 1650 Quia
797 1596 907 1640 nihil
923 1598 1060 1641 ventis
1076 1596 1267 1642 velocius
1286 1606 1450 1642 norunt

67 1666 278 1711 homines.
297 1666 528 1721 Quomodo
548 1667 621 1711 illa
640 1667 825 1712 facilitas
848 1667 1238 1712 commendabatur
1255 1670 1299 1712 in
1312 1668 1448 1728 pelle3

69 1736 177 1781 nihil
197 1738 313 1781 enim
330 1736 497 1782 facilius
519 1738 574 1782 ab
594 1739 775 1782 homine
787 1755 918 1799 quam
940 1738 1063 1798 pellis
1086 1739 1333 1784 extenditur
1358 1759 1368 1784 ε
1393 1740 1452 1785 sic

70 1817 113 1852 et
127 1809 196 1852 hic
211 1809 434 1853 insinuans
446 1813 584 1854 Deum
600 1810 669 1854 vel
682 1811 874 1854 Verbum
889 1811 980 1870 ejus
996 1810 1160 1870 ubique
1175 1820 1449 1870 praesentem,

69 1878 298 1924 velocitate
319 1889 463 1924 motus
486 1880 595 1924 nihil
618 1881 813 1924 deserere
829 1916 839 1932 ,
865 1880 968 1940 quia
990 1890 1037 1924 tu
1059 1897 1148 1925 non
1171 1897 1351 1926 noveras
1372 1882 1453 1927 ali-

70 1949 178 2010 quid
197 1960 330 1995 vento
360 1950 549 1995 velocius
575 1970 584 1995 :
625 1970 641 1990 «
669 1950 907 2006 Ambulat‚
939 1951 1110 2011 inquit,
1139 1968 1268 2012 super
1289 1968 1453 2011 pennas

74 2038 94 2061 »
129 2029 357 2064 ventorum
373 2056 383 2076 ,
412 2039 432 2062 »
458 2021 503 2066 id
531 2030 615 2076 cst,
643 2021 848 2066 velocitas
871 2023 962 2082 ejus
988 2031 1162 2081 superat
1182 2022 1456 2067 velocitatem

72 2099 300 2134 ventorum
325 2110 333 2134 :
354 2099 403 2134 nt
424 2106 501 2150 per
523 2106 686 2150 pennas
701 2101 931 2136 ventorum
946 2091 1159 2150 intelligas
1180 2092 1455 2137 velocitatem

71 2169 331 2215 ventorum,
369 2169 412 2204 et
440 2161 624 2204 verbum
662 2161 738 2205 Dei
772 2161 988 2221 intelligas
1020 2161 1211 2206 velocius
1252 2163 1454 2206 omnibus

72 2231 226 2274 ventis.
251 2233 308 2275 Et
327 2230 446 2275 sicin
462 2231 601 2290 prima
625 2230 734 2275 facie
756 2232 1108 2277 considerationis
1129 2253 1138 2277 :
1165 2234 1384 2293 pulsemus
1400 2234 1455 2277 ad

18 2296 21 2299 ’
74 2300 238 2361 aliquid
265 2302 474 2358 interius,
509 2312 553 2346 et
584 2303 766 2361 figurate
796 2303 960 2364 aliquid
987 2305 1112 2349 nohis
1143 2304 1337 2349 indicent
1362 2305 1455 2349 istae

75 2370 246 2416 litterae.

133 2444 260 2486 XIII.
293 2444 454 2487 Ventos
488 2444 665 2504 quidem
697 2443 974 2501 intelligimus
1005 2445 1050 2488 in
1082 2446 1220 2504 figura
1252 2461 1341 2489 non
1374 2446 1454 2489 ab-

78 2512 206 2559 surde
226 2513 387 2558 animas
409 2533 418 2558 ;
443 2530 532 2558 non
551 2514 652 2574 quia
672 2524 828 2558 ventus
849 2524 911 2560 est
933 2516 1096 2571 anima,
1123 2516 1199 2560 sed
1219 2518 1320 2576 quia
1341 2517 1454 2562 invi-

128 2604 136 2620 ¹
159 2597 238 2630 Psal.
255 2609 351 2640 xxm,
370 2598 401 2630 8.
423 2615 465 2621 —
481 2606 494 2621 ²
511 2599 558 2631 Id.
579 2609 698 2640 chvn,
721 2599 772 2631 15.
