1848 3261
459 225 701 255 tustinum
731 226 779 253 m
808 224 1013 253 PsALMUM
1042 226 1110 253 cv.
1368 215 1454 253 227

77 290 245 335 bonum
259 289 460 349 perhibet
481 290 802 344 testimonium,
826 297 876 333 ut
902 287 1194 347 intelligamus
1212 289 1332 333 illam
1350 288 1454 334 fidei

77 361 167 420 ejus
188 359 496 404 titubationem
511 361 591 404 hac
615 359 705 405 sola
729 375 863 437 poena
882 358 1014 404 fuisse
1035 368 1299 418 correptam,
1333 359 1455 420 quod

76 430 122 474 in
143 445 237 474 eam
258 439 417 475 terram
436 446 555 491 ‚quo
576 429 817 491 populum
806 445 897 490 lpse
919 429 1134 485 ducebat,
1159 444 1250 474 non
1270 439 1335 474 est
1355 446 1456 489 per-

75 501 228 545 missus
247 501 425 546 intrare.
445 502 570 546 Absit
591 511 735 546 autem
759 511 808 546 ut
829 517 930 545 eum
965 501 1192 546 credamus
1219 500 1457 544 alienatum

76 586 101 615 a
121 586 254 630 regno
275 571 421 631 gratiae
444 572 541 626 Dei,
561 570 681 632 quod
703 571 971 630 significabat
986 570 1060 616 illa
1071 579 1186 615 terra
1207 570 1452 631 promissio·

76 642 166 696 nis,
188 642 307 685 unde
324 641 390 686 lac
417 641 566 685 etmel
592 640 784 686 defluere
814 641 1041 687 dicebatur
1058 643 1090 685 ².
1124 644 1218 686 Hoc
1250 650 1314 685 est
1342 641 1459 685 enim

75 712 220 772 potius
231 721 538 757 testamentum
551 724 781 770 aeternum,
795 712 917 774 quod
929 712 1140 773 disposuit
1152 713 1207 758 ad
1221 713 1457 768 Abraham,

76 799 168 827 non
199 783 440 828 secundum
462 800 636 829 carnem
661 794 829 845 patrem
851 792 1071 840 nostrum,
1104 783 1181 828 sed
1217 782 1460 828 secundum

76 852 226 898 fidem.

135 926 300 969 XXIX.
323 925 392 970 Illi
409 934 553 970 autem
578 925 634 969 de
654 940 843 986 quorum
870 923 1175 985 iniquitatibus
1206 924 1285 968 iste
1314 923 1462 983 loqui-

76 1005 149 1040 tur
170 996 364 1041 Psalmus
379 1032 390 1052 ,
410 998 565 1042 cumin
582 996 701 1040 illam
726 996 1010 1056 temporalem
1033 1005 1192 1040 terram
1208 995 1459 1054 promissio-

78 1066 144 1110 nis
164 1067 422 1112 intrassent:
452 1087 474 1110 «
505 1071 602 1113 Non
624 1067 977 1126 disperdiderunt
1010 1067 1191 1120 Gentes,
1227 1081 1335 1125 quas
1356 1064 1465 1110 dixit

86 1156 106 1179 »
138 1128 346 1183 Dominus
365 1138 462 1182 illis.
489 1141 545 1182 Et
566 1138 786 1182 commixti
809 1148 911 1181 sunt
932 1138 1046 1181 inter
1067 1138 1226 1181 Gentes
1243 1172 1254 1192 ,
1279 1146 1323 1181 et
1347 1136 1464 1181 didi-

82 1227 102 1249 »
136 1218 292 1253 cerunt
314 1224 444 1268 opera
467 1223 640 1263 eorum,
660 1217 702 1251 et
726 1208 965 1252 servierunt
988 1206 1263 1266 sculptilibus
1280 1222 1431 1252 eorum
1447 1242 1459 1263 ,

81 1296 102 1319 »
136 1287 180 1322 et
199 1278 364 1323 factum
382 1288 445 1323 est
464 1277 547 1322 illis
568 1279 614 1322 in
635 1278 932 1322 scandalum2.
956 1297 976 1320 »
998 1278 1115 1322 Illud
1136 1278 1257 1338 quod
1279 1293 1349 1322 eas
1371 1294 1461 1322 non

78 1347 452 1408 disperdiderunt,
487 1348 562 1393 sed
583 1349 643 1392 eis
670 1349 892 1394 commixti
925 1358 1049 1404 sunt,
1087 1347 1254 1393 factum
1289 1357 1353 1393 est
1381 1348 1463 1393 illis

77 1417 125 1462 in
145 1418 414 1464 scandalum.

136 1491 278 1533 XXX.
301 1509 323 1532 «
341 1492 399 1534 Et
414 1489 751 1535 immolaverunt
771 1490 882 1534 filios
903 1505 1002 1534 suos
1024 1524 1035 1545 ‚
1061 1498 1104 1533 et
1119 1489 1230 1534 filias
1253 1505 1350 1534 suas
1370 1488 1440 1533 dae

81 1577 102 1601 »
136 1560 293 1604 moniis
319 1579 329 1605 ε
348 1569 393 1604 et
413 1560 666 1605 effuderunt
687 1561 941 1618 sanguinem
964 1561 1242 1605 innocentem
1257 1595 1270 1615 ,
1296 1560 1466 1619 sangui„

81 1646 103 1671 »
137 1645 239 1673 nem
259 1630 452 1675 filiorum
474 1645 652 1674 suorum
680 1640 724 1675 et
749 1630 938 1675 filiarum
965 1645 1169 1686 suarum,
1199 1646 1308 1690 quas
1337 1631 1465 1675 sacri-

82 1718 103 1742 »
137 1700 378 1745 ficaverunt
415 1700 689 1760 sculptilibus
722 1702 930 1747 Chanaan
944 1703 977 1746 3.
1013 1719 1033 1743 »
1072 1700 1320 1745 Immolasse
1354 1700 1466 1747 filios

78 1786 178 1816 suos
198 1780 242 1816 et
263 1771 372 1816 filias
400 1788 496 1816 suas
516 1772 742 1817 daemoniis
764 1782 807 1817 et
826 1773 972 1828 idolis,
997 1788 1088 1817 non
1113 1788 1185 1816 eos
1218 1771 1292 1816 illa
1319 1781 1466 1817 narrat

79 1842 283 1897 historia,
309 1841 384 1887 sed
406 1858 550 1903 neque
584 1843 663 1887 iste
692 1843 886 1887 Psalmus
913 1842 1088 1887 mentiri
1123 1851 1286 1902 potest,
1323 1858 1466 1902 neque

80 1913 310 1972 Prophetae
325 1947 336 1967 ,
357 1913 434 1972 qui
450 1913 533 1957 hoc
560 1913 715 1957 dicunt
734 1912 882 1957 multis
913 1913 1261 1972 increpationum
1291 1928 1466 1957 suarum

79 1981 200 2026 locis.
233 1983 445 2027 Habuisse
471 1998 575 2027 vero
606 1983 731 2026 istam
765 1982 1127 2028 consuetudinem
1159 1984 1341 2040 Gentes,
1378 1999 1460 2028 nec

81 2067 229 2096 earum
250 2052 408 2096 litterae
424 2061 672 2097 tacuerunt.

138 2124 303 2166 XXXI.
327 2122 412 2167 Sed
434 2122 543 2182 quid
558 2131 621 2166 est
638 2123 759 2183 quod
780 2124 1002 2184 sequitur?
1027 2142 1047 2166 «
1072 2126 1131 2168 Et
1146 2123 1373 2169 interfecta
1403 2133 1468 2168 est

83 2210 104 2234 »
140 2201 253 2236 terra
274 2192 321 2235 in
342 2192 639 2250 sanguinibus.
664 2212 683 2233 »
701 2196 956 2241 Putaremus
972 2194 1088 2238 enim
1106 2194 1324 2253 scriptoris
1346 2209 1468 2239 erro-

81 2277 173 2306 rem
190 2298 201 2318 ,
226 2277 414 2322 eumque
446 2262 686 2307 diceremus
717 2279 795 2322 pro
823 2279 874 2308 eo
908 2264 1029 2324 quod
1063 2273 1127 2308 est
1168 2283 1188 2307 «
1216 2264 1383 2309 Infecta
1401 2300 1412 2320 ,
1440 2283 1461 2307 »

81 2331 230 2377 fecisse
255 2352 277 2375 «
299 2332 548 2388 Interfecta,
574 2354 591 2375 »
609 2334 686 2377 nisi
707 2334 964 2378 haberemus
981 2335 1243 2379 beneficium
1266 2335 1365 2390 Dei,
1385 2335 1462 2395 qui

84 2404 326 2463 Scripturas
343 2419 440 2448 suas
461 2405 506 2447 iu
528 2403 675 2447 multis
691 2403 850 2463 linguis
867 2420 955 2449 esse
966 2404 1131 2462 voluit,
1150 2414 1280 2466 atque
1300 2406 1360 2450 ita
1377 2421 1467 2451 esse

81 2474 312 2534 scriptum,
342 2494 361 2517 «
377 2474 610 2520 Interfecta
631 2485 694 2519 est
715 2476 892 2520 terrain
913 2477 1198 2535 sanguinibus
1214 2511 1225 2533 ,
1252 2495 1271 2519 >³
1294 2476 1467 2540 inspec-

129 2565 139 2582 ι
156 2559 315 2601 Exod.u1,
333 2561 365 2592 8.
392 2575 433 2582 -
453 2565 465 2582 2
483 2557 565 2592 Psal.
586 2568 638 2600 cv,
657 2558 774 2601 34-36.
797 2575 839 2582 -
859 2557 968 2593 ³1bid.
989 2560 1044 2602 38,
1063 2559 1118 2603 39.

1215 2614 1280 2655 15‚
