1848 3261
275 231 514 259 murmuro
547 233 560 258 1
593 232 638 258 nv
672 230 874 260 PsALMUM
907 233 972 269 ei,
1007 231 1143 259 SERMO
1176 234 1206 258 1.
1404 220 1457 258 37

80 296 246 355 plangit
263 295 318 340 de
330 298 532 355 peccato?
546 312 644 356 quae
661 296 747 342 avis
760 296 883 340 timet
897 296 1139 355 gehennam
1159 295 1265 353 ignis
1280 295 1429 340 aeterni
1443 297 1461 340 Ρ

81 366 192 419 Quia
213 365 334 410 nulla
352 367 390 410 ei
407 366 681 426 participatio
703 367 843 410 beatae
859 367 980 421 vitae,
1005 365 1115 410 nulli
1136 365 1298 409 stimuli
1330 367 1458 410 mise-

79 437 254 480 riarum.
280 440 422 481 Homo
445 446 589 481 autem
606 472 616 492 ‚
642 437 745 497 quia
760 435 901 481 factus
920 437 1070 496 estqui
1082 436 1136 480 sit
1152 436 1198 479 in
1209 435 1337 483 beata
1354 437 1458 492 vita,

78 509 113 552 si
130 508 242 551 bene
263 508 438 566 vixerit,
464 508 561 553 ideo
583 508 664 552 erit
680 509 725 552 in
748 508 900 552 misera
921 507 1009 552 vita
1026 542 1037 562 ,
1065 508 1168 567 quia
1197 507 1309 551 male
1340 508 1458 552 vixit.

78 580 196 637 Ergo
213 613 224 633 ,
247 598 266 620 «
281 579 391 631 Quia
405 578 572 633 levasti,
588 577 734 622 elisisti
748 593 818 621 me
836 597 845 622 :
865 596 885 619 »
905 577 1003 622 ideo
1018 578 1214 637 sequitur
1227 593 1297 622 me
1310 593 1461 637 poena,

77 648 180 708 quia
211 648 369 696 dedisti
397 648 506 692 mihi
535 648 722 692 liberum
752 648 993 693 arbitrium.
1027 648 1071 693 Si
1096 648 1212 691 enim
1240 648 1346 692 mihi
1373 663 1463 692 non

77 718 265 762 dedisses
285 716 473 762 liberum
492 719 742 773 arbitrium,
766 727 809 762 et
831 720 1033 778 perhanc
1055 719 1266 762 rationem
1291 718 1462 778 pecori-

78 788 159 832 bus
180 804 249 833 me
271 805 361 834 non
381 789 543 833 faceres
556 789 780 834 meliorem
792 825 802 845 ,
818 805 907 833 non
926 805 994 833 me
1007 799 1260 850 sequeretur
1278 791 1462 834 damna-

76 858 137 903 tio
163 859 278 919 justa
297 868 567 918 peccantem.
603 862 719 917 Ergo
736 875 814 919 per
847 859 1076 904 arbitrium
1097 859 1285 904 liberum
1313 860 1462 905 levasti

75 944 146 973 me
163 964 174 984 ,
200 939 243 973 et
265 945 342 989 per
352 930 530 989 justitiae
546 930 762 989 judicium
784 930 930 975 elisisti
952 946 1037 975 me.

134 1001 236 1043 XII.
269 1019 287 1040 «
310 1000 407 1044 Dies
423 1000 509 1044 mei
540 1001 653 1045 sieut
671 1000 828 1045 umbra
849 999 1223 1045 declinaverunt1.
1254 1018 1275 1042 »
1301 1004 1463 1046 Potue-

74 1080 179 1115 runt
196 1070 313 1114 enim
334 1086 423 1115 esse
445 1070 535 1115 dies
556 1071 620 1115 tui
642 1087 732 1116 non
760 1071 1050 1127 declinantes,
1082 1072 1116 1116 si
1139 1081 1189 1116 tu
1221 1088 1245 1116 a
1267 1072 1336 1116 die
1359 1087 1463 1116 vero

74 1156 163 1184 non
186 1139 440 1185 declinasses
461 1159 470 1186 ε
504 1139 752 1196 declinasti,
779 1150 822 1186 et
844 1140 1047 1200 accepisti
1065 1142 1155 1186 dies
1175 1141 1458 1187 declinantes.

73 1209 191 1263 Quid
207 1210 390 1266 mirum,
411 1211 444 1255 si
475 1209 566 1255 dies
603 1212 667 1255 tui
687 1209 791 1256 facti
812 1221 915 1256 sunt
943 1211 1102 1256 similes
1125 1213 1221 1256 tui?
1253 1214 1336 1272 Ipsi
1361 1221 1464 1257 sunt

73 1281 189 1325 enim
210 1280 300 1325 dies
316 1280 606 1337 declinantes,
630 1281 733 1342 quia
753 1281 954 1339 deviasti,
990 1283 1068 1343 qui
1089 1292 1192 1327 sunt
1212 1282 1302 1327 dies
1321 1282 1432 1327 sumi
1449 1317 1460 1338 ‚

72 1351 175 1411 quia
197 1351 392 1396 timuisti.
415 1354 553 1410 Supra
573 1352 689 1395 enim
710 1352 876 1396 dixerat
893 1387 905 1408 ,
934 1372 953 1395 «
974 1351 1240 1397 Defecerunt
1256 1353 1369 1398 sicut
1389 1352 1463 1398 fu-

75 1439 96 1463 »
133 1437 229 1465 mus
249 1421 340 1466 dies
365 1423 450 1466 mei
470 1442 478 1467 z
505 1442 524 1464 »
551 1432 594 1466 et
608 1439 727 1467 nunc
748 1423 874 1478 dicit,
905 1443 925 1465 «
946 1424 1043 1468 Dies
1064 1424 1149 1468 mei
1171 1425 1282 1469 sicut
1305 1425 1464 1470 umbra

75 1511 95 1533 »
135 1491 478 1538 declinaverunt.
508 1512 527 1534 »
556 1496 606 1537 ln
623 1494 704 1538 hac
737 1495 894 1538 umbra
923 1495 1223 1554 agnoscendus
1252 1505 1315 1540 est
1347 1495 1461 1551 dies,

72 1562 116 1605 in
138 1563 218 1607 hac
240 1565 395 1608 umbra
415 1563 603 1626 videnda
626 1574 689 1608 est
716 1564 816 1621 lux3
847 1581 901 1609 ne
923 1575 1071 1625 postea
1098 1582 1191 1611 sera
1219 1576 1262 1611 et
1294 1566 1463 1611 influe·-

72 1641 194 1676 tuosa
216 1634 475 1692 poenitentia
498 1633 691 1679 dicatur:
711 1654 732 1677 «
750 1635 867 1688 Quid
889 1636 1015 1680 nobis
1042 1636 1209 1696 profuit
1230 1638 1464 1697 superbia?

74 1720 95 1743 »
130 1713 173 1747 et
201 1702 448 1748 divitiarum
468 1705 680 1764 jactantia
716 1706 825 1765 quid
857 1705 1044 1751 contulit
1076 1707 1233 1751 nobis?
1261 1709 1461 1753 Transie—

73 1793 93 1815 »
129 1783 232 1818 runt
248 1775 391 1819 omnia
413 1784 622 1836 tanquam
642 1776 800 1820 umbra
814 1780 845 1820 ².
871 1795 890 1818 »
909 1777 1044 1821 Modo
1067 1776 1167 1836 dic,
1199 1780 1464 1824 Transibunt

70 1844 215 1888 omnia
252 1853 462 1904 tanquam
506 1845 660 1889 umbra
681 1880 693 1900 ,
733 1855 776 1890 et
818 1856 867 1890 tu
900 1863 989 1891 non
1025 1857 1215 1893 transeas
1250 1858 1461 1910 tanquam

70 1914 242 1958 umbra.
264 1934 284 1956 «
301 1915 396 1959 Dies
412 1915 494 1959 mei
508 1916 618 1960 sicut
636 1916 790 1960 umbra
809 1915 1139 1962 declinaverunt
1157 1938 1165 1964 :
1187 1928 1231 1963 et
1248 1935 1329 1978 ego
1341 1920 1464 1964 velut

75 2003 96 2026 »
132 1983 299 2029 foenum
321 1985 428 2029 arui.
462 1987 611 2039 »Quia
637 1996 680 2030 et
702 2002 830 2046 supra
858 1987 1047 2043 dixerat,
1073 2008 1091 2030 «
1114 1993 1370 2034 Percussum
1400 2001 1464 2035 est

74 2074 95 2096 »
120 2056 230 2100 sicut
242 2054 430 2110 foenum,
448 2066 490 2100 et
504 2057 617 2101 aruit
630 2073 704 2101 cor
721 2073 883 2102 meum.
895 2059 1009 2104 »Sed
1023 2060 1254 2105 revirescet
1270 2060 1459 2118 foenum,

71 2125 294 2184 irrigatum
320 2127 530 2185 sanguine
545 2127 789 2172 Salvatoris.
810 2149 829 2170 «
851 2131 945 2187 Ego
969 2130 1080 2175 sicut
1101 2131 1272 2175 foenum
1287 2133 1380 2176 arui
1398 2152 1406 2177 ε
1439 2153 1456 2174 »

71 2211 150 2254 ego
174 2197 327 2251 homo,
361 2206 458 2256 post
490 2198 608 2241 illam
642 2199 1065 2260 pi'aevaricationen13
1099 2202 1183 2247 hoc
1226 2218 1307 2262 ego
1340 2205 1461 2263 justo

65 2265 232 2326 judicio
250 2277 328 2311 tuo
355 2287 363 2312 ;
385 2278 434 2312 tu
455 2278 603 2312 autem
621 2268 754 2329 quid?

130 2341 252 2382 XIII.
284 2359 305 2382 «
338 2343 403 2383 Tu
425 2355 549 2394 vero,
575 2341 758 2384 Domine
774 2375 787 2396 ,
810 2342 855 2385 in
877 2351 1090 2386 aeternum
1111 2359 1257 2388 manes
1273 2347 1304 2388 3.
1330 2364 1348 2387 »
1375 2346 1463 2390 Mei

72 2407 159 2452 dies
177 2408 287 2453 sicut
302 2409 458 2454 umbra
476 2409 827 2466 declinaverunt,
853 2421 897 2456 et
918 2422 966 2457 tu
983 2413 1027 2457 in
1046 2424 1259 2458 aeternum
1281 2431 1429 2459 manes
1448 2434 1458 2460 :

73 2479 357 2538 temporalem
389 2480 523 2525 salvet
555 2491 758 2525 aeternus.
795 2484 893 2528 Non
925 2483 1042 2527 enim
1065 2485 1164 2545 quia
1196 2500 1274 2543 ego
1297 2486 1457 2539 cecidi,

122 2571 130 2586 ¹
152 2564 230 2598 Psal.
251 2576 292 2607 ct,
315 2574 367 2598 12.
385 2583 424 2589 ·—
451 2574 463 2594 ἓ
482 2569 558 2608 Sap.
579 2579 613 2609 v,
633 2568 666 2600 8.
685 2585 725 2591 -
747 2567 760 2591 3
780 2568 862 2601 Psal.
881 2580 922 2610 ct,
941 2570 990 2602 13.
