1848 3261
367 225 446 261 162
798 232 831 260 5.
868 234 1096 260 ΑυουεΤΙΜ
1129 234 1308 260 EPISCOPI

358 307 550 353 voraret,
585 297 706 357 quod
728 296 801 341 ille
822 297 889 342 leo
911 298 1132 341 neminem
1164 297 1390 341 devoraret
1405 332 1415 351 ,
1440 297 1521 340 nisi
1542 305 1708 355 peteret
1727 315 1739 341 2

362 389 382 411 «
418 372 508 413 Hac
524 378 652 413 nocte
667 404 678 424 ‚
702 369 846 429 inquit
863 404 873 423 ,
898 368 1130 428 postulavit
1156 371 1332 413 Satanas
1355 383 1506 413 vexare
1533 383 1610 412 vos
1632 368 1744 411 sicut

365 460 381 481 »
417 440 607 485 triticum
622 475 633 494 ‚
654 448 697 483 et
723 455 804 498 ego
822 440 967 497 rogavi
989 455 1068 499 pro
1092 449 1133 483 te
1150 474 1160 493 ‚
1186 442 1313 482 Petre
1329 474 1339 494 ‚
1365 454 1420 482 ne
1442 438 1616 482 deficiat
1636 437 1743 482 fides

359 529 380 552 »
415 513 535 554 tua1.
570 512 771 555 »Nonne
805 513 978 562 Petrus,
1013 525 1114 554 cum
1152 518 1217 553 ter
1251 509 1480 566 negavit²‚
1508 509 1599 568 jam
1631 508 1744 567 inter

358 580 508 625 dentes
528 580 666 624 leonis
683 581 801 623 erat?
823 598 843 621 «
871 578 1015 623 Catuli
1031 579 1210 623 leonum
1229 578 1463 638 rugientes,
1485 587 1537 621 ut
1553 578 1739 637 rapiant,

362 670 381 693 »
417 659 460 694 et
479 660 529 694 ut
549 659 749 710 quaerant
771 666 794 693 a
817 652 906 693 Deo
929 664 1071 693 escam
1092 649 1189 693 sibi.
1220 667 1240 689 »
1271 684 1273 686 .

418 723 585 764 XXIII.
608 739 625 759 «
647 721 778 763 Ortus
802 728 865 763 est
885 718 993 763 sol.»
1016 719 1100 772 Qui
1123 718 1230 762 dixit
1250 738 1258 762 :
1281 737 1300 760 α
1325 722 1587 762 Potestatem
1604 717 1746 763 habeo

362 810 381 832 »
417 789 607 849 ponendi
630 789 820 833 animam
841 804 1011 843 meam,
1037 798 1080 832 et
1116 797 1374 847 potestatem
1408 788 1549 832 habeo
1588 787 1748 831 iterum

314 859 318 862 ’
363 879 382 900 »
418 859 619 904 sumendi
644 874 761 914 eam,
801 859 976 917 agnovit
1004 874 1207 903 occasum
1240 860 1395 902 suum3
1415 895 1426 913 ,
1463 878 1482 900 »
1525 867 1568 902 et
1603 858 1750 917 posuit

363 947 458 976 eam
478 953 489 989 3
513 951 533 973 «
557 933 689 975 Ortus
707 940 769 975 est
790 930 880 985 sol,
909 949 928 971 n
957 940 1001 974 et
1024 931 1184 989 recepit
1205 946 1315 974 eam.
1341 950 1359 971 «
1380 932 1512 974 Ortus
1530 939 1593 973 est
1613 929 1702 984 sol,
1726 948 1746 971 »

364 1002 464 1062 quia
487 1000 646 1046 occidit
665 1000 729 1045 sol
743 1036 753 1055 ,
775 1001 848 1044 secl
878 1016 969 1044 non
991 1001 1205 1044 extinctus
1227 1010 1288 1044 cst
1311 1000 1389 1043 sol.
1413 999 1569 1044 Adhuc
1593 999 1651 1043 eis
1674 1000 1751 1059 qui

365 1089 453 1116 non
475 1071 726 1130 intelligunt
747 1071 990 1124 Christum,
1015 1071 1106 1129 ipsa
1128 1086 1216 1114 nox
1237 1080 1325 1127 est3
1346 1070 1489 1114 adhuc
1512 1071 1570 1113 eis
1591 1069 1656 1113 sol
1677 1085 1750 1114 or-

366 1153 435 1186 tus
458 1158 548 1186 non
574 1152 638 1186 est
664 1161 672 1186 ;
697 1142 884 1195 instent,
916 1150 966 1184 ut
998 1140 1267 1200 intelligant,
1292 1156 1346 1184 ne
1370 1141 1594 1199 rapiantur
1619 1156 1643 1184 a
1679 1156 1755 1184 ru-

367 1213 510 1271 giente
531 1212 672 1255 leone.
701 1214 809 1256 Nam
833 1226 933 1254 ecce
954 1211 1112 1271 quibus
1134 1219 1254 1254 ortus
1273 1220 1336 1254 est
1353 1247 1364 1265 ,
1386 1227 1475 1255 non
1493 1227 1565 1255 eos
1590 1210 1756 1256 audent

364 1281 569 1326 invadere
591 1280 723 1325 catuli
744 1280 938 1324 leonum.
973 1281 1177 1340 Sequitur
1204 1282 1321 1324 enim
1343 1301 1350 1325 :
1379 1301 1398 1323 «
1424 1283 1555 1325 Ortus
1577 1291 1643 1325 est
1665 1281 1752 1336 501,

371 1373 388 1393 n
426 1361 468 1395 et
489 1351 740 1410 congregati
760 1359 876 1403 sunt,
902 1360 945 1393 et
966 1351 1012 1393 in
1033 1350 1250 1394 cubilibus
1268 1351 1354 1394 suis
1372 1352 1645 1395 cubabunt.»
1657 1354 1756 1396 Ma-

369 1424 431 1482 gis
464 1423 683 1482 magisque
715 1421 792 1464 ubi
814 1421 951 1464 oritur
970 1420 1034 1464 sol
1059 1421 1137 1464 iste
1158 1457 1168 1475 ‚
1200 1431 1249 1464 ut
1271 1421 1537 1480 intelligatur
1559 1422 1615 1466 ab
1649 1422 1756 1467 orbe

371 1503 581 1537 terrarum
595 1528 605 1546 ‚
627 1502 669 1536 et
691 1491 951 1535 clarificetur
972 1491 1166 1535 Christus
1187 1492 1232 1534 in
1256 1501 1348 1536 toto
1365 1492 1548 1547 mundo,
1575 1508 1758 1551 congre-

373 1573 528 1622 gantur
556 1562 688 1606 catuli
709 1562 887 1607 leonum
905 1596 916 1613 ,
941 1561 1015 1604 illa
1037 1562 1251 1605 daemonia
1277 1563 1490 1607 recedunt
1511 1579 1533 1607 a
1554 1578 1759 1622 persecu-

373 1634 492 1677 tione
524 1631 754 1684 Ecclesiae,
791 1647 890 1690 quae
922 1631 1186 1688 instigabant
1220 1632 1420 1692 persequi
1450 1632 1632 1677 domum
1654 1634 1757 1689 Dei,

374 1702 596 1763 operando
627 1702 671 1745 in
706 1701 802 1745 filiis
824 1700 1209 1745 diIIidentiae.Nam
1231 1701 1396 1746 dictum
1419 1711 1483 1746 est
1507 1722 1516 1747 ε
1547 1722 1567 1745 «
1595 1706 1762 1748 Secun-

379 1793 398 1815 »
435 1774 541 1817 dum
564 1772 803 1832 principem
833 1772 1055 1830 potestatis
1081 1772 1186 1815 aeris
1202 1807 1212 1826 ,
1238 1773 1313 1832 qui
1335 1788 1453 1817 nunc
1491 1783 1695 1833 operatur
1715 1775 1763 1818 in

380 1863 400 1885 »
436 1843 533 1887 filiis
554 1841 858 1886 infidelitatis&
875 1860 894 1881 η
911 1841 1043 1885 Modo
1058 1843 1149 1901 jam
1172 1842 1273 1901 quia
1296 1858 1425 1887 nemo
1444 1859 1594 1887 eorum
1614 1860 1761 1903 perse-

378 1916 454 1975 qui
473 1913 603 1958 audet
619 1912 875 1965 Ecclesiam,
898 1932 917 1953 «
937 1914 1068 1956 Ortus
1086 1922 1149 1957 est
1170 1912 1249 1967 sol,
1275 1923 1317 1957 et
1339 1916 1584 1973 congregati
1604 1926 1721 1960 sunt.
1738 1934 1758 1958 n

379 1989 436 2029 Et
458 1985 534 2028 ubi
551 1986 681 2027 sunt?
711 2005 729 2024 «
756 1987 811 2027 Et
840 1984 883 2026 in
909 1983 1127 2028 cubilibus
1152 1983 1239 2027 suis
1267 1984 1511 2028 cubabunt.
1547 2006 1564 2028 »
1592 1985 1764 2031 Cubilia

381 2072 529 2099 corum
547 2091 558 2110 ,
582 2054 712 2099 corda
735 2054 991 2099 infidelium.
1028 2057 1168 2108 Quam
1188 2054 1314 2098 multi
1334 2066 1490 2113 gerunt
1510 2056 1657 2101 leones
1685 2073 1765 2101 cu-

383 2127 534 2171 bantcs
555 2126 600 2169 in
622 2124 825 2169 cordibus
841 2125 927 2168 suis
942 2127 959 2167 9
981 2128 1077 2170 Non
1098 2124 1199 2169 inde
1217 2136 1470 2185 erumpunt,
1486 2143 1575 2170 non
1599 2126 1766 2172 faciunt

383 2198 596 2256 impetum
627 2196 671 2239 in
697 2197 819 2239 istam
850 2196 1196 2254 peregrinantem
1231 2196 1484 2240 Jerusalem.
1517 2201 1656 2249 Quare
1676 2214 1765 2242 non

387 2268 582 2311 faciunt?
605 2267 713 2320 Quia
731 2268 820 2327 jam
843 2276 962 2311 ortus
985 2276 1049 2312 est
1070 2266 1159 2322 sol,
1193 2276 1236 2310 et
1257 2265 1458 2326 splendet
1478 2267 1523 2311 in
1546 2278 1639 2312 toto
1660 2268 1766 2313 orbe

387 2348 615 2381 terrarum.

444 2410 607 2451 XXIV.
632 2410 746 2464 Ergo
764 2406 861 2450 vide
888 2406 993 2466 quid
1012 2416 1217 2467 sequatur
1232 2442 1243 2462 ,
1268 2408 1368 2467 quia
1395 2427 1413 2449 «
1438 2410 1569 2452 Ortus
1591 2418 1654 2452 est
1675 2408 1764 2464 sol,

438 2511 444 2525 ¹
478 2505 554 2535 Luc.
581 2514 647 2534 xxn
663 2527 670 2540 ‚
707 2502 744 2535 31
762 2526 771 2543 ‚
799 2502 852 2534 32.
874 2519 914 2524 —-
933 2509 946 2524 ²
976 2503 1089 2534 Matth.
1114 2513 1210 2544 xxw,
1236 2501 1348 2544 70-74.
1370 2519 1411 2526 -
1433 2501 1444 2526 3
1463 2506 1557 2536 Joan.
1579 2514 1623 2545 x,
1652 2504 1702 2537 18.
1725 2521 1767 2527 -

390 2559 404 2588 4
421 2559 534 2602 Ephes.
557 2569 603 2597 11,
625 2567 656 2589 2.
