1848 3261
363 224 443 263 132
792 229 826 259 S.
861 231 1090 261 Ancvs‘nm
1122 233 1303 260 EPISCOPI

354 299 430 360 qui
453 297 696 358 potabunt?
722 297 874 342 Bestiae
895 297 1042 356 sylvae.
1068 297 1275 342 Videmus
1296 295 1474 358 quidem
1496 297 1580 341 hoc
1602 295 1734 340 etiam

352 370 399 413 in
421 369 500 413 ista
514 377 724 423 creatura,
742 368 895 412 bestias
911 367 1042 426 sylvae
1056 367 1205 411 bibere
1220 366 1275 411 de
1291 365 1485 412 fontibus
1501 375 1546 411 et
1565 365 1620 410 de
1635 365 1735 410 rivis

353 439 466 483 inter
488 447 655 482 montes
683 438 956 482 currentibus
984 456 992 482 ;
1013 436 1089 481 sed
1109 438 1200 497 jam
1233 437 1442 497 quoniam
1459 440 1549 481 Deo
1571 435 1736 495 placuit

352 508 505 554 talium
523 523 667 552 rerum
683 508 830 566 figuris
845 506 1108 552 abscondere
1125 507 1378 567 sapientiam
1392 522 1530 562 suam,
1545 521 1636 550 non
1657 521 1735 549 au-

351 579 465 624 ferre
487 580 687 625 studiosis
707 614 718 635 ,
743 578 820 623 sed
836 578 1037 624 claudere
1065 578 1384 638 negligentibus
1401 613 1412 634 ,
1437 579 1602 638 aperire
1634 576 1735 637 pul-

350 651 544 696 santibus
566 671 577 708 3
602 650 766 710 placuit
800 651 930 694 etiam
951 650 1032 709 ipsi
1063 650 1250 694 Domino
1272 652 1363 694 Deo
1394 657 1543 693 nostro
1574 647 1630 693 ad
1652 648 1734 692 hoc

351 723 514 767 hortari
535 737 610 767 vos
647 737 724 782 per
745 737 823 766 nos
840 756 852 776 ‚
884 730 934 765 ut
961 721 1008 764 in
1043 720 1108 765 his
1136 720 1339 764 omnibus
1358 755 1369 776 ‚
1393 736 1491 780 quae
1522 719 1644 765 velut
1675 717 1733 762 de

348 792 560 852 corporali
584 801 627 836 et
645 792 700 836 de
721 791 878 836 visibili
907 800 1104 836 creatura
1123 790 1332 835 dicuntur
1350 826 1361 847 ‚
1377 806 1623 852 quaeramus
1651 789 1734 835 ali-

347 862 456 923 quid
475 861 723 922 spiritaliter
745 861 1051 907 absconditum
1071 897 1082 918 ,
1116 878 1204 923 quo
1236 862 1413 907 invento
1448 862 1729 920 gaudeamus.

348 934 508 978 Bestias
530 934 684 991 sylvae‚
718 934 877 978 Gentes
913 931 1220 992 intelligimus3
1252 942 1294 977 et
1326 931 1474 977 multis
1505 934 1589 977 hoc
1628 930 1734 976 locis

348 1007 569 1067 Scriptura
593 1015 792 1052 testatur.
822 1007 904 1052 Sed
924 1016 1069 1050 tamen
1105 1007 1421 1052 evidentissima
1439 1007 1527 1051 duo
1548 1006 1733 1050 maxime

346 1087 583 1122 occurrunt
595 1077 874 1130 documenta,
887 1075 1060 1136 quodin
1072 1079 1284 1133 arcaNoe,
1296 1093 1382 1137 qua
1394 1092 1522 1121 nemo
1534 1085 1732 1121 nostrum

345 1146 519 1192 dubitat
541 1147 778 1192 Ecclesiam
797 1162 886 1190 esse
909 1146 1230 1206 praefiguratam
1250 1182 1260 1202 ,
1287 1162 1378 1192 non
1404 1146 1733 1191 includerentur

345 1217 492 1263 omnia
514 1233 670 1276 genera
693 1217 974 1262 animalium¹
994 1239 1004 1276 3
1029 1219 1110 1262 nisi
1126 1220 1172 1263 in
1188 1219 1261 1263 illa
1278 1220 1446 1263 unitate
1467 1219 1732 1279 compaginis

343 1303 494 1334 ornnes
522 1298 668 1347 gentes
689 1290 1036 1348 significarentur
1061 1309 1070 1335 :
1096 1290 1176 1333 nisi
1195 1288 1306 1334 forte
1321 1300 1527 1350 putamus
1550 1325 1561 1345 ‚
1586 1291 1619 1334 si
1634 1305 1731 1335 om-

343 1362 415 1406 nia
453 1360 555 1406 talia
588 1361 761 1420 penitus
798 1361 962 1405 diluvio
1004 1359 1276 1417 delerentur,
1316 1362 1567 1406 defuturam
1600 1360 1731 1406 fuisse

341 1435 431 1477 Deo
447 1440 702 1491 potestatem
714 1430 900 1490 jubendi
919 1440 968 1475 ut
980 1440 1094 1475 terra
1107 1447 1155 1476 ea
1174 1432 1449 1491 produceret,
1466 1432 1576 1476 sicut
1589 1432 1730 1491 primo

339 1503 473 1548 verbo
495 1503 586 1562 ejus
607 1501 870 1561 produxerat
896 1504 929 1546 ².
954 1504 1052 1547 Non
1087 1517 1189 1561 ergo
1210 1501 1392 1558 frustra,
1420 1519 1510 1548 non
1542 1512 1726 1558 temere,

338 1590 428 1620 non
451 1573 594 1634 aliqua
611 1573 853 1631 indigentia*
868 1573 946 1617 Dei
963 1573 1033 1617 vel
1060 1574 1204 1634 inopia
1241 1575 1464 1634 potestatis
1481 1576 1600 1634 jussa
1627 1583 1730 1620 sunt

340 1643 540 1689 animalia
561 1643 633 1687 illa
654 1644 698 1687 in
721 1659 818 1688 arca
841 1642 1021 1687 includi.
1048 1646 1157 1688 Nam
1175 1654 1456 1705 posteaquam
1474 1645 1593 1689 venit
1622 1654 1728 1689 tem-

338 1731 419 1776 pus
448 1716 567 1775 (jam
599 1714 714 1758 enim
736 1713 945 1758 debemus
972 1724 1014 1758 et
1043 1714 1226 1759 alterum
1250 1715 1620 1759 evidentissimum
1650 1715 1730 1759 ad-

332 1788 517 1847 jungere
540 1783 838 1830 testimonium
865 1788 902 1840 z)
924 1800 1024 1829 cum
1047 1800 1149 1844 ergo
1165 1786 1287 1829 venit
1314 1795 1484 1845 tempus
1503 1821 1513 1841 ‚
1544 1795 1596 1830 ut
1617 1785 1728 1830 illud

337 1855 458 1917 quod
479 1855 523 1900 in
546 1871 642 1900 arca
664 1863 755 1899 erat
775 1855 1100 1915 praefiguratum
1117 1890 1127 1910 ,
1147 1855 1297 1915 jamin
1318 1855 1511 1901 Ecclesia
1530 1855 1726 1915 comple-

337 1936 455 1971 retur
471 1960 482 1982 ,
508 1929 660 1970 Petrus
672 1924 892 1985 apostolus
908 1924 1114 1969 dubitans
1128 1924 1231 1969 dare
1255 1936 1574 1971 sacramentum
1597 1942 1725 1971 evan-

337 1998 523 2058 gelicum
537 1997 749 2042 Gentibus
783 1996 1116 2054 incircumcisis3
1153 1996 1242 2041 imo
1275 2012 1365 2042 non
1387 1997 1592 2042 dubitans
1610 2033 1620 2053 ‚
1647 1997 1724 2042 sed

335 2067 738 2128 omnino-dandum
767 2082 855 2111 esse
883 2082 973 2111 non
999 2076 1184 2127 putans,
1215 2067 1407 2128 quodam
1435 2068 1504 2112 die
1533 2069 1724 2113 esuriens

336 2154 437 2184 cum
464 2137 676 2199 prandere
697 2136 854 2193 vellet,
881 2136 1074 2182 ascendit
1099 2147 1148 2182 ut
1175 2147 1331 2182 oraret.
1360 2140 1453 2182 Hoc
1475 2139 1520 2182 in
1542 2139 1723 2183 Actibus

336 2208 644 2269 Apostolorum
675 2208 878 2253 omnibus
913 2208 1024 2252 bene
1057 2206 1301 2266 legentibus
1331 2217 1373 2252 et
1394 2208 1506 2253 bene
1538 2208 1722 2253 audien-

336 2279 453 2324 tibus
481 2288 636 2324 notum
666 2287 744 2322 est.
786 2277 868 2322 Illo
895 2278 1026 2336 igitur
1055 2286 1205 2322 orante
1234 2277 1347 2322 facta
1375 2287 1439 2322 est
1470 2277 1533 2322 illi
1565 2279 1722 2323 mentis

335 2349 535 2395 alienatio
550 2385 561 2405 ‚
587 2364 719 2411 quam
737 2349 875 2392 Graeci
897 2348 1060 2392 extasin
1082 2347 1234 2392 dicunt
1261 2368 1270 2393 :
1302 2349 1347 2392 id
1369 2358 1457 2404 est,
1490 2364 1636 2393 aversa
1658 2358 1722 2393 est

336 2436 457 2465 mens
484 2422 574 2482 ejus
595 2437 619 2464 a
640 2417 954 2465 consuetudine
989 2418 1203 2478 corporali
1236 2418 1290 2463 ad
1323 2419 1460 2463 visum
1485 2418 1720 2480 quemdam

336 2491 747 2552 contemplandum,
772 2489 955 2534 alienata
975 2506 998 2534 a
1027 2489 1327 2549 praesentibus.
1364 2492 1485 2534 Tunc
1516 2490 1625 2534 vidit
1647 2505 1719 2535 vas

392 2580 498 2610 ‘Gen
516 2588 573 2619 viv,
593 2576 758 2619 2714—-
782 2576 853 2607 ²1d.
875 2586 897 2615 ι,
917 2575 968 2616 [22.
