1848 3261
451 231 691 262 ENARRATm
723 234 768 260 IN
800 229 1002 259 PSALMUM
1033 232 1118 257 clx.
1375 221 1455 258 291

82 298 184 344 fidei
213 309 296 354 est,
321 299 467 344 videre
489 299 607 360 quod
629 297 916 352 credidimus,
943 304 1177 355 antequam
1197 295 1458 340 videremus.

84 370 204 414 Sicut
225 378 369 414 autem
393 370 610 429 Scriptura
629 376 851 429 personat,
881 388 901 407 u
926 368 1071 410 Justus
1093 380 1144 408 ex
1160 363 1246 407 fide
1268 365 1415 410 vivit1.
1440 384 1460 407 »

80 442 178 486 Non
201 457 303 500 ergo
316 450 426 485 esset
440 442 607 501 justitia
630 439 753 494 fidei,
780 438 860 482 nisi
876 446 986 481 esset
1002 435 1329 490 absconditum,
1345 435 1466 495 quod

82 511 366 571 praedicatum
390 512 688 566 crederemus,
715 519 758 554 et
786 508 1004 554 credendo
1027 508 1082 551 ad
1107 506 1347 551 videndum
1371 522 1469 563 persa

81 583 339 627 veniremus.
364 602 384 626 «
402 586 541 637 Quam
565 583 680 626 enim
697 581 834 625 multa
848 579 1084 624 multitudo
1101 579 1342 623 dulcedinis
1358 587 1464 634 tuae,

85 673 106 696 »
141 655 346 710 Domine,
372 671 505 716 quam
527 654 789 699 abscondisti
811 652 1065 697 timentibus
1086 652 1152 696 te!
1181 669 1201 693 »
1228 654 1345 710 Ergo
1369 650 1468 694 abs-

83 724 295 780 condisti,
323 735 366 769 et
389 727 715 770 remanserunt?
736 724 881 779 Absit,
911 742 932 765 «
956 722 1178 767 Perfecisti
1201 732 1348 766 autem
1367 736 1466 780 spe-

85 811 107 836 »
141 795 336 839 rantibus
348 795 392 839 in
403 799 479 839 te2.
489 794 715 840 »Mirabile
733 809 833 852 ergo
845 794 1097 851 mysterium
1107 793 1268 837 Christi
1282 792 1468 839 sedentis

82 863 138 908 ad
159 865 381 909 dexteram
404 865 479 909 Dei
497 900 507 919 ,
533 864 800 909 occultatum
822 873 886 908 est
906 872 956 907 ut
973 862 1245 919 crederetur,
1265 865 1465 910 subtrac-

81 944 176 979 tum
199 943 262 979 est
283 944 334 979 ut
355 944 613 994 speraretur.
645 953 663 975 «
687 937 771 994 Spe
795 934 910 993 enim
934 933 1039 978 salvi
1056 933 1158 978 faeti
1175 951 1324 979 sumus
1347 952 1466 995 :spes

85 1023 105 1047 »
141 1014 287 1049 autem
314 1022 414 1066 quae
443 1005 639 1060 videtur,
676 1021 766 1049 non
798 1014 861 1048 est
895 1020 989 1064 spes
1019 1024 1027 1048 :
1062 1005 1183 1065 quod
1211 1006 1327 1049 enim
1351 1007 1469 1050 videt

84 1093 105 1118 »
141 1076 262 1136 quis,
280 1076 387 1137 quid
409 1079 581 1136 sperat?
607 1095 626 1118 »
643 1075 839 1134 Apostoli
856 1076 989 1119 verba
1007 1085 1122 1120 sunt.
1144 1077 1467 1135 Recognoscitis

81 1146 283 1207 quidem,
317 1147 393 1191 sed
427 1157 604 1207 propter
640 1146 768 1191 rudes
807 1146 1082 1191 commendo.
1128 1145 1245 1200 Quid
1279 1163 1381 1206 ergo
1409 1148 1469 1192 ait

82 1217 342 1276 Apostolus?
367 1237 387 1259 «
411 1219 518 1277 Spe,
543 1217 709 1277 inquit,
735 1216 840 1260 salvi
863 1215 964 1260 facti
987 1232 1135 1260 sumus
1161 1236 1171 1261 :
1197 1233 1291 1276 spes
1320 1227 1464 1261 autem

84 1304 106 1329 »
140 1304 238 1347 quae
260 1287 454 1342 videtur,
481 1303 572 1331 non
588 1296 651 1331 est
668 1302 763 1346 spes
781 1307 789 1331 ε
811 1286 929 1346 quod
946 1288 1060 1330 enim
1074 1286 1194 1331 videt
1217 1288 1333 1347 quis,
1359 1288 1468 1348 quid

84 1376 106 1400 »
140 1359 308 1418 sperat?
344 1358 387 1402 Si
409 1367 556 1402 autem
589 1358 708 1417 quod
735 1373 823 1401 non
853 1357 1050 1400 videmus
1087 1373 1327 1417 speramUS,
1365 1375 1466 1403 cum

87 1449 106 1471 »
141 1429 349 1489 patientia
372 1430 684 1488 expectamusss.
705 1447 724 1470 »
746 1427 856 1481 Quia
870 1442 970 1484 ergo
993 1443 1091 1488 quae
1105 1428 1280 1472 videtur
1296 1445 1385 1474 non
1405 1439 1468 1474 est

82 1516 177 1561 spes
203 1520 212 1546 :
238 1520 258 1543 «
278 1501 556 1546 Abscondisti
574 1499 851 1544 dulcedinem
875 1499 1128 1542 timentibus
1149 1508 1207 1542 te.
1223 1500 1334 1552 Quia
1348 1500 1470 1560 quod

86 1590 106 1614 »
141 1588 231 1616 non
248 1571 465 1626 videmus,
490 1587 711 1631 speramus
723 1606 733 1626 ,
750 1580 792 1615 et
804 1586 879 1630 per
892 1570 1143 1630 patientiam
1161 1580 1435 1629 expectamus
1457 1590 1466 1616 ;

84 1661 105 1685 »
127 1641 348 1687 Perfecisti
365 1642 637 1702 sperantibus
653 1643 698 1685 in
716 1642 1020 1701 te.)›Denique,
1037 1641 1289 1693 charissimi,
1301 1642 1468 1687 intente

81 1713 260 1772 accipite
283 1712 405 1773 quod
426 1713 622 1757 dicturus
644 1728 740 1757 sum
766 1732 774 1757 :
800 1712 1015 1765 Quoniam
1033 1712 1200 1772 justitia
1236 1722 1383 1756 nostra
1415 1729 1466 1757 ex

80 1783 168 1827 fide
190 1792 254 1829 est
273 1818 284 1838 ,
319 1793 363 1827 et
383 1783 469 1827 fide
490 1783 761 1827 mundantur
782 1782 912 1826 corda
941 1792 1087 1826 nostra
1104 1818 1114 1837 ,
1145 1792 1195 1826 ut
1222 1782 1343 1843 quod
1372 1799 1465 1828 cre-

81 1851 296 1908 didimus,
327 1853 475 1897 videre
502 1853 729 1912 possimus.
757 1855 1000 1912 Utrumque
1027 1853 1145 1896 enim
1167 1854 1355 1913 positum
1375 1864 1460 1910 cst,

81 1932 124 1967 et
151 1930 179 1964 «‘
189 1923 308 1966 Beati
325 1922 648 1978 mundicordes,
671 1923 880 1982 quoniam
901 1923 982 1982 ipsi
998 1926 1139 1967 Deum
1159 1924 1418 1970 videbunt4:
1442 1944 1463 1967 »

81 2001 140 2048 et,
171 2012 191 2034 «
217 1992 324 2036 Fide
345 1994 563 2037 mundans
587 1994 718 2037 eorda
747 1995 938 2038 eorum5.
967 2013 988 2035 »
1014 1994 1124 2047 Quia
1151 2009 1251 2052 ergo
1280 1996 1373 2040 haec
1401 2005 1466 2040 est

77 2062 243 2123 justitia
265 2062 383 2118 fidei,
409 2063 585 2108 credere
606 2064 726 2124 quod
747 2080 836 2109 non
857 2064 998 2120 vides,
1017 2074 1059 2110 et
1076 2065 1169 2125 ipso
1189 2067 1343 2110 merito
1362 2067 1466 2112 fidei

81 2132 138 2177 ad
173 2133 382 2178 visionem
404 2150 482 2179 suo
503 2144 698 2194 tempore
734 2136 959 2194 pervenire
984 2154 993 2180 ε
1019 2136 1230 2180 Dominus
1254 2136 1299 2180 in
1319 2140 1466 2181 Evan—

83 2202 194 2261 gelio
216 2219 319 2248 cum
340 2205 612 2263 promitteret
636 2206 843 2264 Spiritum
861 2215 1074 2260 sanctum,
1097 2208 1180 2251 hoc
1212 2208 1292 2251 ait:
1320 2226 1339 2249 «
1366 2210 1462 2267 Ipse

85 2292 107 2316 »
142 2285 296 2334 arguet
314 2276 530 2320 mundum
559 2276 614 2321 de
632 2286 832 2337 peccato,
858 2286 901 2321 et
928 2276 982 2321 de
997 2278 1183 2338 justitia,
1209 2288 1251 2322 et
1273 2278 1327 2322 de
1340 2278 1461 2339 judi-

86 2364 108 2387 »
143 2346 210 2391 cio
226 2347 258 2390 ⁶.
282 2364 304 2388 »
323 2350 385 2391 De
398 2364 486 2408 quo
498 2351 702 2407 peccato?
716 2348 771 2392 de
792 2349 1149 2408 quajustitiane
1170 2366 1258 2411 quo
1271 2350 1464 2410 judicio?

85 2418 184 2476 Ipse
205 2416 402 2477 sequitur
436 2427 480 2463 et
500 2419 696 2478 exponit,
722 2419 989 2479 conjecturas
1009 2420 1240 2464 hominum
1271 2436 1361 2464 non
1383 2420 1463 2465 ad-

133 2516 143 2533 ¹
162 2512 255 2544 Rom.
281 2522 306 2552 1,
327 2522 378 2554 17·
393 2529 434 2536 —
450 2519 463 2536 2
483 2513 564 2545 Psal.
583 2524 659 2555 xxx,
674 2523 775 2547 20.-
796 2513 808 2538 3
827 2517 916 2548 Rom.
936 2526 1004 2557 vm,
1018 2514 1074 2557 24,
1094 2515 1149 2548 25.
1165 2532 1206 2538 —
1224 2513 1367 2549 4Matth.
1383 2515 1458 2557 v‚3.

87 2581 129 2590 —
147 2564 246 2600 ⁵Act.
266 2577 323 2610 xv,
342 2578 374 2610 9.
396 2585 436 2592 —-
454 2566 470 2592 6
487 2571 577 2602 Joan,
597 2580 666 2612 xvr,
687 2570 718 2602 8.

1190 2624 1253 2664 19.
