1848 3261
410 189 650 220 ENAnuArio
682 193 726 221 m
759 188 961 220 PsALMUM
994 192 1065 217 c11.
1382 176 1437 214 63

53 266 180 313 rent,
205 265 437 318 sequentes
464 257 596 303 verba
614 257 787 302 Domini
823 255 1005 300 dicentis
1028 274 1037 299 ;
1063 272 1083 296 «
1103 254 1185 307 Qui
1206 262 1322 298 amat
1343 252 1440 297 ani-

57 344 77 368 »
113 342 228 371 mam
245 343 390 383 suam,
414 326 567 388 perdet
589 344 682 372 eam
695 362 704 384 3
729 337 771 372 et
794 326 871 386 qui
892 325 1129 385 perdiderit
1151 338 1244 367 eam
1263 332 1441 383 propter

57 413 76 438 »
113 411 197 452 me,
219 397 264 440 in
286 397 418 442 vitam
443 406 650 442 aeternam
667 396 857 441 inveniet
879 410 973 438 eam
989 397 1049 437 1.»
1061 393 1308 439 Voluerunt
1325 393 1442 436 enim

53 467 292 512 retribuere
315 488 324 513 ε
350 468 456 528 qui?
478 477 521 512 et
544 468 682 528 quid?
709 477 752 511 et
780 467 880 511 eui?
915 466 1122 510 Homines
1151 464 1441 508 ministerium

53 553 180 582 suum
203 554 341 598 usque
363 538 418 583 ad
439 548 623 583 mortem
642 542 730 582 Deo
753 537 1062 581 retribuerunt.
1079 535 1213 588 Quid,
1230 533 1351 594 quod
1368 532 1441 576 ille

53 624 142 652 non
174 609 433 653 donaverit?
455 609 572 663 Quid
605 609 850 663 dederunt,
887 606 1009 667 quod
1043 622 1132 650 non
1166 605 1442 665 acceperint?

52 679 272 723 Retribuit
292 695 394 738 ergo
421 680 494 724 ine
519 695 643 734 vere,
669 680 746 740 qui
766 679 882 723 solus
911 677 1046 721 donat
1068 695 1076 720 :
1108 675 1185 720 sed
1208 691 1298 719 non
1315 674 1441 718 retri-

51 748 147 795 buit
169 749 350 808 peccatis
371 750 554 807 nostris,
579 766 682 794 nam
706 748 1013 793 retributiones
1036 747 1162 790 nobis
1184 745 1278 790 aliae
1301 745 1439 788 debe-

52 819 241 874 bantur,
274 829 316 863 et
350 819 443 863 31133
481 820 663 865 redditae
690 829 806 864 sunt.
836 818 1001 873 «Noli,
1032 818 1201 878 inquit,
1240 815 1437 861 oblivisci

54 907 75 932 »
110 905 259 934 omnes
280 891 583 935 retributiones
604 893 693 951 ejus
715 911 724 936 :
746 909 765 932 »
792 906 882 935 non
904 889 1179 943 tributiones,
1204 887 1301 942 sed,
1327 889 1439 931 «Re-

55 978 75 1001 »
110 960 381 1004 tributiones.
411 979 431 1001 »
456 960 589 1005 Aliud
622 962 734 1005 enim
767 960 1033 1014 debebatur,
1066 968 1109 1002 et
1133 956 1354 1002 redditum
1376 965 1438 1000 est

52 1029 172 1089 quod
209 1045 299 1074 non
337 1029 596 1075 debebatur.
632 1030 755 1074 Unde
790 1039 834 1074 et
861 1029 934 1073 ille
967 1048 975 1074 :
1011 1049 1031 1071 «
1061 1027 1178 1082 Quid
1205 1026 1439 1070 retribuam

55 1118 75 1141 »
112 1100 321 1154 Domino,
348 1116 426 1159 pro
457 1101 686 1155 omnibus,
722 1100 888 1160 inquit,
921 1115 1021 1159 quae
1053 1097 1255 1142 retribuit
1276 1097 1440 1140 mihi2?

54 1188 75 1211 »
109 1172 206 1215 Non
223 1171 298 1225 ait,
316 1175 421 1223 Quae
442 1171 596 1215 tribuit
619 1170 724 1214 mihi
746 1191 756 1227 3
782 1168 873 1223 sed,
892 1188 911 1210 «
927 1172 1035 1222 Quae
1058 1167 1261 1211 retribuit
1278 1166 1399 1210 mihi.
1415 1183 1436 1207 »

52 1241 306 1285 Retribuisti
323 1250 372 1284 tu
392 1241 502 1284 mala
519 1257 598 1300 pro
612 1241 760 1297 honis3
782 1240 984 1283 retribuit
1001 1239 1092 1298 ipse
1110 1238 1226 1282 bona
1243 1252 1322 1296 pro
1345 1251 1441 1280 ma-

50 1309 116 1355 lis.
130 1311 358 1364 Quomodo
379 1312 615 1355 retribuisti
638 1320 702 1366 tu,
718 1327 743 1355 o
765 1311 922 1364 homo,
947 1313 1036 1354 Deo
1059 1308 1171 1352 mala
1193 1322 1272 1366 pro
1290 1307 1440 1351 bonis?

52 1382 132 1433 Qui
155 1382 272 1439 prius
288 1382 406 1426 fuisti
429 1382 724 1441 blasphemus,
751 1390 793 1424 et
810 1388 1079 1439 persecutor,
1096 1386 1138 1421 et
1159 1377 1390 1437 injuriosus
1405 1378 1438 1432 3,

50 1451 287 1495 retribuisti
310 1453 614 1511 blasphemias.
643 1456 726 1496 Pro
764 1450 925 1510 quibus
958 1449 1120 1493 bonis?
1143 1448 1312 1501 Primo,
1338 1446 1443 1506 quia

51 1535 94 1565 es
112 1539 120 1564 ε
142 1520 218 1564 sed
234 1531 297 1565 est
312 1531 355 1566 et
375 1522 497 1581 lapis.
523 1521 703 1576 Deinde,
725 1521 827 1580 quia
845 1520 951 1564 vivis
969 1538 977 1563 ε
1003 1519 1078 1564 sed
1101 1518 1207 1563 vivit
1229 1526 1272 1561 et
1289 1532 1436 1577 pecus.

50 1591 161 1644 Quid
186 1593 397 1637 retribues
420 1593 604 1637 Domino
620 1628 630 1647 ,
656 1607 734 1651 pro
759 1607 810 1636 eo
832 1591 953 1650 quod
975 1606 1105 1649 super
1123 1589 1267 1634 omnia
1285 1603 1443 1648 pecora

50 1671 93 1705 et
115 1678 244 1722 super
267 1664 411 1707 omnia
434 1663 627 1707 volatilia
649 1663 752 1707 fecit
776 1671 818 1706 te
841 1661 897 1705 ad
916 1661 1151 1720 imaginem
1179 1669 1222 1703 et
1239 1659 1441 1703 similitu-

49 1730 197 1776 dinem
220 1734 402 1776 suam4?
428 1734 526 1779 Noli
548 1749 745 1794 quaerere
767 1731 875 1792 quid
910 1731 949 1775 ei
972 1731 1185 1775 retribuas
1209 1749 1218 1774 ;
1239 1729 1442 1774 similitu-

49 1803 196 1846 dinem
218 1804 350 1863 ipsius
387 1805 578 1848 retribue
605 1803 669 1847 illi
695 1839 706 1858 ,
738 1819 826 1848 non
856 1802 956 1861 plus
984 1802 1172 1861 quaerit3
1209 1814 1443 1843 nummum

49 1890 174 1918 suum
197 1875 328 1933 exigit
345 1877 374 1917 ⁵.
399 1878 464 1918 Tu
486 1884 629 1919 autem
658 1890 737 1934 pro
765 1874 908 1932 gratiis
932 1873 1108 1932 agendis
1124 1907 1135 1927 ,
1166 1887 1246 1930 pro
1264 1870 1443 1914 humili-

49 1951 137 1987 tate
153 1979 163 1998 ,
194 1959 274 2003 pro
307 1944 538 2004 obsequio,
570 1960 649 2002 pro
678 1944 800 1988 cultu
823 1943 1048 2000 religioso,
1074 1942 1120 1985 id
1147 1951 1210 1985 est
1232 1976 1243 1994 ,
1274 1956 1354 2000 pro
1376 1939 1442 1984 his

48 2013 253 2057 omnibus
286 2013 437 2068 bonis,
473 2029 571 2072 quae
603 2012 794 2056 debebas
825 2016 914 2056 Deo
941 2023 1046 2066 tuo,
1081 2027 1160 2070 pro
1193 2011 1320 2054 bonis
1341 2025 1442 2070 quae

50 2084 275 2143 accepisti,
307 2100 407 2143 quae
437 2084 552 2138 dixi,
589 2083 827 2127 retribuisti
857 2082 1162 2142 blasphemias.
1194 2081 1311 2134 Quid
1339 2096 1442 2138 ergo

49 2151 152 2197 ifle?
180 2154 421 2208 Confitere,
446 2153 636 2211 ignosco.
666 2153 878 2196 Retribuo
902 2161 944 2196 et
967 2167 1069 2210 ego,
1103 2151 1179 2196 sed
1211 2167 1300 2195 non
1320 2149 1443 2210 quod

50 2231 99 2266 tu
120 2223 358 2267 retribuisti
380 2242 388 2267 :
415 2232 464 2267 tu
485 2223 719 2267 retribuisti
740 2222 853 2267 mala
876 2238 955 2282 pro
977 2222 1118 2278 bonis,
1141 2237 1222 2280 ego
1245 2221 1442 2265 retribuo

50 2292 167 2337 bona
190 2308 269 2352 pro
287 2293 425 2337 malis.

113 2365 189 2408 IV.
207 2364 362 2422 Cogita
382 2379 499 2423 ergo,
526 2364 684 2419 anima,
707 2379 856 2408 omnes
876 2363 1183 2408 retributiones
1202 2362 1299 2417 Dei,
1319 2360 1443 2420 cogi-

101 2466 109 2481 ¹
134 2462 226 2493 Joan.
250 2471 310 2502 xn,
331 2460 385 2493 25.
412 2477 453 2484 —
473 2468 488 2486 ¹
507 2462 585 2494 Psal.
603 2472 682 2503 cxv,
708 2470 758 2493 12.
779 2478 820 2484 —
836 2459 850 2484 3
873 2472 886 2493 1
914 2460 996 2493 Tirn.
1015 2471 1038 2502 1,
1066 2460 1117 2493 13.
1143 2458 1216 2487 -4
1242 2461 1321 2492 Gen.
1341 2469 1364 2500 1,
1383 2458 1443 2492 26.-

54 2529 94 2535 —
113 2513 127 2539 ⁵
145 2516 260 2550 matth.
279 2526 359 2558 xxu,
378 2525 433 2549 21.
