1848 3261
353 192 436 232 308
773 196 808 227 s.
842 196 1075 229 Auonsnm
1105 200 1290 229 Enseom

346 265 598 314 offensionis
614 300 625 321 ‚
650 274 693 309 et
713 265 810 310 ideo
832 268 1106 328 conquassati
1128 276 1230 311 sunt
1251 281 1392 326 reges,
1423 281 1523 312 cum
1545 266 1698 315 dicunt
1718 288 1728 314 :

345 338 451 392 Quis
479 345 542 381 est
577 335 808 381 Christus?
829 339 980 383 Nescio
1003 338 1099 398 quis
1122 336 1301 382 Judaeus
1316 372 1327 393 ‚
1352 338 1498 383 nescio
1521 339 1617 399 quis
1650 341 1733 383 Ga-

343 407 498 463 lilaeus,
518 407 578 451 sic
600 406 780 461 occisuS,
806 407 865 451 sic
882 417 1094 452 mortuus.
1114 408 1240 467 Lapis
1262 417 1326 452 est
1346 417 1446 452 ante
1462 409 1594 468 pedes
1615 417 1730 464 tuos,

343 479 468 540 quasi
504 477 646 523 viliter
674 486 718 521 et
744 476 967 522 humiliter
983 480 1129 539 jacens
1153 498 1161 523 :
1185 477 1284 523 ideo
1306 472 1627 524 contemnendo
1662 478 1733 524 of-

341 550 500 606 fendis,
518 547 784 593 offendendo
806 548 938 604 cadis,
957 550 1154 595 cadendo
1175 551 1402 610 quassaris.
1430 550 1473 595 si
1495 565 1595 608 ergo
1613 560 1734 595 tanta

343 631 408 667 est
442 622 503 665 ira
532 618 715 674 occulti,
755 618 877 679 quod
911 621 990 664 erit
1027 620 1244 681 judicium
1271 621 1519 666 manifesti?
1541 621 1734 666 Audistis

342 694 452 737 iram
474 690 635 736 occulti
655 724 666 745 ‚
698 689 753 734 de
774 706 861 749 qua
886 689 1080 735 Psalmus
1101 692 1352 736 inscribitur
1366 727 1377 748 ‚
1402 711 1422 735 «
1447 695 1530 736 Pro
1552 692 1733 737 occultis

342 784 364 807 »
400 763 492 808 filii.
521 781 542 805 »
575 765 725 808 Nonus
754 762 978 818 Psalmus‚
1013 763 1048 807 si
1082 763 1195 807 bene
1223 764 1427 820 memini,
1451 765 1728 822 inscribitur,

344 853 367 877 ι(
401 838 485 879 Pro
522 832 701 878 occultis
741 832 820 876 filii
845 851 854 878 :
883 851 903 875 »
933 843 976 878 et
998 833 1060 878 ibi
1082 835 1326 879 ostenditur
1341 835 1557 895 judicium
1586 835 1734 881 occul—

340 916 437 951 tum
459 906 533 949 irae
553 903 754 949 occultae.
780 906 895 949 Irato
917 911 1002 949 Deo
1024 906 1179 951 vivunt
1196 941 1207 962 ‚
1231 907 1307 967 qui
1328 906 1375 949 in
1395 906 1586 965 lapidem
1607 907 1733 954 illum

339 975 575 1022 offendunt
596 995 607 1032 3
630 985 991 1035 conquassantur.
1017 978 1074 1020 Et
1104 992 1193 1036 quo
1222 976 1338 1021 valet
1369 975 1490 1036 quod
1519 992 1735 1037 conquas-

338 1057 490 1092 santur
505 1044 663 1089 ?-Audi
685 1043 739 1087 de
755 1045 922 1103 judicio
945 1046 1095 1090 futuro
1118 1065 1128 1091 :
1156 1066 1177 1089 «
1202 1046 1311 1099 Quia
1335 1046 1411 1106 qui
1433 1045 1666 1091 offenderit
1687 1048 1734 1092 in

339 1137 363 1162 >›
398 1116 589 1176 lapidem
611 1114 736 1158 illurn
751 1149 762 1169 ,
783 1114 868 1170 ait,
905 1118 1267 1174 conquassabitur
1285 1138 1296 1173 3
1331 1132 1459 1175 super
1478 1132 1609 1177 quem
1630 1133 1733 1163 vero

342 1210 363 1233 »
396 1187 602 1232 ceciderit
618 1184 727 1245 lapis
750 1185 824 1229 ille
843 1221 853 1241 ‚
887 1195 1083 1230 conteret
1109 1188 1252 1229 euml.
1282 1204 1302 1226 »
1328 1188 1440 1231 Cum
1463 1203 1566 1246 ergo
1589 1189 1733 1232 offen-

339 1260 458 1304 ditur
479 1258 525 1301 in
547 1270 664 1310 eum,
689 1255 812 1314 quasi
833 1255 1009 1299 humilis
1025 1257 1140 1315 jacet
1155 1291 1165 1310 ,
1192 1265 1296 1300 tunc
1316 1267 1575 1316 conquassat
1597 1277 1605 1303 ;
1631 1274 1732 1302 cum

337 1339 485 1377 autem
515 1335 733 1381 conteret,
760 1325 945 1386 desuper
979 1327 1140 1371 veniet.
1169 1326 1324 1371 Videte
1358 1329 1731 1387 quemadmodum

333 1403 403 1448 his
421 1400 531 1445 binis
547 1397 706 1452 verbis,
728 1398 1036 1457 conquassabit
1052 1407 1096 1442 et
1112 1407 1308 1442 conteret
1328 1433 1339 1453 ‚
1361 1398 1546 1443 offendit
1567 1399 1611 1443 in
1629 1415 1731 1444 eum

336 1483 381 1518 et
410 1470 557 1517 veniet
585 1483 713 1528 super
741 1483 841 1511 eum
859 1502 870 1522 ‚
903 1468 1133 1512 distributa
1155 1477 1257 1512 sunt
1279 1467 1368 1513 duo
1391 1478 1587 1528 tempora
1607 1505 1618 1525 ‚
1643 1471 1731 1514 hu-

334 1543 530 1590 militatis
553 1550 596 1584 et
618 1539 823 1584 claritatis
845 1539 1026 1594 Christi,
1047 1538 1231 1584 occultae
1254 1555 1398 1599 poenae
1420 1549 1463 1584 et
1480 1540 1634 1601 judicii
1656 1541 1732 1585 fu-

334 1615 439 1661 turi.
466 1615 582 1657 Eum
604 1626 694 1654 non
724 1618 920 1654 conteret
944 1610 1121 1655 veniens
1141 1645 1152 1665 ‚
1188 1626 1320 1670 quem
1348 1627 1438 1655 non
1472 1621 1732 1672 conquassat

328 1689 491 1747 jacens.
534 1685 688 1727 Jacens
720 1680 846 1736 dico,
882 1690 1090 1741 tanquam
1123 1682 1463 1740 contemptibilis
1498 1698 1726 1742 apparens.

332 1760 445 1805 Nam
468 1753 542 1798 ille
578 1768 602 1797 a
634 1751 793 1796 dextris
829 1752 903 1795 Dei
931 1762 1022 1807 est,
1049 1761 1091 1796 et
1126 1752 1267 1796 valide
1303 1768 1352 1795 ex
1375 1752 1462 1796 alto
1495 1752 1726 1800 clamavit:

338 1848 358 1870 «
381 1824 527 1879 Saule,
548 1821 691 1877 Saule,
712 1820 820 1881 quid
838 1836 907 1865 me
924 1822 1192 1882 persequeris
1207 1824 1282 1865 ΙὶΡ»
1303 1821 1389 1866 Sed
1410 1831 1557 1867 tamen
1574 1839 1730 1883 quam-

334 1899 399 1943 vis
418 1898 473 1941 de
497 1893 631 1947 coelo,
652 1908 742 1936 non
764 1891 926 1936 diceret
948 1910 957 1936 ι
979 1910 999 1934 «
1018 1892 1131 1945 Quid
1148 1907 1217 1936 me
1238 1893 1528 1952 persequeris,
1558 1912 1577 1935 »
1597 1910 1729 1954 quem

333 1983 465 2014 nemo
488 1963 716 2022 tangebat,
739 1962 819 2006 nisi
847 1962 903 2005 ita
924 1962 970 2005 in
992 1961 1104 2006 coelo
1131 1962 1185 2006 ad
1207 1961 1427 2007 dexteram
1451 1965 1586 2007 Patris
1609 1964 1730 2008 sede-

333 2048 429 2093 ret,
461 2045 511 2080 ut
538 2044 580 2079 et
616 2034 662 2077 in
693 2042 806 2077 terra
837 2032 883 2076 in
903 2033 1029 2077 nobis
1057 2034 1180 2093 quasi
1207 2034 1386 2093 jaceret.
1416 2052 1435 2075 «
1463 2035 1673 2079 Dominus
1705 2051 1730 2080 a

338 2128 360 2152 ›>
397 2106 557 2153 dextris
574 2105 658 2150 tuis
674 2139 685 2160 ‚
711 2104 1013 2164 conquassavit
1031 2105 1075 2147 iu
1098 2105 1168 2147 die
1190 2104 1264 2146 irae
1285 2119 1374 2147 suae
1396 2118 1531 2161 reges.
1560 2122 1580 2146 »

395 2180 521 2224 XIX.
550 2195 571 2219 «
597 2174 819 2220 Judicabit
845 2175 891 2218 in
915 2174 1130 2232 gentibus.
1171 2192 1190 2214 »
1220 2173 1304 2218 Sed
1329 2189 1473 2229 nunc,
1505 2194 1524 2216 «
1550 2178 1633 2221 Pro
1656 2191 1729 2221 oc-

342 2271 362 2294 »
398 2247 528 2293 cultis
543 2248 557 2273 ‘⁰'
580 2266 589 2291 :
613 2264 633 2287 »
660 2245 741 2289 erit
763 2245 877 2288 enim
895 2253 938 2288 et
953 2243 1167 2303 judicium
1186 2243 1481 2289 manifestum.
1514 2264 1534 2287 «
1556 2246 1729 2291 Judica-

341 2339 364 2364 >›
398 2320 464 2364 bit
483 2319 529 2363 in
551 2316 766 2377 gentibus,
794 2333 814 2356 n
835 2314 969 2360 Modo
989 2315 1105 2359 enim
1128 2316 1202 2370 fit,
1227 2334 1246 2357 ι(
1272 2316 1403 2359 Periit
1425 2317 1632 2361 memoria
1654 2333 1729 2362 eo-

342 2410 365 2433 »
401 2405 499 2435 rum
521 2404 622 2434 cum
644 2387 860 2446 strepitu⁴.
877 2403 897 2427 »
915 2389 967 2430 In
987 2387 1080 2446 ipso
1099 2384 1267 2430 Psalmo
1289 2396 1374 2442 est,
1391 2390 1505 2431 «Pro
1523 2387 1723 2434 occultis:

346 2482 365 2505 »
402 2461 534 2504 Periit
568 2458 775 2502 memoria
805 2473 956 2501 eorum
990 2473 1088 2502 cum
1126 2457 1306 2516 strepitu
1326 2493 1337 2512 ,
1375 2467 1417 2501 et
1451 2459 1659 2504 Dominus
1680 2460 1726 2504 in

395 2551 404 2567 ⁷
423 2547 499 2578 Luc.
520 2544 643 2587 xx718.
664 2560 704 2567 —
721 2542 974 2584 ²;xct.1x,‘;.-—-
993 2541 1006 2566 3
1021 2543 1082 2575 Tit.
1100 2542 1183 2574 psal.
1200 2553 1257 2574 eix.
1284 2559 1317 2565 -
1337 2540 1453 2575 41bid.
1470 2543 1505 2581 6,
1520 2553 1552 2585 7.
