1848 3261
375 240 457 279 152
819 249 853 280 s.
888 250 1119 280 Aucus-mm
1149 252 1329 280 EPISCOPI

372 326 437 362 est
453 315 609 362 cordis.
635 318 735 361 Jam
754 317 870 361 enim
890 315 1055 362 dixerat
1076 315 1131 362 de
1152 332 1264 377 pane
1286 318 1500 378 superius:
1523 337 1543 362 «
1565 321 1623 364 Ut
1645 319 1754 365 edu-

374 407 396 431 »
431 395 500 432 cat
531 402 686 446 panem
715 387 769 431 de
791 396 903 432 terra
920 422 931 443 ‚
960 405 981 429 »
1006 388 1082 432 sed
1099 403 1189 432 non
1210 387 1374 433 dixerat
1396 387 1534 450 qualis
1556 390 1678 448 panis
1699 391 1755 436 sit

371 460 460 506 ille.
489 478 510 502 «
531 461 588 504 Et
606 459 758 503 vinum
779 458 971 504 laetifieat
992 475 1068 504 cor
1093 459 1293 504 hominis.
1323 477 1344 501 »
1371 461 1555 505 Videtur
1570 462 1662 522 jam
1683 460 1753 506 di-

370 546 468 578 cere
488 530 543 575 de
577 529 756 591 spiritali
777 530 879 574 vino
899 551 909 586 3
936 546 1035 575 nam
1058 531 1103 575 id
1125 530 1318 575 laetificat
1344 547 1418 576 cor
1438 532 1640 577 hominis.
1669 533 1754 578 Sed

371 604 514 649 adhuc
534 611 714 662 putetur
731 601 784 645 de
804 601 907 645 vino
922 602 1003 645 isto
1020 600 1121 657 dici,
1139 603 1241 663 quia
1258 602 1364 646 ebrii
1381 603 1504 663 quasi
1517 602 1606 647 laeti
1622 603 1753 649 corde

366 674 573 720 videntur
603 688 822 733 apparere.
863 672 1036 736 [ltinam
1065 673 1295 729 laetentur,
1339 683 1382 718 et
1413 689 1503 718 non
1538 675 1748 720 rixentur.

368 746 482 791 Dicis
504 745 610 790 mihi
630 763 638 788 :
665 743 782 797 Quid
803 743 944 787 laetius
975 744 1126 789 ebrio?
1150 747 1244 789 Imo
1265 743 1372 805 quid
1389 745 1580 790 insanius
1602 746 1753 792 ebrio?

367 815 476 878 quid
498 814 758 876 plerumque
784 814 1066 858 iracundius?
1095 817 1172 859 Est
1201 830 1301 873 ergo
1324 815 1475 860 vinum
1501 816 1622 876 quod
1653 833 1753 862 vere

367 887 560 932 laetificat
579 901 676 941 cor,
705 894 748 929 et
770 901 859 929 non
887 885 1009 930 novit
1037 884 1156 929 aliud
1177 885 1259 929 nisi
1295 885 1514 930 laetificare
1547 902 1635 932 cor.
1669 888 1754 933 Sed

366 974 423 1004 ne
443 967 570 1019 putes
596 957 680 1002 hoc
702 955 879 1017 quidem
902 955 957 1001 de
978 955 1156 1016 spiritali
1181 956 1284 1001 vino
1316 956 1476 1001 debere
1507 958 1641 1017 accipi
1661 993 1672 1014 ‚
1698 958 1753 1004 de

365 1029 442 1074 illo
463 1044 574 1090 pane
598 1037 743 1072 autem
765 1042 855 1071 non
874 1048 885 1084 3
910 1025 1030 1088 quod
1053 1036 1097 1071 et
1116 1027 1206 1086 ipse
1227 1026 1427 1086 spiritalis
1450 1027 1503 1071 sit
1519 1062 1529 1082 ‚
1556 1029 1754 1088 exposuit

367 1111 412 1146 et
431 1100 574 1161 ipsum
597 1118 606 1144 :
636 1118 656 1141 «
679 1101 737 1143 Et
770 1098 889 1158 panis
907 1133 917 1152 ,
953 1097 1121 1158 inquit,
1147 1112 1221 1142 cor
1246 1097 1432 1141 hominis
1455 1099 1697 1143 confirmat.
1728 1118 1748 1141 »

365 1174 483 1230 Ergo
506 1170 566 1214 sic
583 1169 729 1228 accipe
751 1167 806 1212 de
823 1183 956 1228 pane,
978 1169 1200 1228 quomodo
1222 1168 1377 1228 accipis
1401 1168 1455 1212 de
1476 1169 1578 1213 vino
1606 1189 1614 1214 :
1634 1169 1753 1214 intus

366 1241 502 1295 esuri,
528 1241 646 1284 intus
669 1239 755 1283 siti.
787 1257 807 1280 «
832 1238 951 1282 Beati
973 1239 1089 1282 enim
1113 1239 1189 1298 qui
1211 1238 1407 1282 esuriunt
1426 1248 1469 1283 et
1491 1239 1642 1283 sitiunt
1658 1242 1753 1300 jus-

369 1330 391 1354 »
426 1312 564 1356 titiam
585 1345 595 1365 ,
616 1309 718 1370 quia
735 1309 814 1368 ipsi
832 1308 1183 1352 saturabuntur1.
1207 1328 1227 1350 »
1249 1308 1375 1353 Panis
1396 1308 1468 1352 ille
1485 1310 1651 1369 justitia
1670 1320 1748 1366 est,

366 1383 519 1429 vinum
536 1379 648 1426 illud
665 1379 832 1440 justitia
851 1387 914 1422 est
936 1398 945 1423 ε
966 1379 1120 1423 veritas
1139 1387 1227 1434 est,
1251 1379 1407 1423 veritas
1426 1380 1622 1424 Christus
1640 1389 1702 1424 est
1715 1384 1748 1424 ².

369 1473 390 1497 «
425 1456 519 1512 Ego
541 1465 653 1506 sum,
678 1449 840 1509 inquit,
866 1448 989 1508 panis
1005 1449 1143 1503 vivus,
1169 1450 1244 1508 qui
1267 1448 1321 1493 de
1339 1448 1453 1494 coelo
1470 1449 1747 1494 descendi³.»

365 1526 446 1579 Et,
474 1542 495 1565 (ι
519 1524 613 1581 Ego
635 1536 731 1565 sum
759 1519 855 1564 vitis
872 1554 883 1575 ‚
908 1534 984 1564 vos
1005 1519 1263 1563 sa1¹1nenta⁴.
1290 1522 1347 1564 Et
1368 1520 1490 1580 panis
1511 1535 1585 1565 cor
1604 1521 1751 1565 homi-

368 1613 390 1637 »
425 1595 490 1638 nis
510 1593 752 1638 confirmat.
777 1609 797 1631 »
854 1602 858 1605 ’

423 1666 521 1710 XV.
554 1683 575 1706 «
602 1662 883 1708 Satiabuntur
910 1659 1027 1719 ligna
1059 1662 1200 1720 campi
1232 1679 1241 1705 ε
1269 1678 1290 1702 »
1314 1659 1390 1706 sed
1424 1661 1478 1705 de
1504 1661 1584 1706 ista
1615 1662 1751 1722 gratia

365 1735 522 1780 educta
539 1733 594 1778 de
611 1743 738 1777 terra.
765 1751 784 1773 «
805 1732 940 1789 Ligna
962 1731 1125 1790 campi,
1152 1749 1172 1772 »
1193 1729 1342 1790 plebes
1364 1732 1643 1791 populorum.
1664 1736 1751 1778 «Et

368 1824 389 1848 »
424 1804 541 1850 cedri
564 1803 719 1848 Libani
742 1818 848 1862 quas
871 1801 1081 1861 plantavit
1100 1803 1131 1844 ⁵.
1157 1819 1178 1842 »
1199 1800 1328 1845 Cedri
1352 1802 1523 1856 Libani,
1548 1811 1749 1862 potentes

365 1878 411 1922 in
441 1874 601 1921 saeculo
622 1911 632 1929 ,
659 1884 701 1918 et
723 1874 802 1934 ipsi
825 1872 1114 1918 eatiabuntur.
1142 1873 1346 1917 Pervenit
1367 1873 1505 1933 panis,
1523 1883 1566 1918 et
1581 1874 1749 1931 vinum,

365 1956 409 1992 et
441 1947 587 1992 oleum
609 1945 769 1991 Christi
788 1943 843 1988 ad
863 1952 1080 1988 senatores
1095 1978 1105 1998 ‚
1127 1942 1182 1987 ad
1204 1942 1370 1987 nobiles
1385 1978 1396 1998 ,
1421 1944 1476 1987 ad
1498 1960 1619 2004 reges
1648 1965 1656 1990 ;
1682 1961 1752 1989 sa-

364 2018 469 2062 tiata
490 2026 593 2062 sunt
621 2015 737 2074 ligna
761 2015 917 2075 campi.
938 2014 1060 2058 Prius
1081 2012 1266 2057 humiles
1280 2013 1420 2058 satiati
1442 2024 1566 2070 sunt,
1592 2014 1752 2060 deinde

365 2088 494 2133 etiam
515 2086 632 2132 cedri
659 2086 834 2140 Libani,
853 2084 928 2129 sed
953 2103 973 2126 «
1001 2087 1116 2138 Quas
1148 2083 1358 2144 plantavit
1379 2102 1399 2125 »
1426 2085 1516 2144 ipse
1539 2104 1547 2130 :
1573 2086 1656 2144 piae
1679 2101 1752 2130 ce-

366 2159 433 2204 dri
453 2194 462 2214 ,
496 2157 684 2217 religiosi
706 2156 854 2201 fideles
875 2177 885 2213 3
910 2155 1016 2200 tales
1047 2155 1162 2200 enim
1181 2155 1405 2215 plantavit.
1435 2159 1545 2202 Nam
1566 2166 1609 2200 et
1630 2156 1752 2215 impii

366 2239 468 2275 sunt
499 2228 615 2273 cedri
639 2227 816 2281 Libani,
857 2226 1004 2279 «Quia
1037 2235 1232 2270 conteret
1253 2226 1462 2270 Dominus
1492 2225 1645 2270 cedros
1676 2227 1751 2270 Li-

367 2318 389 2342 »
424 2299 526 2343 bani
544 2301 605 2342 ⁶.»
626 2298 817 2342 Libanus
837 2297 952 2340 enim
969 2312 1092 2341 mons
1115 2305 1178 2341 est
1199 2316 1207 2341 :
1227 2296 1289 2340 ibi
1311 2296 1401 2340 istae
1424 2296 1598 2340 arbores
1622 2297 1752 2340 etiam

365 2369 608 2415 secundum
637 2367 826 2412 litteram
848 2368 1138 2412 annosissimae
1165 2376 1265 2412 sunt
1296 2376 1338 2410 et
1360 2366 1745 2410 excellentissimae.

365 2442 558 2486 Libanus
578 2449 720 2485 autem
743 2440 1066 2499 interpretatur,
1092 2439 1202 2483 sicut
1218 2438 1401 2497 legimus
1422 2438 1468 2481 in
1491 2437 1548 2482 eis
1571 2437 1648 2497 qui
1670 2437 1750 2481 ista

416 2542 426 2559 ¹
448 2535 561 2567 Matth.
587 2547 623 2574 v,
639 2535 671 2566 6.
706 2550 740 2557 --
759 2541 770 2557 ²
791 2536 882 2565 Joan.
918 2545 984 2576 xiv,
1004 2534 1036 2567 6.
1061 2532 1136 2558 ...3
1162 2534 1207 2567 Id.
1229 2544 1272 2575 vi,
1292 2533 1346 2574 41.
1382 2551 1422 2556 -
1440 2532 1519 2564 41d.
1547 2544 1590 2564 xv
1644 2532 1674 2564 5.
1708 2548 1749 2556 --

370 2589 385 2614 ⁵
401 2591 483 2626 psal.
498 2601 565 2633 cut,
585 2591 634 2624 16.
659 2607 698 2614 -
714 2588 728 2613 0
744 2589 790 2623 ld.
812 2601 923 2632 nrm,
943 2590 973 2623 5.
