<?xml version="1.0" encoding="UTF-8"?>
<!DOCTYPE html PUBLIC "-//W3C//DTD XHTML 1.0 Transitional//EN"
    "http://www.w3.org/TR/xhtml1/DTD/xhtml1-transitional.dtd">
<html xmlns="http://www.w3.org/1999/xhtml" xml:lang="en" lang="en">
 <head>
  <title>
</title>
<meta http-equiv="Content-Type" content="text/html;charset=utf-8" />
  <meta name='ocr-system' content='tesseract 3.04.00' />
  <meta name='ocr-capabilities' content='ocr_page ocr_carea ocr_par ocr_line ocrx_word'/>
</head>
<body>
  <div class='ocr_page' id='page_1' title='image "./operaomniaaccura11auguuoft_0113.png"; bbox 0 0 1848 3261; ppageno 0'>
   <div class='ocr_carea' id='block_1_1' title="bbox 254 191 1423 241">
    <p class='ocr_par' dir='ltr' id='par_1_1' title="bbox 254 191 1423 241">
     <span class='ocr_line' id='line_1_1' title="bbox 254 191 1423 241; baseline 0 -10"><span class='ocrx_word' id='word_1_1' title='bbox 254 199 495 232; x_wconf 72' lang='lat' dir='ltr'><strong>ENARRATIO</strong></span> <span class='ocrx_word' id='word_1_2' title='bbox 526 204 541 229; x_wconf 95' lang='lat'>1</span> <span class='ocrx_word' id='word_1_3' title='bbox 573 203 619 231; x_wconf 80' lang='lat' dir='ltr'>m</span> <span class='ocrx_word' id='word_1_4' title='bbox 650 199 852 230; x_wconf 72' lang='lat' dir='ltr'>PsAmwM</span> <span class='ocrx_word' id='word_1_5' title='bbox 881 203 984 241; x_wconf 75' lang='lat'>(2111,</span> <span class='ocrx_word' id='word_1_6' title='bbox 1017 201 1156 231; x_wconf 79' lang='lat' dir='ltr'>SERMO</span> <span class='ocrx_word' id='word_1_7' title='bbox 1188 205 1218 230; x_wconf 96' lang='lat'>1.</span> <span class='ocrx_word' id='word_1_8' title='bbox 1254 216 1259 221; x_wconf 90' lang='lat'><em>-</em></span> <span class='ocrx_word' id='word_1_9' title='bbox 1342 191 1423 231; x_wconf 88' lang='lat'>103</span> 
     </span>
    </p>
   </div>
   <div class='ocr_carea' id='block_1_2' title="bbox 14 264 1430 2442">
    <p class='ocr_par' dir='ltr' id='par_1_2' title="bbox 14 264 1430 2442">
     <span class='ocr_line' id='line_1_2' title="bbox 53 264 1429 327; baseline 0 -16"><span class='ocrx_word' id='word_1_10' title='bbox 53 266 211 312; x_wconf 84' lang='lat' dir='ltr'>tunicis</span> <span class='ocrx_word' id='word_1_11' title='bbox 235 266 423 327; x_wconf 80' lang='lat' dir='ltr'>pelliceis</span> <span class='ocrx_word' id='word_1_12' title='bbox 441 287 452 324; x_wconf 81' lang='lat'><em>3</em></span> <span class='ocrx_word' id='word_1_13' title='bbox 482 264 536 310; x_wconf 84' lang='lat' dir='ltr'>de</span> <span class='ocrx_word' id='word_1_14' title='bbox 563 265 749 326; x_wconf 73' lang='lat' dir='ltr'>pellibus</span> <span class='ocrx_word' id='word_1_15' title='bbox 770 265 886 310; x_wconf 89' lang='lat' dir='ltr'>enim</span> <span class='ocrx_word' id='word_1_16' title='bbox 907 266 1074 310; x_wconf 86' lang='lat' dir='ltr'>tunicas</span> <span class='ocrx_word' id='word_1_17' title='bbox 1096 266 1229 310; x_wconf 87' lang='lat' dir='ltr'>factas</span> <span class='ocrx_word' id='word_1_18' title='bbox 1250 281 1429 326; x_wconf 85' lang='lat' dir='ltr'>accepe-</span> 
     </span>
     <span class='ocr_line' id='line_1_3' title="bbox 47 336 1428 396; baseline 0.001 -15"><span class='ocrx_word' id='word_1_19' title='bbox 47 347 152 381; x_wconf 88' lang='lat' dir='ltr'>runt</span> <span class='ocrx_word' id='word_1_20' title='bbox 167 339 179 362; x_wconf 80' lang='lat'>¹</span> <span class='ocrx_word' id='word_1_21' title='bbox 205 357 214 382; x_wconf 90' lang='lat'>:</span> <span class='ocrx_word' id='word_1_22' title='bbox 240 336 372 396; x_wconf 89' lang='lat' dir='ltr'>pelles</span> <span class='ocrx_word' id='word_1_23' title='bbox 393 345 536 380; x_wconf 86' lang='lat' dir='ltr'>autem</span> <span class='ocrx_word' id='word_1_24' title='bbox 563 336 732 380; x_wconf 82' lang='lat' dir='ltr'><strong>detrahi</strong></span> <span class='ocrx_word' id='word_1_25' title='bbox 757 352 846 380; x_wconf 92' lang='lat' dir='ltr'>non</span> <span class='ocrx_word' id='word_1_26' title='bbox 867 336 1030 392; x_wconf 83' lang='lat' dir='ltr'>solent,</span> <span class='ocrx_word' id='word_1_27' title='bbox 1067 337 1148 381; x_wconf 89' lang='lat' dir='ltr'>nisi</span> <span class='ocrx_word' id='word_1_28' title='bbox 1171 337 1428 382; x_wconf 81' lang='lat' dir='ltr'>animalibus</span> 
     </span>
     <span class='ocr_line' id='line_1_4' title="bbox 47 405 1423 465; baseline 0.001 -14"><span class='ocrx_word' id='word_1_29' title='bbox 47 408 231 451; x_wconf 79' lang='lat' dir='ltr'>mortuis</span> <span class='ocrx_word' id='word_1_30' title='bbox 249 427 257 452; x_wconf 90' lang='lat'>:</span> <span class='ocrx_word' id='word_1_31' title='bbox 283 422 383 465; x_wconf 80' lang='lat' dir='ltr'>ergo</span> <span class='ocrx_word' id='word_1_32' title='bbox 403 406 578 465; x_wconf 86' lang='lat' dir='ltr'>pellium</span> <span class='ocrx_word' id='word_1_33' title='bbox 602 407 776 451; x_wconf 86' lang='lat' dir='ltr'>nomine</span> <span class='ocrx_word' id='word_1_34' title='bbox 793 405 1030 450; x_wconf 81' lang='lat' dir='ltr'>mortalitas</span> <span class='ocrx_word' id='word_1_35' title='bbox 1051 406 1123 450; x_wconf 83' lang='lat' dir='ltr'>illa</span> <span class='ocrx_word' id='word_1_36' title='bbox 1142 407 1323 464; x_wconf 80' lang='lat' dir='ltr'>figurata</span> <span class='ocrx_word' id='word_1_37' title='bbox 1346 418 1423 452; x_wconf 85' lang='lat' dir='ltr'>est.</span> 
     </span>
     <span class='ocr_line' id='line_1_5' title="bbox 49 477 1428 536; baseline 0.001 -16"><span class='ocrx_word' id='word_1_38' title='bbox 49 477 166 530; x_wconf 83' lang='lat' dir='ltr'>Quid</span> <span class='ocrx_word' id='word_1_39' title='bbox 201 493 303 536; x_wconf 83' lang='lat' dir='ltr'>ergo</span> <span class='ocrx_word' id='word_1_40' title='bbox 320 513 330 532; x_wconf 87' lang='lat'>,</span> <span class='ocrx_word' id='word_1_41' title='bbox 372 477 442 521; x_wconf 85' lang='lat' dir='ltr'>hic</span> <span class='ocrx_word' id='word_1_42' title='bbox 475 477 508 520; x_wconf 85' lang='lat' dir='ltr'>si</span> <span class='ocrx_word' id='word_1_43' title='bbox 550 477 695 520; x_wconf 83' lang='lat' dir='ltr'>divina</span> <span class='ocrx_word' id='word_1_44' title='bbox 741 478 958 536; x_wconf 85' lang='lat' dir='ltr'>Scriptura</span> <span class='ocrx_word' id='word_1_45' title='bbox 996 477 1261 535; x_wconf 76' lang='lat' dir='ltr'>significatur</span> <span class='ocrx_word' id='word_1_46' title='bbox 1305 477 1428 536; x_wconf 84' lang='lat' dir='ltr'>pellis</span> 
     </span>
     <span class='ocr_line' id='line_1_6' title="bbox 49 546 1426 607; baseline 0.001 -16"><span class='ocrx_word' id='word_1_47' title='bbox 49 547 224 592; x_wconf 85' lang='lat' dir='ltr'>nomine</span> <span class='ocrx_word' id='word_1_48' title='bbox 242 583 252 602; x_wconf 88' lang='lat'>‚</span> <span class='ocrx_word' id='word_1_49' title='bbox 289 547 510 607; x_wconf 86' lang='lat' dir='ltr'>quomodo</span> <span class='ocrx_word' id='word_1_50' title='bbox 533 550 645 591; x_wconf 88' lang='lat' dir='ltr'>Deus</span> <span class='ocrx_word' id='word_1_51' title='bbox 672 547 726 591; x_wconf 88' lang='lat' dir='ltr'>de</span> <span class='ocrx_word' id='word_1_52' title='bbox 747 546 860 607; x_wconf 88' lang='lat' dir='ltr'>pelle</span> <span class='ocrx_word' id='word_1_53' title='bbox 882 547 984 591; x_wconf 80' lang='lat' dir='ltr'>fecit</span> <span class='ocrx_word' id='word_1_54' title='bbox 1005 547 1167 591; x_wconf 86' lang='lat' dir='ltr'>coelum</span> <span class='ocrx_word' id='word_1_55' title='bbox 1185 583 1195 602; x_wconf 79' lang='grc'>,</span> <span class='ocrx_word' id='word_1_56' title='bbox 1225 557 1267 591; x_wconf 88' lang='lat' dir='ltr'>et</span> <span class='ocrx_word' id='word_1_57' title='bbox 1295 567 1313 589; x_wconf 89' lang='lat'>«</span> <span class='ocrx_word' id='word_1_58' title='bbox 1339 551 1426 592; x_wconf 82' lang='lat' dir='ltr'>Ex-</span> 
     </span>
     <span class='ocr_line' id='line_1_7' title="bbox 14 617 1429 679; baseline 0.002 -20"><span class='ocrx_word' id='word_1_59' title='bbox 14 665 19 670; x_wconf 34' lang='lat'>.</span> <span class='ocrx_word' id='word_1_60' title='bbox 50 636 70 659; x_wconf 72' lang='lat'>³)</span> <span class='ocrx_word' id='word_1_61' title='bbox 105 617 246 662; x_wconf 87' lang='lat' dir='ltr'>tendit</span> <span class='ocrx_word' id='word_1_62' title='bbox 281 618 444 662; x_wconf 88' lang='lat' dir='ltr'>coelum</span> <span class='ocrx_word' id='word_1_63' title='bbox 481 618 592 662; x_wconf 85' lang='lat' dir='ltr'>sicut</span> <span class='ocrx_word' id='word_1_64' title='bbox 630 618 814 677; x_wconf 87' lang='lat' dir='ltr'>pellem?</span> <span class='ocrx_word' id='word_1_65' title='bbox 848 636 867 659; x_wconf 86' lang='lat'>»</span> <span class='ocrx_word' id='word_1_66' title='bbox 905 618 1012 671; x_wconf 84' lang='lat' dir='ltr'>Quia</span> <span class='ocrx_word' id='word_1_67' title='bbox 1049 634 1126 678; x_wconf 89' lang='lat' dir='ltr'>per</span> <span class='ocrx_word' id='word_1_68' title='bbox 1165 634 1272 679; x_wconf 87' lang='lat' dir='ltr'>quos</span> <span class='ocrx_word' id='word_1_69' title='bbox 1304 618 1429 663; x_wconf 88' lang='lat' dir='ltr'>nobis</span> 
     </span>
     <span class='ocr_line' id='line_1_8' title="bbox 50 688 1427 750; baseline 0 -18"><span class='ocrx_word' id='word_1_70' title='bbox 50 689 270 748; x_wconf 79' lang='lat' dir='ltr'>Scriptura</span> <span class='ocrx_word' id='word_1_71' title='bbox 292 688 525 748; x_wconf 83' lang='lat' dir='ltr'>praedicata</span> <span class='ocrx_word' id='word_1_72' title='bbox 547 698 630 744; x_wconf 77' lang='lat' dir='ltr'>est,</span> <span class='ocrx_word' id='word_1_73' title='bbox 657 688 858 733; x_wconf 77' lang='lat' dir='ltr'>mortales</span> <span class='ocrx_word' id='word_1_74' title='bbox 881 689 1074 733; x_wconf 86' lang='lat' dir='ltr'>fuerunt.</span> <span class='ocrx_word' id='word_1_75' title='bbox 1111 689 1228 734; x_wconf 86' lang='lat' dir='ltr'>Illud</span> <span class='ocrx_word' id='word_1_76' title='bbox 1250 689 1427 750; x_wconf 85' lang='lat' dir='ltr'>quidem</span> 
     </span>
     <span class='ocr_line' id='line_1_9' title="bbox 46 759 1428 821; baseline 0.001 -19"><span class='ocrx_word' id='word_1_77' title='bbox 46 759 240 803; x_wconf 87' lang='lat' dir='ltr'>Verbum</span> <span class='ocrx_word' id='word_1_78' title='bbox 263 759 339 802; x_wconf 89' lang='lat' dir='ltr'>Dei</span> <span class='ocrx_word' id='word_1_79' title='bbox 362 774 529 818; x_wconf 88' lang='lat' dir='ltr'>semper</span> <span class='ocrx_word' id='word_1_80' title='bbox 549 759 665 803; x_wconf 89' lang='lat' dir='ltr'>idem</span> <span class='ocrx_word' id='word_1_81' title='bbox 679 795 690 814; x_wconf 87' lang='lat'>‚</span> <span class='ocrx_word' id='word_1_82' title='bbox 722 774 890 818; x_wconf 87' lang='lat' dir='ltr'>semper</span> <span class='ocrx_word' id='word_1_83' title='bbox 911 759 1265 804; x_wconf 79' lang='lat' dir='ltr'>incommutabile</span> <span class='ocrx_word' id='word_1_84' title='bbox 1298 769 1428 821; x_wconf 85' lang='lat' dir='ltr'>atque</span> 
     </span>
     <span class='ocr_line' id='line_1_10' title="bbox 48 828 1429 889; baseline 0.001 -17"><span class='ocrx_word' id='word_1_85' title='bbox 48 828 313 873; x_wconf 84' lang='lat' dir='ltr'>indeficiens.</span> <span class='ocrx_word' id='word_1_86' title='bbox 350 832 485 884; x_wconf 85' lang='lat' dir='ltr'>Ecce,</span> <span class='ocrx_word' id='word_1_87' title='bbox 514 849 534 871; x_wconf 87' lang='lat'>«</span> <span class='ocrx_word' id='word_1_88' title='bbox 560 833 612 873; x_wconf 92' lang='lat' dir='ltr'>In</span> <span class='ocrx_word' id='word_1_89' title='bbox 644 830 857 889; x_wconf 82' lang='lat' dir='ltr'>principio</span> <span class='ocrx_word' id='word_1_90' title='bbox 888 839 978 873; x_wconf 86' lang='lat' dir='ltr'>erat</span> <span class='ocrx_word' id='word_1_91' title='bbox 1009 831 1225 886; x_wconf 80' lang='lat' dir='ltr'>Verbum,</span> <span class='ocrx_word' id='word_1_92' title='bbox 1255 839 1298 875; x_wconf 85' lang='lat' dir='ltr'>et</span> <span class='ocrx_word' id='word_1_93' title='bbox 1320 833 1429 874; x_wconf 89' lang='lat' dir='ltr'>Ver-</span> 
     </span>
     <span class='ocr_line' id='line_1_11' title="bbox 50 899 1427 959; baseline 0.003 -19"><span class='ocrx_word' id='word_1_94' title='bbox 50 916 71 940; x_wconf 88' lang='lat'>»</span> <span class='ocrx_word' id='word_1_95' title='bbox 106 899 213 943; x_wconf 88' lang='lat' dir='ltr'>bum</span> <span class='ocrx_word' id='word_1_96' title='bbox 232 908 322 943; x_wconf 88' lang='lat' dir='ltr'>erat</span> <span class='ocrx_word' id='word_1_97' title='bbox 345 899 461 959; x_wconf 86' lang='lat' dir='ltr'>apud</span> <span class='ocrx_word' id='word_1_98' title='bbox 483 903 620 943; x_wconf 89' lang='lat' dir='ltr'>Deum</span> <span class='ocrx_word' id='word_1_99' title='bbox 634 927 650 954; x_wconf 15' lang='lat' dir='ltr'>‚e</span> <span class='ocrx_word' id='word_1_100' title='bbox 669 908 711 943; x_wconf 85' lang='lat' dir='ltr'>et</span> <span class='ocrx_word' id='word_1_101' title='bbox 733 904 844 944; x_wconf 89' lang='lat' dir='ltr'>Deus</span> <span class='ocrx_word' id='word_1_102' title='bbox 866 910 956 945; x_wconf 88' lang='lat' dir='ltr'>erat</span> <span class='ocrx_word' id='word_1_103' title='bbox 981 901 1176 945; x_wconf 83' lang='lat' dir='ltr'>Verbum</span> <span class='ocrx_word' id='word_1_104' title='bbox 1190 905 1221 945; x_wconf 76' lang='lat'>².</span> <span class='ocrx_word' id='word_1_105' title='bbox 1246 919 1266 942; x_wconf 88' lang='lat'>»</span> <span class='ocrx_word' id='word_1_106' title='bbox 1287 903 1427 947; x_wconf 90' lang='lat' dir='ltr'>Num-</span> 
     </span>
     <span class='ocr_line' id='line_1_12' title="bbox 46 969 1425 1031; baseline 0.001 -18"><span class='ocrx_word' id='word_1_107' title='bbox 46 969 154 1030; x_wconf 89' lang='lat' dir='ltr'>quid</span> <span class='ocrx_word' id='word_1_108' title='bbox 186 980 304 1025; x_wconf 83' lang='lat' dir='ltr'>erat,</span> <span class='ocrx_word' id='word_1_109' title='bbox 343 979 385 1014; x_wconf 90' lang='lat' dir='ltr'>et</span> <span class='ocrx_word' id='word_1_110' title='bbox 408 970 539 1015; x_wconf 92' lang='lat' dir='ltr'>modo</span> <span class='ocrx_word' id='word_1_111' title='bbox 567 986 657 1014; x_wconf 87' lang='lat' dir='ltr'>non</span> <span class='ocrx_word' id='word_1_112' title='bbox 678 973 770 1015; x_wconf 79' lang='lat' dir='ltr'>est?</span> <span class='ocrx_word' id='word_1_113' title='bbox 792 974 848 1015; x_wconf 88' lang='lat' dir='ltr'>Et</span> <span class='ocrx_word' id='word_1_114' title='bbox 876 981 961 1026; x_wconf 79' lang='lat' dir='ltr'>est,</span> <span class='ocrx_word' id='word_1_115' title='bbox 997 980 1039 1015; x_wconf 85' lang='lat' dir='ltr'>et</span> <span class='ocrx_word' id='word_1_116' title='bbox 1065 987 1233 1031; x_wconf 87' lang='lat' dir='ltr'>semper</span> <span class='ocrx_word' id='word_1_117' title='bbox 1261 972 1355 1016; x_wconf 89' lang='lat' dir='ltr'>erit.</span> <span class='ocrx_word' id='word_1_118' title='bbox 1385 972 1425 1017; x_wconf 91' lang='lat' dir='ltr'>Si</span> 
     </span>
     <span class='ocr_line' id='line_1_13' title="bbox 47 1040 1430 1109; baseline 0.001 -26"><span class='ocrx_word' id='word_1_119' title='bbox 47 1055 148 1098; x_wconf 82' lang='lat' dir='ltr'>ergo</span> <span class='ocrx_word' id='word_1_120' title='bbox 171 1049 234 1084; x_wconf 89' lang='lat' dir='ltr'>est</span> <span class='ocrx_word' id='word_1_121' title='bbox 255 1040 447 1109; x_wconf 67' lang='lat' dir='ltr'>Verbum</span> <span class='ocrx_word' id='word_1_122' title='bbox 471 1041 546 1084; x_wconf 87' lang='lat' dir='ltr'>Dei</span> <span class='ocrx_word' id='word_1_123' title='bbox 565 1043 678 1085; x_wconf 86' lang='lat' dir='ltr'>Deus</span> <span class='ocrx_word' id='word_1_124' title='bbox 699 1040 817 1100; x_wconf 84' lang='lat' dir='ltr'>apud</span> <span class='ocrx_word' id='word_1_125' title='bbox 834 1044 970 1085; x_wconf 80' lang='lat' dir='ltr'>Deum</span> <span class='ocrx_word' id='word_1_126' title='bbox 986 1076 996 1093; x_wconf 87' lang='lat'>‚</span> <span class='ocrx_word' id='word_1_127' title='bbox 1016 1041 1111 1100; x_wconf 80' lang='lat' dir='ltr'>lege</span> <span class='ocrx_word' id='word_1_128' title='bbox 1131 1043 1162 1085; x_wconf 91' lang='lat' dir='ltr'>si</span> <span class='ocrx_word' id='word_1_129' title='bbox 1187 1050 1322 1100; x_wconf 85' lang='lat' dir='ltr'>potes.</span> <span class='ocrx_word' id='word_1_130' title='bbox 1346 1041 1430 1086; x_wconf 85' lang='lat' dir='ltr'>Sed</span> 
     </span>
     <span class='ocr_line' id='line_1_14' title="bbox 46 1110 1430 1171; baseline 0.001 -17"><span class='ocrx_word' id='word_1_131' title='bbox 46 1110 152 1171; x_wconf 86' lang='lat' dir='ltr'>quid</span> <span class='ocrx_word' id='word_1_132' title='bbox 178 1110 283 1155; x_wconf 87' lang='lat' dir='ltr'>dicis</span> <span class='ocrx_word' id='word_1_133' title='bbox 299 1146 309 1165; x_wconf 85' lang='lat'><strong>‚</strong></span> <span class='ocrx_word' id='word_1_134' title='bbox 345 1112 447 1170; x_wconf 85' lang='lat' dir='ltr'>quia</span> <span class='ocrx_word' id='word_1_135' title='bbox 471 1127 640 1155; x_wconf 84' lang='lat' dir='ltr'>sursum</span> <span class='ocrx_word' id='word_1_136' title='bbox 670 1120 752 1164; x_wconf 78' lang='lat' dir='ltr'>est,</span> <span class='ocrx_word' id='word_1_137' title='bbox 786 1120 828 1154; x_wconf 91' lang='lat' dir='ltr'>et</span> <span class='ocrx_word' id='word_1_138' title='bbox 855 1111 952 1154; x_wconf 86' lang='lat' dir='ltr'>ideo</span> <span class='ocrx_word' id='word_1_139' title='bbox 983 1111 1126 1168; x_wconf 82' lang='lat' dir='ltr'>legere</span> <span class='ocrx_word' id='word_1_140' title='bbox 1161 1128 1249 1156; x_wconf 87' lang='lat' dir='ltr'>non</span> <span class='ocrx_word' id='word_1_141' title='bbox 1275 1114 1430 1171; x_wconf 81' lang='lat' dir='ltr'>potes?</span> 
     </span>
     <span class='ocr_line' id='line_1_15' title="bbox 47 1181 1430 1242; baseline 0.002 -19"><span class='ocrx_word' id='word_1_142' title='bbox 47 1181 222 1240; x_wconf 89' lang='lat' dir='ltr'>Ubique</span> <span class='ocrx_word' id='word_1_143' title='bbox 244 1190 308 1224; x_wconf 89' lang='lat' dir='ltr'>est</span> <span class='ocrx_word' id='word_1_144' title='bbox 329 1181 523 1223; x_wconf 87' lang='lat' dir='ltr'>Verbum</span> <span class='ocrx_word' id='word_1_145' title='bbox 547 1182 623 1224; x_wconf 84' lang='lat' dir='ltr'>Dei</span> <span class='ocrx_word' id='word_1_146' title='bbox 642 1196 650 1220; x_wconf 74' lang='grc' dir='ltr'>ε</span> <span class='ocrx_word' id='word_1_147' title='bbox 680 1181 898 1240; x_wconf 83' lang='lat' dir='ltr'>pertendit</span> <span class='ocrx_word' id='word_1_148' title='bbox 915 1198 936 1225; x_wconf 85' lang='lat' dir='ltr'>a</span> <span class='ocrx_word' id='word_1_149' title='bbox 963 1183 1049 1225; x_wconf 85' lang='lat' dir='ltr'>fine</span> <span class='ocrx_word' id='word_1_150' title='bbox 1072 1199 1208 1242; x_wconf 83' lang='lat' dir='ltr'>usque</span> <span class='ocrx_word' id='word_1_151' title='bbox 1226 1184 1281 1226; x_wconf 84' lang='lat' dir='ltr'>ad</span> <span class='ocrx_word' id='word_1_152' title='bbox 1299 1183 1430 1227; x_wconf 88' lang='lat' dir='ltr'>finem</span> 
     </span>
     <span class='ocr_line' id='line_1_16' title="bbox 46 1251 1430 1312; baseline 0.001 -16"><span class='ocrx_word' id='word_1_153' title='bbox 46 1251 231 1306; x_wconf 81' lang='lat' dir='ltr'>sortiter,</span> <span class='ocrx_word' id='word_1_154' title='bbox 253 1261 296 1295; x_wconf 92' lang='lat' dir='ltr'>et</span> <span class='ocrx_word' id='word_1_155' title='bbox 317 1252 491 1310; x_wconf 80' lang='lat' dir='ltr'>attingit</span> <span class='ocrx_word' id='word_1_156' title='bbox 513 1253 659 1295; x_wconf 82' lang='lat' dir='ltr'>omnia</span> <span class='ocrx_word' id='word_1_157' title='bbox 680 1262 856 1312; x_wconf 83' lang='lat' dir='ltr'>propter</span> <span class='ocrx_word' id='word_1_158' title='bbox 873 1269 993 1297; x_wconf 87' lang='lat' dir='ltr'>suam</span> <span class='ocrx_word' id='word_1_159' title='bbox 1009 1254 1310 1298; x_wconf 67' lang='lat' dir='ltr'>munditiamss.</span> <span class='ocrx_word' id='word_1_160' title='bbox 1337 1274 1356 1296; x_wconf 92' lang='lat'>«</span> <span class='ocrx_word' id='word_1_161' title='bbox 1378 1258 1430 1298; x_wconf 88' lang='lat' dir='ltr'>In</span> 
     </span>
     <span class='ocr_line' id='line_1_17' title="bbox 48 1321 1424 1383; baseline 0.002 -20"><span class='ocrx_word' id='word_1_162' title='bbox 48 1339 70 1363; x_wconf 90' lang='lat'>»</span> <span class='ocrx_word' id='word_1_163' title='bbox 104 1322 188 1366; x_wconf 87' lang='lat' dir='ltr'>hoc</span> <span class='ocrx_word' id='word_1_164' title='bbox 215 1321 382 1365; x_wconf 88' lang='lat' dir='ltr'>mundo</span> <span class='ocrx_word' id='word_1_165' title='bbox 404 1331 495 1364; x_wconf 84' lang='lat' dir='ltr'>erat</span> <span class='ocrx_word' id='word_1_166' title='bbox 510 1357 520 1376; x_wconf 76' lang='grc'>,</span> <span class='ocrx_word' id='word_1_167' title='bbox 546 1331 588 1365; x_wconf 89' lang='lat' dir='ltr'>et</span> <span class='ocrx_word' id='word_1_168' title='bbox 616 1322 806 1367; x_wconf 87' lang='lat' dir='ltr'>mundus</span> <span class='ocrx_word' id='word_1_169' title='bbox 828 1339 904 1383; x_wconf 86' lang='lat' dir='ltr'>per</span> <span class='ocrx_word' id='word_1_170' title='bbox 924 1325 1065 1383; x_wconf 89' lang='lat' dir='ltr'>ipsum</span> <span class='ocrx_word' id='word_1_171' title='bbox 1095 1323 1234 1369; x_wconf 83' lang='lat' dir='ltr'>factus</span> <span class='ocrx_word' id='word_1_172' title='bbox 1256 1326 1348 1368; x_wconf 80' lang='lat' dir='ltr'>est4</span> <span class='ocrx_word' id='word_1_173' title='bbox 1371 1345 1380 1370; x_wconf 88' lang='grc'>;</span> <span class='ocrx_word' id='word_1_174' title='bbox 1404 1344 1424 1366; x_wconf 90' lang='lat'>»</span> 
     </span>
     <span class='ocr_line' id='line_1_18' title="bbox 45 1392 1429 1455; baseline 0.001 -18"><span class='ocrx_word' id='word_1_175' title='bbox 45 1401 89 1437; x_wconf 86' lang='lat' dir='ltr'>et</span> <span class='ocrx_word' id='word_1_176' title='bbox 111 1407 212 1436; x_wconf 91' lang='lat' dir='ltr'>cum</span> <span class='ocrx_word' id='word_1_177' title='bbox 238 1392 384 1447; x_wconf 83' lang='lat' dir='ltr'>venit,</span> <span class='ocrx_word' id='word_1_178' title='bbox 410 1392 479 1436; x_wconf 90' lang='lat' dir='ltr'>hic</span> <span class='ocrx_word' id='word_1_179' title='bbox 508 1401 612 1436; x_wconf 87' lang='lat' dir='ltr'>erat.</span> <span class='ocrx_word' id='word_1_180' title='bbox 639 1393 770 1436; x_wconf 86' lang='lat' dir='ltr'>Venit</span> <span class='ocrx_word' id='word_1_181' title='bbox 797 1394 913 1437; x_wconf 87' lang='lat' dir='ltr'>enim</span> <span class='ocrx_word' id='word_1_182' title='bbox 938 1394 980 1437; x_wconf 89' lang='lat' dir='ltr'>in</span> <span class='ocrx_word' id='word_1_183' title='bbox 1007 1410 1136 1439; x_wconf 86' lang='lat' dir='ltr'>carne</span> <span class='ocrx_word' id='word_1_184' title='bbox 1154 1430 1165 1449; x_wconf 79' lang='lat'>‚</span> <span class='ocrx_word' id='word_1_185' title='bbox 1201 1411 1429 1455; x_wconf 86' lang='lat' dir='ltr'>nunquam</span> 
     </span>
     <span class='ocr_line' id='line_1_19' title="bbox 47 1463 1428 1524; baseline 0.001 -16"><span class='ocrx_word' id='word_1_186' title='bbox 47 1463 199 1508; x_wconf 86' lang='lat' dir='ltr'>absens</span> <span class='ocrx_word' id='word_1_187' title='bbox 221 1463 466 1507; x_wconf 84' lang='lat' dir='ltr'>Divinitate.</span> <span class='ocrx_word' id='word_1_188' title='bbox 493 1468 631 1516; x_wconf 74' lang='lat' dir='ltr'>Quare</span> <span class='ocrx_word' id='word_1_189' title='bbox 647 1478 747 1521; x_wconf 81' lang='lat' dir='ltr'>ergo</span> <span class='ocrx_word' id='word_1_190' title='bbox 768 1463 912 1522; x_wconf 83' lang='lat' dir='ltr'>legere</span> <span class='ocrx_word' id='word_1_191' title='bbox 934 1481 1022 1509; x_wconf 91' lang='lat' dir='ltr'>non</span> <span class='ocrx_word' id='word_1_192' title='bbox 1045 1468 1247 1524; x_wconf 77' lang='lat' dir='ltr'>poteras?</span> <span class='ocrx_word' id='word_1_193' title='bbox 1272 1486 1291 1508; x_wconf 87' lang='lat'>‹&lt;</span> <span class='ocrx_word' id='word_1_194' title='bbox 1319 1466 1428 1519; x_wconf 83' lang='lat' dir='ltr'>Quia</span> 
     </span>
     <span class='ocr_line' id='line_1_20' title="bbox 49 1533 1428 1596; baseline 0.004 -22"><span class='ocrx_word' id='word_1_195' title='bbox 49 1551 68 1574; x_wconf 71' lang='lat' dir='ltr'>n</span> <span class='ocrx_word' id='word_1_196' title='bbox 104 1533 150 1576; x_wconf 91' lang='lat' dir='ltr'>in</span> <span class='ocrx_word' id='word_1_197' title='bbox 175 1533 381 1592; x_wconf 81' lang='lat' dir='ltr'>sapientia</span> <span class='ocrx_word' id='word_1_198' title='bbox 415 1533 492 1576; x_wconf 84' lang='lat' dir='ltr'>Dei</span> <span class='ocrx_word' id='word_1_199' title='bbox 523 1549 612 1577; x_wconf 85' lang='lat' dir='ltr'>non</span> <span class='ocrx_word' id='word_1_200' title='bbox 635 1535 839 1592; x_wconf 82' lang='lat' dir='ltr'>cognovit</span> <span class='ocrx_word' id='word_1_201' title='bbox 863 1534 1053 1579; x_wconf 87' lang='lat' dir='ltr'>mundus</span> <span class='ocrx_word' id='word_1_202' title='bbox 1076 1551 1153 1595; x_wconf 89' lang='lat' dir='ltr'>per</span> <span class='ocrx_word' id='word_1_203' title='bbox 1174 1537 1428 1596; x_wconf 85' lang='lat' dir='ltr'>sapientiam</span> 
     </span>
     <span class='ocr_line' id='line_1_21' title="bbox 48 1603 1429 1664; baseline 0.006 -20"><span class='ocrx_word' id='word_1_204' title='bbox 48 1621 70 1645; x_wconf 85' lang='lat'>»</span> <span class='ocrx_word' id='word_1_205' title='bbox 104 1607 269 1659; x_wconf 78' lang='lat' dir='ltr'>Deum,</span> <span class='ocrx_word' id='word_1_206' title='bbox 297 1622 317 1644; x_wconf 89' lang='lat'>»</span> <span class='ocrx_word' id='word_1_207' title='bbox 345 1603 405 1647; x_wconf 85' lang='lat' dir='ltr'>ibi</span> <span class='ocrx_word' id='word_1_208' title='bbox 427 1604 688 1648; x_wconf 84' lang='lat' dir='ltr'>constitutus</span> <span class='ocrx_word' id='word_1_209' title='bbox 713 1605 757 1647; x_wconf 90' lang='lat' dir='ltr'>in</span> <span class='ocrx_word' id='word_1_210' title='bbox 780 1606 986 1664; x_wconf 87' lang='lat' dir='ltr'>sapientia</span> <span class='ocrx_word' id='word_1_211' title='bbox 1016 1607 1122 1664; x_wconf 72' lang='lat' dir='ltr'>Dei3</span> <span class='ocrx_word' id='word_1_212' title='bbox 1147 1608 1292 1652; x_wconf 85' lang='lat' dir='ltr'>omnia</span> <span class='ocrx_word' id='word_1_213' title='bbox 1313 1609 1429 1652; x_wconf 88' lang='lat' dir='ltr'>enim</span> 
     </span>
     <span class='ocr_line' id='line_1_22' title="bbox 45 1674 1428 1739; baseline 0.004 -22"><span class='ocrx_word' id='word_1_214' title='bbox 45 1674 129 1729; x_wconf 82' lang='lat' dir='ltr'>ibi,</span> <span class='ocrx_word' id='word_1_215' title='bbox 151 1683 193 1718; x_wconf 87' lang='lat' dir='ltr'>ct</span> <span class='ocrx_word' id='word_1_216' title='bbox 213 1674 304 1734; x_wconf 84' lang='lat' dir='ltr'>ipsa</span> <span class='ocrx_word' id='word_1_217' title='bbox 326 1675 544 1719; x_wconf 81' lang='lat' dir='ltr'>subtracta</span> <span class='ocrx_word' id='word_1_218' title='bbox 573 1675 693 1719; x_wconf 81' lang='lat' dir='ltr'>nulla</span> <span class='ocrx_word' id='word_1_219' title='bbox 715 1685 815 1720; x_wconf 84' lang='lat' dir='ltr'>sunt</span> <span class='ocrx_word' id='word_1_220' title='bbox 833 1697 843 1734; x_wconf 77' lang='lat'><em>3</em></span> <span class='ocrx_word' id='word_1_221' title='bbox 871 1676 930 1720; x_wconf 84' lang='lat' dir='ltr'>ibi</span> <span class='ocrx_word' id='word_1_222' title='bbox 953 1678 1213 1722; x_wconf 78' lang='lat' dir='ltr'>constitutus</span> <span class='ocrx_word' id='word_1_223' title='bbox 1235 1694 1324 1723; x_wconf 92' lang='lat' dir='ltr'>non</span> <span class='ocrx_word' id='word_1_224' title='bbox 1346 1695 1428 1739; x_wconf 91' lang='lat' dir='ltr'>po-</span> 
     </span>
     <span class='ocr_line' id='line_1_23' title="bbox 39 1746 1428 1806; baseline 0.004 -18"><span class='ocrx_word' id='word_1_225' title='bbox 39 1752 157 1790; x_wconf 85' lang='lat' dir='ltr'>teras</span> <span class='ocrx_word' id='word_1_226' title='bbox 171 1761 429 1804; x_wconf 83' lang='lat' dir='ltr'>cognoscere</span> <span class='ocrx_word' id='word_1_227' title='bbox 451 1761 527 1805; x_wconf 83' lang='lat' dir='ltr'>per</span> <span class='ocrx_word' id='word_1_228' title='bbox 543 1746 797 1805; x_wconf 80' lang='lat' dir='ltr'>sapientiam</span> <span class='ocrx_word' id='word_1_229' title='bbox 817 1750 956 1791; x_wconf 85' lang='lat' dir='ltr'>Deum</span> <span class='ocrx_word' id='word_1_230' title='bbox 981 1767 989 1792; x_wconf 92' lang='lat'>:</span> <span class='ocrx_word' id='word_1_231' title='bbox 1015 1764 1117 1806; x_wconf 84' lang='lat' dir='ltr'>ergo</span> <span class='ocrx_word' id='word_1_232' title='bbox 1139 1751 1428 1794; x_wconf 87' lang='lat' dir='ltr'>necessarium</span> 
     </span>
     <span class='ocr_line' id='line_1_24' title="bbox 46 1817 1428 1880; baseline 0.004 -20"><span class='ocrx_word' id='word_1_233' title='bbox 46 1826 137 1861; x_wconf 86' lang='lat' dir='ltr'>erat</span> <span class='ocrx_word' id='word_1_234' title='bbox 165 1817 284 1876; x_wconf 86' lang='lat' dir='ltr'>quod</span> <span class='ocrx_word' id='word_1_235' title='bbox 313 1817 535 1877; x_wconf 85' lang='lat' dir='ltr'>sequitur:</span> <span class='ocrx_word' id='word_1_236' title='bbox 566 1837 585 1859; x_wconf 93' lang='lat'>«</span> <span class='ocrx_word' id='word_1_237' title='bbox 611 1818 781 1862; x_wconf 78' lang='lat' dir='ltr'>Placuit</span> <span class='ocrx_word' id='word_1_238' title='bbox 805 1821 893 1862; x_wconf 90' lang='lat' dir='ltr'>Deo</span> <span class='ocrx_word' id='word_1_239' title='bbox 915 1834 992 1878; x_wconf 88' lang='lat' dir='ltr'>per</span> <span class='ocrx_word' id='word_1_240' title='bbox 1013 1819 1242 1864; x_wconf 86' lang='lat' dir='ltr'>stultitiam</span> <span class='ocrx_word' id='word_1_241' title='bbox 1268 1820 1428 1880; x_wconf 87' lang='lat' dir='ltr'>praedi-</span> 
     </span>
     <span class='ocr_line' id='line_1_25' title="bbox 49 1887 1428 1950; baseline 0.004 -20"><span class='ocrx_word' id='word_1_242' title='bbox 49 1905 69 1929; x_wconf 92' lang='lat'>»</span> <span class='ocrx_word' id='word_1_243' title='bbox 105 1887 283 1931; x_wconf 87' lang='lat' dir='ltr'>cationis</span> <span class='ocrx_word' id='word_1_244' title='bbox 311 1887 448 1932; x_wconf 85' lang='lat' dir='ltr'>salvos</span> <span class='ocrx_word' id='word_1_245' title='bbox 482 1887 623 1932; x_wconf 68' lang='lat' dir='ltr'>facere</span> <span class='ocrx_word' id='word_1_246' title='bbox 654 1888 923 1933; x_wconf 76' lang='lat' dir='ltr'>credentes5.</span> <span class='ocrx_word' id='word_1_247' title='bbox 958 1908 978 1931; x_wconf 89' lang='lat'>»</span> <span class='ocrx_word' id='word_1_248' title='bbox 1021 1890 1063 1935; x_wconf 91' lang='lat' dir='ltr'>Si</span> <span class='ocrx_word' id='word_1_249' title='bbox 1096 1906 1173 1950; x_wconf 89' lang='lat' dir='ltr'>per</span> <span class='ocrx_word' id='word_1_250' title='bbox 1201 1891 1428 1936; x_wconf 84' lang='lat' dir='ltr'>stultitiam</span> 
     </span>
     <span class='ocr_line' id='line_1_26' title="bbox 45 1957 1428 2020; baseline 0.004 -19"><span class='ocrx_word' id='word_1_251' title='bbox 45 1957 364 2017; x_wconf 82' lang='lat' dir='ltr'>praedicationis</span> <span class='ocrx_word' id='word_1_252' title='bbox 399 1958 504 2002; x_wconf 88' lang='lat' dir='ltr'>salvi</span> <span class='ocrx_word' id='word_1_253' title='bbox 537 1957 673 2003; x_wconf 85' lang='lat' dir='ltr'>futuri</span> <span class='ocrx_word' id='word_1_254' title='bbox 712 1972 835 2003; x_wconf 89' lang='lat' dir='ltr'>erant</span> <span class='ocrx_word' id='word_1_255' title='bbox 866 1960 1117 2016; x_wconf 80' lang='lat' dir='ltr'>credentes,</span> <span class='ocrx_word' id='word_1_256' title='bbox 1157 1962 1287 2020; x_wconf 81' lang='lat' dir='ltr'>elegit</span> <span class='ocrx_word' id='word_1_257' title='bbox 1319 1968 1428 2007; x_wconf 83' lang='lat' dir='ltr'>Deus</span> 
     </span>
     <span class='ocr_line' id='line_1_27' title="bbox 45 2027 1425 2091; baseline 0.005 -21"><span class='ocrx_word' id='word_1_258' title='bbox 45 2027 247 2088; x_wconf 85' lang='lat' dir='ltr'>quaedam</span> <span class='ocrx_word' id='word_1_259' title='bbox 268 2029 463 2072; x_wconf 72' lang='lat' dir='ltr'>mortalia</span> <span class='ocrx_word' id='word_1_260' title='bbox 482 2049 492 2085; x_wconf 75' lang='lat'>3</span> <span class='ocrx_word' id='word_1_261' title='bbox 516 2027 645 2087; x_wconf 77' lang='lat' dir='ltr'>elegit</span> <span class='ocrx_word' id='word_1_262' title='bbox 667 2030 862 2073; x_wconf 84' lang='lat' dir='ltr'>homines</span> <span class='ocrx_word' id='word_1_263' title='bbox 884 2030 1086 2074; x_wconf 84' lang='lat' dir='ltr'>mortales</span> <span class='ocrx_word' id='word_1_264' title='bbox 1108 2041 1150 2075; x_wconf 89' lang='lat' dir='ltr'>et</span> <span class='ocrx_word' id='word_1_265' title='bbox 1171 2032 1425 2091; x_wconf 79' lang='lat' dir='ltr'>moritur033</span> 
     </span>
     <span class='ocr_line' id='line_1_28' title="bbox 46 2096 1428 2160; baseline 0.004 -18"><span class='ocrx_word' id='word_1_266' title='bbox 46 2096 239 2142; x_wconf 88' lang='lat' dir='ltr'>adhibita</span> <span class='ocrx_word' id='word_1_267' title='bbox 257 2097 403 2156; x_wconf 76' lang='lat' dir='ltr'>lingua</span> <span class='ocrx_word' id='word_1_268' title='bbox 424 2098 595 2142; x_wconf 80' lang='lat' dir='ltr'>mortali</span> <span class='ocrx_word' id='word_1_269' title='bbox 618 2099 817 2144; x_wconf 69' lang='lat' dir='ltr'>exhibuit</span> <span class='ocrx_word' id='word_1_270' title='bbox 843 2116 968 2145; x_wconf 86' lang='lat' dir='ltr'>sonos</span> <span class='ocrx_word' id='word_1_271' title='bbox 990 2101 1215 2160; x_wconf 78' lang='lat' dir='ltr'>mortales3</span> <span class='ocrx_word' id='word_1_272' title='bbox 1236 2102 1428 2147; x_wconf 86' lang='lat' dir='ltr'>adhibita</span> 
     </span>
     <span class='ocr_line' id='line_1_29' title="bbox 45 2167 1424 2230; baseline 0.004 -18"><span class='ocrx_word' id='word_1_273' title='bbox 45 2167 362 2228; x_wconf 84' lang='lat' dir='ltr'>dispensatione</span> <span class='ocrx_word' id='word_1_274' title='bbox 384 2169 635 2212; x_wconf 80' lang='lat' dir='ltr'>mortalium</span> <span class='ocrx_word' id='word_1_275' title='bbox 662 2170 861 2214; x_wconf 82' lang='lat' dir='ltr'>adhibuit</span> <span class='ocrx_word' id='word_1_276' title='bbox 882 2171 1168 2217; x_wconf 87' lang='lat' dir='ltr'>instrumenta</span> <span class='ocrx_word' id='word_1_277' title='bbox 1201 2173 1397 2218; x_wconf 84' lang='lat' dir='ltr'>mortalia</span> <span class='ocrx_word' id='word_1_278' title='bbox 1413 2209 1424 2230; x_wconf 84' lang='lat'>,</span> 
     </span>
     <span class='ocr_line' id='line_1_30' title="bbox 47 2238 1427 2304; baseline 0.005 -22"><span class='ocrx_word' id='word_1_279' title='bbox 47 2248 90 2282; x_wconf 89' lang='lat' dir='ltr'>et</span> <span class='ocrx_word' id='word_1_280' title='bbox 105 2239 151 2282; x_wconf 87' lang='lat' dir='ltr'>in</span> <span class='ocrx_word' id='word_1_281' title='bbox 168 2254 219 2283; x_wconf 93' lang='lat' dir='ltr'>eo</span> <span class='ocrx_word' id='word_1_282' title='bbox 237 2239 317 2283; x_wconf 84' lang='lat' dir='ltr'>tibi</span> <span class='ocrx_word' id='word_1_283' title='bbox 335 2238 497 2284; x_wconf 82' lang='lat' dir='ltr'>factum</span> <span class='ocrx_word' id='word_1_284' title='bbox 517 2250 579 2285; x_wconf 81' lang='lat' dir='ltr'>est</span> <span class='ocrx_word' id='word_1_285' title='bbox 592 2241 771 2296; x_wconf 81' lang='lat' dir='ltr'>coelum,</span> <span class='ocrx_word' id='word_1_286' title='bbox 783 2253 832 2285; x_wconf 85' lang='lat' dir='ltr'>ut</span> <span class='ocrx_word' id='word_1_287' title='bbox 847 2242 892 2285; x_wconf 87' lang='lat' dir='ltr'>in</span> <span class='ocrx_word' id='word_1_288' title='bbox 907 2258 949 2286; x_wconf 90' lang='lat' dir='ltr'>re</span> <span class='ocrx_word' id='word_1_289' title='bbox 963 2244 1134 2287; x_wconf 86' lang='lat' dir='ltr'>mortali</span> <span class='ocrx_word' id='word_1_290' title='bbox 1148 2260 1427 2304; x_wconf 81' lang='lat' dir='ltr'>cognosceres</span> 
     </span>
     <span class='ocr_line' id='line_1_31' title="bbox 46 2310 1429 2375; baseline 0.006 -23"><span class='ocrx_word' id='word_1_291' title='bbox 46 2310 241 2353; x_wconf 86' lang='lat' dir='ltr'>Verbum</span> <span class='ocrx_word' id='word_1_292' title='bbox 278 2311 545 2365; x_wconf 77' lang='lat' dir='ltr'>immortale,</span> <span class='ocrx_word' id='word_1_293' title='bbox 581 2322 624 2355; x_wconf 89' lang='lat' dir='ltr'>et</span> <span class='ocrx_word' id='word_1_294' title='bbox 651 2313 773 2356; x_wconf 85' lang='lat' dir='ltr'>fieres</span> <span class='ocrx_word' id='word_1_295' title='bbox 804 2322 848 2356; x_wconf 90' lang='lat' dir='ltr'>tu</span> <span class='ocrx_word' id='word_1_296' title='bbox 882 2329 1057 2374; x_wconf 83' lang='lat' dir='ltr'>quoque</span> <span class='ocrx_word' id='word_1_297' title='bbox 1080 2314 1274 2375; x_wconf 84' lang='lat' dir='ltr'>ejusdem</span> <span class='ocrx_word' id='word_1_298' title='bbox 1296 2316 1429 2360; x_wconf 89' lang='lat' dir='ltr'>Verbi</span> 
     </span>
     <span class='ocr_line' id='line_1_32' title="bbox 45 2381 1426 2442; baseline 0.005 -18"><span class='ocrx_word' id='word_1_299' title='bbox 45 2381 374 2440; x_wconf 88' lang='lat' dir='ltr'>participatione</span> <span class='ocrx_word' id='word_1_300' title='bbox 396 2382 662 2427; x_wconf 87' lang='lat' dir='ltr'>immortalis.</span> <span class='ocrx_word' id='word_1_301' title='bbox 692 2384 806 2427; x_wconf 81' lang='lat' dir='ltr'>Vixit</span> <span class='ocrx_word' id='word_1_302' title='bbox 828 2387 998 2442; x_wconf 87' lang='lat' dir='ltr'>Moyses</span> <span class='ocrx_word' id='word_1_303' title='bbox 1015 2421 1025 2440; x_wconf 82' lang='lat'>‚</span> <span class='ocrx_word' id='word_1_304' title='bbox 1051 2395 1094 2430; x_wconf 87' lang='lat' dir='ltr'>et</span> <span class='ocrx_word' id='word_1_305' title='bbox 1116 2396 1312 2431; x_wconf 80' lang='lat' dir='ltr'>mortuus</span> <span class='ocrx_word' id='word_1_306' title='bbox 1332 2397 1395 2431; x_wconf 90' lang='lat' dir='ltr'>est</span> <span class='ocrx_word' id='word_1_307' title='bbox 1417 2406 1426 2432; x_wconf 88' lang='grc'>;</span> 
     </span>
    </p>
   </div>
   <div class='ocr_carea' id='block_1_3' title="bbox 48 2478 1429 2573">
    <p class='ocr_par' dir='ltr' id='par_1_3' title="bbox 48 2478 1429 2573">
     <span class='ocr_line' id='line_1_33' title="bbox 94 2478 1429 2523; baseline 0.004 -14"><span class='ocrx_word' id='word_1_308' title='bbox 94 2483 103 2498; x_wconf 88' lang='lat'>¹</span> <span class='ocrx_word' id='word_1_309' title='bbox 124 2478 203 2509; x_wconf 88' lang='lat' dir='ltr'>Gen.</span> <span class='ocrx_word' id='word_1_310' title='bbox 223 2488 275 2518; x_wconf 75' lang='lat' dir='ltr'>iu,</span> <span class='ocrx_word' id='word_1_311' title='bbox 295 2487 348 2510; x_wconf 86' lang='lat'>21.</span> <span class='ocrx_word' id='word_1_312' title='bbox 376 2495 416 2500; x_wconf 88' lang='lat'>-—</span> <span class='ocrx_word' id='word_1_313' title='bbox 445 2485 457 2500; x_wconf 83' lang='lat'><strong>²</strong></span> <span class='ocrx_word' id='word_1_314' title='bbox 477 2481 566 2510; x_wconf 85' lang='lat' dir='ltr'>Joan.</span> <span class='ocrx_word' id='word_1_315' title='bbox 590 2491 625 2520; x_wconf 85' lang='lat'>1,</span> <span class='ocrx_word' id='word_1_316' title='bbox 653 2491 663 2510; x_wconf 83' lang='lat'>1</span> <span class='ocrx_word' id='word_1_317' title='bbox 710 2496 751 2501; x_wconf 89' lang='lat'><strong>—</strong></span> <span class='ocrx_word' id='word_1_318' title='bbox 773 2478 785 2501; x_wconf 81' lang='lat'>3</span> <span class='ocrx_word' id='word_1_319' title='bbox 806 2481 879 2522; x_wconf 79' lang='lat' dir='ltr'>Sap.</span> <span class='ocrx_word' id='word_1_320' title='bbox 900 2492 977 2521; x_wconf 81' lang='lat' dir='ltr'>vni,</span> <span class='ocrx_word' id='word_1_321' title='bbox 1000 2493 1027 2512; x_wconf 90' lang='lat'>1.</span> <span class='ocrx_word' id='word_1_322' title='bbox 1059 2499 1099 2504; x_wconf 89' lang='lat'>—</span> <span class='ocrx_word' id='word_1_323' title='bbox 1117 2480 1133 2511; x_wconf 79' lang='grc'>4</span> <span class='ocrx_word' id='word_1_324' title='bbox 1156 2485 1247 2514; x_wconf 76' lang='lat' dir='ltr'>Joan.</span> <span class='ocrx_word' id='word_1_325' title='bbox 1270 2495 1292 2523; x_wconf 84' lang='lat' dir='ltr'>l,</span> <span class='ocrx_word' id='word_1_326' title='bbox 1315 2494 1366 2516; x_wconf 89' lang='lat'>10.</span> <span class='ocrx_word' id='word_1_327' title='bbox 1387 2500 1429 2506; x_wconf 56' lang='grc'>»-</span> 
     </span>
     <span class='ocr_line' id='line_1_34' title="bbox 48 2531 306 2573; baseline 0.004 -9"><span class='ocrx_word' id='word_1_328' title='bbox 48 2531 62 2554; x_wconf 85' lang='lat'><em>5</em></span> <span class='ocrx_word' id='word_1_329' title='bbox 85 2544 95 2564; x_wconf 87' lang='lat'>1</span> <span class='ocrx_word' id='word_1_330' title='bbox 119 2534 191 2564; x_wconf 87' lang='lat' dir='ltr'>Cor.</span> <span class='ocrx_word' id='word_1_331' title='bbox 214 2545 236 2573; x_wconf 89' lang='lat'>1,</span> <span class='ocrx_word' id='word_1_332' title='bbox 254 2542 306 2565; x_wconf 83' lang='lat'>21.</span> 
     </span>
    </p>
   </div>
  </div>
 </body>
</html>
