1848 3261
299 217 539 245 ENARRATIO
571 219 620 243 111
653 217 696 243 m
730 214 930 243 PSALMUM
962 215 1063 252 cm,
1089 210 1235 243 'SERMO
1267 219 1332 243 111.
1416 208 1492 243 151

122 282 266 326 dicere
287 301 296 326 :
317 284 454 326 Nemo
477 297 521 325 se
541 281 739 325 inebriet.
771 278 1048 323 Inebriamini
1063 313 1075 334 ‚
1098 280 1174 323 sed
1188 281 1332 325 videte
1349 281 1467 326 unde
1483 317 1495 338 ,

124 353 168 396 Si
198 367 274 397 vos
304 352 489 395 inebriat
512 351 619 396 calix
659 349 829 395 Domini
872 348 1104 408 praeclarus
1122 384 1133 404 ‚
1167 348 1387 394 videbitur
1418 352 1498 397 ista

121 422 304 467 ebrietas
332 423 379 465 in
415 422 618 481 operibus
639 419 815 474 vestris,
839 418 1059 462 videbitur
1089 418 1134 462 in
1167 428 1316 464 sancto
1352 437 1498 467 amore

115 493 315 552 justitiae,
335 492 555 536 videbitur
570 501 786 551 postremo
808 490 853 532 in
876 489 1133 533 alienatione
1155 490 1309 534 mentis
1327 500 1494 548 vestrae,

119 563 196 607 sed
213 579 235 607 a
251 564 428 607 terrenis
444 564 489 607 in
503 562 680 607 coelum.
691 582 709 602 «
723 563 779 605 Ut
791 560 998 604 exhilaret
1012 561 1165 604 faciem
1183 561 1218 620 ej
1227 576 1274 604 us
1292 561 1337 604 in
1354 561 1495 607 oleo.»

120 633 257 677 Video
279 649 378 693 quae
416 643 528 677 terra
557 641 771 693 quantum
802 629 991 674 fructum
1016 630 1198 687 educat,
1222 631 1256 675 si
1286 632 1499 692 producat

118 703 287 748 foenum
305 704 530 764 jumentis.
554 706 651 748 Non
673 703 741 746 isti
762 702 872 746 servi
893 700 1089 745 vendunt
1111 701 1232 762 quod
1253 703 1359 747 dant
1377 724 1389 762 3
1410 720 1500 749 non

119 774 235 817 enirn
256 772 504 817 venditores
525 771 751 831 Evangelii
776 781 878 816 sunt
903 791 912 815 :
944 773 1072 829 gratis
1092 772 1219 828 dant,
1245 775 1348 834 quia
1371 775 1501 834 gratis

118 852 394 902 acceperunt.
408 842 610 887 Gaudent
626 842 748 886 bonis
767 842 970 901 operibus
987 843 1159 898 vestris,
1183 844 1268 888 hoc
1290 845 1405 888 enim
1427 861 1504 890 vo-

117 913 182 957 bis
211 913 387 972 prodest
411 932 420 958 z
449 929 539 957 non
571 913 686 956 enim
721 921 926 972 quaerunt
962 911 1113 956 datum
1131 948 1142 968 ‚
1175 913 1250 959 sed
1272 915 1504 975 requirunt

115 982 322 1027 fructum.
349 982 463 1036 Quid
487 992 548 1026 est
570 982 822 1026 exhilaratio
853 981 978 1026 faciei
1012 983 1056 1026 in
1079 982 1205 1028 oleo?
1228 986 1374 1029 Gratia
1396 986 1498 1042 Dei,

114 1053 232 1097 nitor
252 1052 433 1113 quidam
453 1054 498 1096 in
517 1050 912 1096 manifestationem
939 1071 948 1097 :
973 1053 1086 1097 sicut
1105 1052 1212 1097 dicit
1232 1055 1467 1114 Apostolus
1488 1076 1497 1102 ε

119 1143 140 1166 «
176 1124 420 1184 Unicuique
441 1135 583 1168 autern
603 1123 732 1168 datur
756 1123 939 1183 Spiritus
957 1123 1012 1168 ad
1029 1125 1421 1171 manifestationem
1436 1129 1497 1171 1.»

116 1195 261 1238 Gratia
278 1195 496 1254 quaedam,
513 1210 611 1254 quae
628 1204 690 1238 est
711 1194 940 1238 hominum
963 1193 1018 1238 ad
1039 1194 1233 1240 homines
1255 1198 1497 1256 perspicua,

115 1265 170 1308 ad
193 1264 515 1309 conciliandum
537 1274 734 1309 sanctum
757 1278 964 1319 amorem,
990 1264 1136 1308 oleum
1158 1264 1320 1310 dicitur
1335 1301 1346 1321 ‚
1371 1267 1417 1312 in
1438 1268 1503 1312 ni-

114 1344 208 1379 tore
230 1334 379 1379 divino
401 1354 410 1378 :
435 1344 477 1379 et
500 1335 706 1395 quoniam
729 1333 1082 1378 excellentissima
1103 1335 1149 1379 in
1171 1336 1343 1381 Christo
1367 1354 1501 1398 appa-

114 1405 228 1459 ruit,
253 1414 370 1449 totus
400 1405 516 1449 orbis
545 1420 645 1448 eum
670 1403 810 1462 diligit
838 1424 847 1449 :
878 1404 955 1465 qui
983 1420 1085 1449 cum
1119 1416 1396 1468 contemptus
1430 1409 1500 1454 hic

114 1484 248 1530 esset,
274 1475 478 1521 adoratur
506 1477 638 1520 modo
661 1475 716 1520 ab
744 1476 863 1519 omni
893 1485 1020 1533 gente
1044 1495 1053 1520 :
1084 1495 1104 1518 «
1130 1480 1341 1530 Quoniam
1367 1480 1500 1539 ipsius

115 1565 136 1587 ³>
173 1556 237 1590 est
254 1562 435 1605 regnum
455 1583 465 1601 ‚
493 1557 535 1591 et
558 1548 647 1606 ipse
664 1547 960 1591 dominabitur
983 1547 1176 1606 gentium
1188 1553 1221 1593 ².
1240 1567 1260 1591 »
1283 1552 1418 1596 Tanta
1437 1561 1501 1597 est

113 1617 230 1660 enim
247 1619 336 1677 ejus
356 1617 505 1676 gratia,
521 1627 572 1660 ut
590 1617 715 1660 multi
738 1617 871 1677 quiin
886 1633 985 1661 eum
998 1633 1087 1662 non
1099 1619 1302 1676 credunt,
1318 1620 1500 1666 laudent

112 1701 211 1730 eum
231 1722 242 1742 ,
269 1696 312 1731 et
334 1696 560 1746 propterea
596 1687 743 1732 dicant
764 1686 881 1731 nolle
902 1703 946 1731 se
977 1688 1022 1731 in
1048 1704 1148 1732 eum
1171 1690 1370 1747 credere,
1396 1693 1499 1753 quia

113 1772 240 1800 nemo
260 1767 402 1816 potest
418 1757 597 1816 implere
620 1757 739 1818 quod
751 1759 893 1819 jubet.
916 1758 1157 1803 Laudando
1179 1760 1496 1820 impediuntur,

112 1827 187 1886 qui
217 1827 262 1870 in
292 1826 416 1871 illum
448 1827 1022 1886 vituperandosaeviebant.
1057 1832 1241 1874 Amatur
1276 1840 1421 1876 tamen
1442 1834 1498 1877 ab

112 1896 335 1951 omnibus,
356 1898 617 1956 praedicatur
638 1899 691 1940 ab
709 1898 940 1956 omnibus3
975 1899 1077 1959 quia
1103 1900 1364 1946 excellenter
1384 1919 1497 1948 unc-

111 1976 206 2021 tus,
237 1966 336 2010 ideo
369 1968 580 2011 Christus.
618 1968 813 2012 Christus
849 1969 965 2013 enim
1001 1979 1188 2026 unctus,
1214 1987 1238 2015 a
1266 1972 1497 2018 chrismate

111 2037 252 2080 dictus
274 2037 483 2081 Christus.
509 2038 682 2082 Messias
704 2039 909 2083 hebraice
928 2074 939 2094 ‚
966 2055 1104 2098 graece
1121 2042 1317 2087 Christus
1332 2079 1343 2099 ‚
1362 2043 1496 2088 latine

111 2108 277 2150 Unctus
306 2126 315 2151 z
340 2106 416 2151 sed
444 2123 600 2167 corpus
626 2124 753 2152 suum
775 2118 915 2153 totum
935 2112 1184 2169 perunguit.
1209 2114 1370 2158 Omnes
1393 2130 1496 2174 ergo

106 2176 327 2220 venientes
348 2177 566 2236 accipiunt
583 2179 762 2237 gratiam
776 2214 787 2233 ‚
813 2188 862 2223 ut
885 2179 1148 2225 exhilaretur
1164 2181 1294 2227 facies
1310 2183 1356 2227 in
1378 2184 1492 2230 oleo.

186 2249 304 2291 XIV.
336 2267 355 2288 (ι
393 2251 449 2292 Et
480 2250 601 2308 panis
624 2265 698 2293 cor
728 2251 914 2295 hominis
941 2253 1211 2298 confirmatss.
1242 2273 1261 2296 »
1286 2254 1401 2308 Quid
1431 2266 1495 2301 est

106 2316 213 2370 hoc,
238 2315 390 2361 fratres
408 2353 418 2372 ,
443 2320 565 2378 quasi
585 2321 728 2378 coegit
755 2319 939 2380 intelligi
974 2321 1030 2366 de
1067 2339 1156 2383 quo
1179 2339 1290 2384 pane
1312 2324 1489 2371 diceret.

109 2387 235 2430 Panis
258 2387 373 2430 enim
396 2388 474 2432 iste
495 2388 673 2433 visibilis
711 2392 980 2436 stomachum
1005 2395 1233 2439 confirmat
1253 2430 1263 2450 ,
1295 2405 1492 2441 ventrem

108 2457 336 2501 confirmat
359 2477 368 2502 ;
393 2467 456 2502 est
478 2457 586 2503 alius
608 2461 730 2519 panis
751 2462 827 2521 qui
849 2478 923 2506 cor
951 2465 1181 2510 confirmat
1198 2501 1210 2521 ‚
1236 2466 1340 2527 quia
1367 2468 1490 2528 panis

156 2545 167 2563 ¹
187 2551 199 2572 1
221 2543 294 2575 Cor.
316 2552 371 2583 ιιι,
393 2553 426 2584 7.
442 2560 484 2566 -
499 2550 513 2566 ²
532 2544 611 2576 Psal.
637 2555 706 2586 xx1,
724 2554 777 2589 29.
800 2563 840 2570 -—
855 2545 1014 2590 31d.cn1,
1037 2550 1090 2582 16.
