1848 3261
371 236 458 276 286
815 242 850 274 s.
884 242 1116 274 Aucns'nm
1138 245 1320 273 Emscom

369 326 486 357 escas
508 308 563 355 ad
592 324 818 370 vesperum
841 309 1062 355 dividebat
1076 312 1106 354 1.
1139 310 1386 355 Laborabat
1408 325 1512 369 ergo
1534 325 1675 370 usque
1704 309 1760 355 ad

367 380 542 429 Vincula
563 396 642 441 pro
663 380 917 440 Evangelio.
951 381 1319 440 QuoEvangelio‘?
1337 400 1353 421 «
1374 381 1597 426 Christum
1611 383 1635 424 J
1639 395 1761 424 esum

370 471 391 495 »
427 452 704 497 resurrexisse
744 468 768 496 a
796 451 1002 507 mortuis,
1037 467 1088 495 ex
1118 451 1281 496 semine
1312 451 1463 495 David.
1504 469 1524 494 υ
1562 455 1645 495 Pro
1676 451 1761 495 hoc

367 523 604 583 Evangelio
626 522 859 582 Apostolus
876 521 1106 567 laborabat
1124 542 1132 567 :
1152 531 1195 566 et
1212 531 1361 567 tamen
1382 522 1438 565 de
1457 522 1541 566 hoc
1561 521 1760 567 Christus

366 593 685 652 interrogabat3
706 601 749 636 et
762 592 1125 652 respondentibus
1140 596 1164 637 J
1169 592 1303 637 udaeis
1319 628 1330 648 ,
1349 591 1470 652 quod
1496 592 1764 652 praedicabat

367 664 602 724 Apostolus
616 698 626 718 ,
647 662 797 707 retulit
811 678 964 707 vocem
978 672 1187 723 tanquam
1201 662 1557 708 contradictionis
1575 698 1586 718 ,
1613 671 1659 707 et
1671 663 1731 706 ait
1747 680 1757 707 z

371 754 392 777 «
429 733 661 789 Quomodo
683 749 786 793 ergo
807 733 941 779 David
963 733 1006 777 in
1023 734 1179 793 spiritu
1195 733 1301 778 dicit
1328 749 1430 777 eum
1446 733 1716 779 Dominum?
1736 749 1758 774 »

366 807 424 851 Et
444 805 706 865 interposi-iit
727 805 1028 850 testimonium
1049 807 1104 849 de
1124 806 1208 850 hoc
1221 804 1393 850 Psalmo
1409 840 1420 861 ,
1447 805 1600 849 «Dixit
1617 805 1765 849 Domi-

369 893 390 918 »
426 891 508 921 nus
531 876 718 921 Domino
735 891 848 920 meo.
873 875 916 921 Si
931 890 1032 934 ergo
1044 876 1091 919 in
1108 876 1262 935 spiritu
1275 875 1380 920 dicit
1396 891 1497 920 eum
1508 876 1759 933 Dominum,

369 964 391 989 »
425 947 649 1008 quomodo
667 946 781 992 filius
799 956 863 991 est
885 948 976 1006 ejus
994 949 1011 989 ⁵?
1035 965 1055 988 »
1074 946 1217 992 Judaei
1230 947 1312 991 sub
1328 948 1408 991 hac
1423 947 1762 1005 interrogatione

366 1026 598 1062 tacuerunt
618 1039 629 1076 3
655 1017 763 1078 quid
787 1016 1092 1077 responderint
1114 1016 1319 1077 deinceps
1353 1033 1443 1062 non
1464 1018 1728 1063 invenerunt
1749 1036 1759 1063 ε

367 1105 449 1134 nec
471 1105 572 1134 eum
594 1098 741 1133 tamen
760 1089 996 1133 Dominum
1018 1089 1285 1149 quaesierunt
1303 1124 1313 1145 ,
1339 1089 1441 1149 quia
1459 1099 1502 1133 et
1518 1090 1660 1149 ipsum
1673 1104 1762 1133 esse

366 1159 494 1204 illum
516 1159 655 1203 filium
678 1159 817 1204 David
845 1175 935 1203 non
958 1168 1243 1218 agnoverunt.
1270 1162 1357 1205 Nos
1382 1169 1527 1204 autem
1542 1195 1553 1215 ,
1579 1158 1730 1204 fratres
1745 1194 1756 1215 ,

369 1229 614 1284 credamus,
632 1238 674 1273 et
691 1228 885 1273 dicamus
904 1247 912 1273 ε
933 1228 1112 1274 «Corde
1127 1229 1241 1273 enim
1257 1230 1448 1273 creditur
1462 1229 1516 1273 ad
1529 1230 1759 1290 justitiam,

370 1318 391 1342 »
426 1316 500 1345 ore
522 1309 673 1344 autem·
690 1299 904 1344 confessio
927 1300 977 1344 fit
1001 1299 1056 1343 ad
1092 1300 1275 1344 salutem
1291 1303 1323 1343 ².
1353 1319 1373 1341 »
1400 1301 1663 1356 Credamus,
1694 1301 1763 1344 in-

370 1386 504 1431 quam
522 1406 533 1426 ,
559 1379 602 1414 et
624 1370 820 1414 dicamus
837 1405 847 1425 ,
873 1379 918 1414 et
938 1369 1079 1414 filium
1101 1369 1238 1415 David
1255 1405 1266 1425 ,
1288 1379 1331 1414 et
1352 1371 1589 1414 Dominum
1605 1370 1758 1415 David.

368 1443 467 1487 Non
497 1441 802 1485 erubescamus
825 1439 880 1484 de
911 1439 1003 1484 filio
1025 1439 1163 1485 David
1182 1475 1193 1496 ,
1225 1456 1280 1484 ne
1303 1440 1463 1486 iratum
1493 1441 1763 1486 inveniamus

368 1512 605 1557 Dominum
625 1511 782 1555 David.

428 1585 482 1627 V.
509 1584 602 1626 Hoc
620 1581 735 1625 enim
757 1581 934 1625 nomine
955 1580 1080 1625 illum
1109 1581 1342 1626 rectissime
1364 1591 1662 1631 transeuntem
1681 1598 1761 1643 ap-

367 1651 580 1713 pellantes
598 1653 699 1696 caeci
719 1687 730 1707 ,
756 1651 992 1696 illuminari
1015 1662 1284 1697 meruerunt.
1309 1654 1536 1698 Transibat
1557 1654 1673 1698 enim
1687 1657 1762 1699 Je-

369 1738 456 1777 sus,
483 1732 525 1767 et
548 1722 611 1766 illi
631 1722 780 1766 audito
802 1722 948 1766 sonitu
964 1723 1227 1767 transeuntis
1240 1723 1398 1779 turbae,
1424 1740 1526 1768 aure
1537 1725 1629 1784 jam
1653 1740 1760 1784 cog-

370 1802 597 1838 noscentes
613 1828 624 1848 ,
650 1791 769 1853 quod
793 1790 991 1836 nondum
1008 1802 1211 1852 poterant
1232 1793 1368 1838 oculis
1383 1829 1394 1849 ,
1412 1795 1761 1839 acclamaverunt

369 1879 476 1909 voce
498 1878 655 1921 magna
672 1897 683 1918 ,
709 1871 752 1906 et
773 1861 975 1906 dixerunt
994 1882 1002 1907 :
1024 1863 1261 1908 «Miserere
1278 1865 1441 1920 nostri,
1457 1864 1519 1908 fili
1535 1865 1715 1909 Davidss.
1737 1885 1756 1907 »

373 1935 532 1979 Turbae
552 1942 694 1977 autem
712 1932 807 1977 illos
829 1933 1112 1993 increpabant
1129 1943 1179 1978 ut
1200 1943 1394 1979 tacerent
1418 1954 1427 1979 ε
1453 1943 1496 1979 et
1517 1934 1580 1979 illi
1602 1934 1760 1980 nihilo-

371 2005 515 2049 minus
527 2004 633 2048 lucis
647 2003 860 2048 desiderio
873 2004 1102 2048 turbarum
1116 2005 1504 2050 contradictionem
1516 2005 1755 2062 vincentes,

372 2075 419 2119 in
440 2073 669 2119 clamando
691 2084 1073 2133 perseveraverunt
1089 2096 1101 2133 3
1124 2084 1421 2119 transeuntem
1434 2084 1672 2120 tenuerunt
1687 2110 1698 2131 ,
1715 2084 1760 2120 et

373 2163 398 2192 a
428 2156 634 2205 tangente
660 2145 897 2190 illuminari
933 2155 1202 2190 meruerunt.
1241 2147 1454 2192 Dicebant
1488 2148 1603 2191 enim
1636 2156 1758 2191 tran-

373 2217 515 2262 seunti
538 2237 547 2263 ;
568 2217 806 2262 «Miserere
827 2217 978 2273 nostri,
1002 2217 1065 2261 fili
1088 2217 1240 2262 David.
1271 2238 1288 2260 »
1317 2219 1444 2263 Stetit
1463 2217 1558 2274 ille,
1579 2227 1622 2263 et
1641 2218 1758 2263 victo

375 2288 430 2333 ab
450 2289 509 2333 eis
535 2287 723 2332 clamore
752 2287 1167 2344 contradicentium,
1202 2306 1222 2330 «
1249 2288 1368 2341 Quid
1385 2323 1396 2343 ,
1432 2288 1577 2348 inquit
1593 2323 1603 2343 ,
1628 2287 1759 2333 vultis

377 2377 400 2402 »
433 2368 484 2404 ut
516 2359 672 2403 faciam
688 2358 838 2403 vobis?
873 2377 892 2399 »
914 2361 971 2403 Et
998 2358 1091 2414 illi,
1121 2377 1141 2401 «
1165 2359 1374 2414 Domine,
1399 2368 1449 2403 ut
1470 2358 1706 2403 videamus.
1735 2376 1756 2400 »

378 2431 536 2488 Tetigit
567 2439 613 2474 et
639 2430 808 2489 aperuit
838 2429 987 2474 oculos
1020 2446 1171 2475 eorum
1197 2450 1206 2475 :
1235 2430 1440 2475 viderunt
1471 2439 1757 2490 praesentem,

376 2516 508 2562 quem
540 2509 762 2545 senserant
789 2509 1100 2546 transeuntem.
1126 2500 1306 2561 Aliquid
1336 2516 1438 2560 ergo
1467 2500 1760 2546 transitorium

424 2590 435 2608 ¹
456 2585 536 2618 Gen.
559 2595 647 2627 xux,
661 2592 715 2628 27.
739 2600 780 2607 —-
798 2591 809 2606 2
830 2586 920 2617 Rom.
941 2596 972 2625 s,
996 2595 1044 2617 10.
1062 2601 1103 2607 —
1123 2582 1135 2608 3
1157 2584 1270 2617 Matth.
1299 2595 1352 2626 xx,
1377 2583 1494 2627 29-34.
