1848 3261
285 209 527 241 ENARRATIO
558 215 572 241 1
605 214 651 242 ΙΝ
682 209 884 241 PsALMUM
914 213 1048 251 CXIII,
1083 212 1221 242 SERMO
1253 216 1284 241 1.
1375 200 1460 241 335

84 292 104 316 »
139 275 194 319 ad
209 276 447 336 justitiam3
471 286 522 322 ut
537 279 590 322 sit
605 286 728 337 pater
749 275 1044 321 circumsionis
1064 277 1130 320 his
1145 311 1156 332 ‚
1183 278 1258 338 qui
1282 293 1371 322 non
1392 292 1462 322 so-

82 361 104 385 »
137 343 230 390 lum
259 362 310 390 ex
343 348 671 392 circumcisione
706 355 831 402 sunt,
862 345 936 390 sed
965 346 1088 390 ethis
1108 347 1186 407 qui
1220 356 1463 407 sequuntur

83 431 103 461 .»
138 417 316 476 vestigia
342 417 466 473 fidei,
496 434 596 478 quae
619 426 682 462 est
703 418 748 461 in
775 417 990 476 praeputio
1011 416 1143 476 patris
1165 418 1301 460 nostri
1324 417 1463 461 Abra-

82 501 103 527 »
137 486 206 530 hae
230 491 260 531 1.
288 506 309 530 »
335 491 432 535 Non
454 491 570 533 enim
592 487 820 533 carnaliter
843 488 1108 532 circumcisae
1126 488 1245 547 genti
1266 497 1462 532 tantum-

80 555 212 601 modo
243 556 383 603 sactus
406 569 469 604 est
490 569 632 619 pater,
657 559 728 603 cuj
750 559 918 603 dictum
939 567 1002 602 est
1028 578 1037 604 :
1067 577 1087 600 «
1112 562 1284 602 Patrem
1302 558 1464 602 multa-

84 645 103 668 »
139 643 237 672 rum
281 630 477 688 gentium
519 630 645 689 posui
696 639 755 674 te.
799 649 817 672 »
862 629 1100 675 Multarum
1154 639 1299 674 autem
1317 665 1328 685 ,
1372 645 1464 674 non

81 714 103 738 »
138 699 445 757 quarumdam,
464 699 540 744 sed
556 701 777 758 omnium3
797 701 918 760 quod
938 709 1083 760 aperte
1105 699 1280 753 dicitur,
1301 715 1401 744 cum
1424 699 1464 743 ei

81 785 102 809 »
138 768 296 812 dicitur
317 788 326 814 ε
353 772 410 814 Et
428 771 742 815 benedicentur
757 771 803 814 in
825 780 868 815 te
888 786 1038 815 omnes
1059 774 1248 830 gentes‘2.
1268 789 1289 812 »
1308 769 1463 815 Nullus

78 837 226 898 itaque
244 840 590 885 Christianorum
607 857 651 886 se
669 858 692 886 a
711 842 886 886 nomine
909 841 1041 886 Israel
1062 842 1296 886 arbitretur
1318 851 1460 886 extra-

79 923 227 952 neum.
266 908 356 954 Illis
384 912 500 955 enim
522 913 598 972 qui
619 912 900 957 crediderunt
921 927 971 956 ex
993 912 1178 968 Judaeis,
1201 915 1246 957 in
1272 928 1461 972 quorum

78 993 263 1023 numero
295 980 591 1040 principaliter
624 981 854 1041 Apostolos
880 982 1157 1038 invenimus,
1188 983 1234 1026 in
1266 982 1461 1041 angulari

78 1048 224 1109 lapide
240 1051 511 1111 copulamur.
543 1053 656 1098 Hinc
684 1054 742 1097 ait
766 1054 974 1098 Dominus
1002 1053 1086 1098 alio
1109 1054 1206 1098 loeo
1227 1073 1236 1098 :
1267 1072 1288 1096 «
1311 1054 1463 1098 Habeo

81 1139 102 1162 »
138 1120 242 1165 alias
263 1138 361 1167 oves
383 1159 393 1178 ‚
426 1139 525 1184 quae
555 1140 646 1168 non
668 1134 769 1168 sunt
790 1125 844 1168 de
875 1126 958 1169 hoc
979 1125 1108 1180 ovili,
1134 1135 1307 1185 oportet
1330 1141 1400 1169 me
1421 1134 1464 1169 et

82 1210 103 1233 »
138 1191 233 1236 illas
255 1193 492 1248 adducere,
518 1204 568 1238 ut
587 1195 642 1239 sit
661 1211 775 1239 unus
794 1210 894 1253 grex
917 1205 960 1240 et
980 1212 1094 1240 unus
1112 1207 1257 1256 pastor
1270 1199 1301 1240 3.
1330 1215 1349 1238 ))
1376 1200 1463 1241 Po-

79 1261 209 1322 pulus
232 1278 334 1322 ergo
356 1264 614 1308 christianus
634 1266 768 1323 magis
788 1265 938 1322 Israel,
961 1276 1003 1311 et
1027 1268 1118 1327 ipse
1140 1268 1285 1327 potius
1308 1267 1464 1312 domus

80 1333 232 1377 Jacob.
260 1335 383 1378 Idem
402 1335 563 1395 quippe
586 1335 718 1380 Israel
735 1340 811 1396 qui
832 1337 984 1382 Jacob.
1011 1337 1090 1382 Illa
1113 1354 1215 1383 vero
1232 1338 1360 1382 turba
1381 1341 1464 1382 Ju-

81 1403 302 1460 daeorum‚
329 1421 428 1465 quae
449 1406 605 1450 merito
628 1407 821 1465 perfidiae
854 1408 1086 1468 reprobata
1115 1418 1180 1453 est
1196 1444 1207 1464 ,
1240 1409 1465 1469 voluptate

81 1475 242 1520 carnali
263 1476 459 1520 vendidit
481 1477 769 1536 primogenita
792 1494 867 1522 sua
885 1514 895 1534 ‚
931 1489 982 1524 ut
1002 1495 1092 1524 non
1115 1480 1170 1524 ad
1192 1481 1328 1525 Jacob
1344 1515 1355 1536 ,
1391 1478 1467 1524 sed

81 1545 136 1590 ad
159 1548 273 1590 Esaii
295 1547 437 1606 potius
458 1548 706 1607 pertineret.
733 1548 856 1593 Scitis
878 1565 1067 1610 namque
1088 1550 1135 1594 in
1156 1551 1240 1596 1100
1261 1551 1467 1609 mysterio

80 1616 248 1661 dictum
264 1633 376 1662 esse:
404 1637 423 1660 «
448 1618 558 1671 Quia
582 1619 718 1678 major
739 1620 894 1663 serviet
916 1621 1074 1664 minori
1099 1622 1130 1664 ⁴.
1159 1639 1180 1662 »

141 1690 219 1731 III.
249 1691 464 1747 AEgyptus
498 1697 641 1732 autem
659 1723 669 1743 ‚
699 1689 908 1749 quoniam
929 1691 1239 1751 interpretatur
1260 1691 1437 1736 afflictio
1455 1726 1466 1747 ‚

80 1756 152 1801 vel
173 1758 366 1816 affligens
387 1793 398 1813 ‚
434 1758 505 1803 vel
537 1758 827 1817 comprimens
863 1775 977 1820 saepe
1009 1761 1055 1804 in
1080 1761 1269 1820 imagine
1292 1762 1471 1821 ponitur

81 1827 212 1888 hujus
229 1827 399 1872 saeculi:
427 1844 450 1872 a
472 1844 560 1888 quo
583 1829 830 1887 spiritaliter
851 1830 1144 1875 recedendum
1163 1841 1247 1887 est,
1265 1847 1320 1875 ne
1338 1833 1471 1877 simus

76 1898 234 1958 jugum
255 1898 464 1942 ducentes
482 1913 581 1942 cum
599 1898 850 1943 infidelibus
868 1901 898 1943 ⁵.
923 1902 991 1945 Sic
1008 1902 1124 1945 enim
1141 1903 1325 1962 quisque
1347 1905 1371 1946 J
1376 1917 1474 1946 eru-

83 1967 215 2012 salem
233 1968 417 2012 coelestis
434 1969 484 2012 fit
505 1969 607 2012 civis
626 1968 830 2025 idoneus,
853 1985 952 2014 cum
974 1972 1164 2031 primum
1189 1973 1291 2017 huic
1313 1972 1472 2017 saeculo

83 2040 395 2084 renuntiaverit
413 2059 422 2086 :
443 2040 816 2100 quemadmodum
834 2040 907 2086 ille
925 2043 1114 2102 populus
1130 2045 1176 2088 in
1193 2053 1353 2088 terram
1372 2060 1474 2104 pro-

83 2110 296 2154 missionis
313 2111 416 2154 duci
428 2126 516 2154 non
531 2111 695 2170 potuit,
716 2112 797 2155 nisi
811 2112 929 2172 prius
947 2114 1000 2158 ab
1018 2117 1211 2175 AEgypto
1233 2115 1469 2160 recederet.

87 2180 173 2226 Sed
201 2181 312 2225 sicut
345 2180 418 2225 ille
452 2197 541 2226 non
575 2182 678 2226 inde
703 2182 897 2228 discessit
916 2219 927 2239 ,
966 2185 1047 2229 nisi
1082 2186 1230 2231 divino
1265 2185 1474 2230 liberatus

86 2251 268 2297 auxilio:
294 2252 353 2296 sic
374 2267 504 2297 nemo
525 2252 656 2297 corde
679 2253 735 2297 ab
757 2254 841 2298 hoc
866 2255 1026 2300 saeeulo
1044 2257 1276 2311 avertitur,
1302 2257 1383 2301 nisi
1404 2256 1475 2301 di-

84 2324 197 2368 vinae
211 2322 514 2367 misericordiae
532 2339 713 2368 munere
730 2324 918 2385 adjutus.
940 2327 1070 2380 Quod
1092 2328 1207 2372 enim
1232 2327 1320 2372 illic
1341 2326 1476 2372 semel

85 2395 414 2454 praefiguratum
435 2404 524 2454 est,
549 2397 632 2441 hoc
655 2396 702 2440 in
728 2396 810 2441 isto
833 2397 920 2441 fine
941 2398 1087 2444 saeculi
1104 2435 1116 2456 ‚
1150 2400 1197 2444 in
1223 2389 1332 2455 hac}
1365 2400 1476 2444 sicut

134 2495 147 2513 ¹
165 2493 256 2522 Rom.
276 2502 330 2532 lv,
354 2501 466 2524 10-12.
487 2509 527 2515 —
554 2499 568 2515 ²
586 2494 667 2525 Gen.
690 2503 767 2533 xxii,
795 2493 846 2525 18.
867 2511 910 2517 —-
930 2492 1050 2528 3Joan.
1068 2507 1101 2538 x,
1132 2496 1182 2529 16.
1199 2513 1241 2520 ·-
1261 2495 1278 2527 4
1292 2497 1370 2530 Gen.
1393 2506 1475 2538 xxv,

88 2544 130 2578 23
148 2550 181 2578 et
199 2546 253 2586 33,
271 2551 305 2579 et
324 2549 415 2580 Rom.
435 2559 480 2589 IX,
503 2548 553 2581 13.
570 2565 613 2571 —
629 2545 643 2571 ⁵
664 2557 683 2581 2
698 2549 772 2581 Cor.
790 2559 833 2591 vx,
855 2548 905 2591 14.
