1848 3261
348 203 431 241 280
785 216 817 246 s.
854 218 1083 248 Aucusnm
1115 218 1295 261 ny‘Iscopt

345 282 424 324 iste
451 289 597 325 autem
624 297 769 329 versus
797 301 887 330 non
910 285 1041 329 habet
1060 293 1155 339 ἄγαν,
1187 284 1263 328 sed
1283 283 1417 329 habet
1431 290 1569 337 σφόδρα..
1601 284 1726 337 Quod

348 350 528 410 quidam
556 354 691 397 nostri
721 355 780 398 sic
809 355 1077 415 interpretati
1097 363 1225 410 sunt,
1258 363 1307 399 ut
1333 371 1413 415 pro
1442 371 1494 400 eo
1515 364 1727 415 ponerent

349 420 582 481 aliquando
606 442 624 463 «
649 424 821 469 Nimis»
847 424 1081 485 aliquando
1099 423 1287 469 «Valde.
1311 443 1330 466 »
1360 424 1443 470 Sed
1459 427 1493 469 si
1514 424 1683 470 «Nimis
1703 442 1724 464 »

347 507 428 552 pro
451 508 503 538 eo
526 494 646 554 quod
659 504 722 539 est
742 515 762 538 (ε
788 495 925 540 Valde
950 515 968 537 »
991 495 1279 553 intelligatur,
1304 505 1447 554 potest
1468 496 1573 539 etin
1598 494 1729 539 laude

348 563 455 622 poni
481 583 488 608 :
515 579 614 608 nam
645 574 687 608 et
720 565 799 609 ista
831 564 1042 610 confessio
1071 565 1247 610 laudem
1275 565 1501 624 significat.
1527 569 1592 609 Ita
1612 565 1731 608 enim

349 633 566 693 Sequitur,
599 651 618 675 α
642 637 698 678 Et
719 635 763 678 in
787 634 931 679 medio
953 635 1191 680 multorum
1208 635 1398 679 laudabo
1421 651 1536 680 eum.
1572 653 1592 676 ))
1618 634 1732 679 Dicit

350 704 480 748 etiam
503 704 549 748 in
567 702 650 748 alio
673 704 841 750 Psalmo
859 725 867 750 :
897 725 918 748 α
938 708 990 749 In
1005 705 1151 750 medio
1173 706 1379 750 Ecclesiae
1395 706 1580 763 cantabo
1602 707 1689 749 te¹.
1707 722 1728 747 n

355 774 439 819 Sed
471 789 569 818 cum
608 775 698 834 ipsa
727 784 873 820 cantat
899 774 1116 831 Ecclesia,
1149 791 1248 836 quae
1281 792 1436 835 corpus
1458 785 1522 820 est
1544 775 1729 830 Christi,

352 844 575 905 quomodo
601 845 647 889 in
678 845 821 890 medio
843 846 1045 891 Ecclesiae
1081 856 1226 898 cantat
1260 846 1475 891 Ecclesia?
1503 850 1567 890 Ita
1602 855 1645 890 et
1664 846 1734 890 hic

352 915 481 960 multi
503 931 605 960 cum
627 917 712 962 sint
733 917 929 961 membra
952 917 1135 972 Christi,
1161 917 1194 961 si
1212 932 1312 961 cum
1329 918 1409 976 ipsi
1429 916 1613 961 laudant
1627 951 1638 972 ,
1662 915 1735 960 ille

351 986 523 1042 laudat,
549 988 652 1047 quia
674 988 869 1031 membra
886 997 987 1031 sunt
1004 989 1094 1047 ejus
1111 1009 1123 1045 3
1143 987 1366 1048 quomodo
1386 988 1433 1030 in
1455 986 1599 1032 medio
1619 982 1748 1030 mul-'

351 1067 499 1101 torum
532 1056 683 1101 laudat
704 1093 714 1113 ,
751 1057 928 1117 quando
962 1058 1062 1117 ipsis
1091 1057 1239 1102 multis
1270 1057 1548 1101 laudantibus
1579 1056 1737 1101 dicitur

351 1126 442 1186 ipse
463 1126 667 1172 laudare?
698 1132 766 1172 An
793 1127 892 1172 ideo
921 1127 1072 1172 laudat
1097 1129 1142 1171 in
1165 1128 1310 1172 medio
1343 1127 1605 1182 multorum,
1636 1127 1738 1187 quia

352 1213 453 1242 cum
465 1197 657 1243 Ecclesia
670 1214 746 1242 sua
757 1207 820 1242 est
830 1198 900 1242 hic
914 1213 1051 1258 usque
1063 1198 1107 1241 in
1121 1199 1538 1243 consummationem
1552 1197 1735 1253 saeculi23

351 1276 401 1312 ut
420 1268 541 1328 quod
554 1269 634 1312 ait:
655 1286 675 1309 «
693 1271 744 1312 In
761 1268 906 1311 medio
917 1267 1155 1312 multorum
1171 1303 1181 1323 ,
1201 1287 1220 1309 »
1236 1269 1320 1313 hoc
1337 1269 1597 1328 accipiamus
1618 1267 1741 1328 quod

353 1338 406 1382 ab
418 1338 580 1383 eisdem
603 1334 750 1381 multis
768 1338 1034 1382 honoratur?
1048 1341 1099 1381 In
1113 1338 1256 1382 medio
1273 1339 1437 1398 quippe
1453 1354 1544 1383 esse
1558 1338 1735 1394 dicitur,

351 1409 423 1453 cui
443 1409 585 1453 honor
606 1408 853 1468 praecipuus
871 1407 1112 1451 exhibetur.
1137 1408 1180 1452 Si
1193 1417 1338 1452 autem
1358 1424 1433 1453 cor
1452 1419 1516 1453 est
1533 1418 1740 1469 tanquam

350 1480 539 1525 hominis
561 1479 778 1534 medium,
804 1479 913 1522 nihil
930 1478 1083 1523 melius
1104 1479 1361 1538 intelligitur
1383 1480 1572 1536 dictum,
1607 1496 1739 1541 quam

355 1571 376 1595 ‹<
408 1555 460 1596 In
473 1550 679 1596 cordibus
694 1550 933 1595 multorum
945 1549 1136 1594 laudabo
1152 1551 1454 1596 eum.Habitat
1466 1552 1581 1595 enim
1599 1552 1743 1597 Chris-

354 1639 374 1661 »
411 1630 480 1666 tus
505 1636 582 1681 per
609 1620 740 1665 fidem
760 1621 804 1664 in
827 1620 1031 1664 cordibus
1053 1621 1252 1665 nostrisss.
1279 1639 1298 1662 η
1326 1624 1383 1665 Et
1404 1621 1502 1666 ideo
1530 1622 1615 1676 ait,
1645 1642 1662 1662 «
1690 1625 1740 1666 In

355 1709 376 1732 »
411 1707 484 1736 ore
505 1707 619 1746 meo,
643 1709 664 1732 »
689 1691 734 1734 id
746 1700 824 1745 est,
839 1690 886 1734 in
899 1705 973 1734 ore
986 1691 1177 1750 corporis
1194 1690 1301 1745 mei,
1318 1691 1439 1751 quod
1453 1700 1515 1735 est
1530 1690 1736 1736 Ecclesia.

357 1782 378 1805 t(
412 1764 554 1808 Corde
571 1762 687 1806 enim
712 1761 903 1806 creditur
923 1761 977 1805 ad
994 1761 1206 1821 justitiam
1224 1797 1235 1815 ,
1261 1777 1335 1806 ore
1362 1771 1508 1806 autem
1528 1761 1740 1807 confessio

355 1850 375 1873 »
411 1834 462 1877 fit
485 1833 540 1877 ad
557 1831 781 1877 salutem&
809 1852 825 1871 »

412 1904 622 1946 XXXIII.
653 1901 804 1954 «Quia
827 1901 960 1946 astitit
988 1917 1011 1945 a
1039 1900 1201 1945 dextris
1225 1902 1467 1961 pauperis'0.
1498 1921 1516 1943 »
1540 1905 1602 1946 De
1626 1905 1649 1946 J
1657 1902 1741 1946 uda

311 2032 313 2035 ἱ
353 1972 520 2017 dictum
538 1980 630 2016 erat
649 2008 659 2026 ,
690 1992 708 2014 «
728 1975 785 2016 Et
803 1971 1004 2016 diabolus
1026 1980 1108 2016 stet
1132 1988 1154 2016 a
1168 1971 1325 2015 dextris
1345 1973 1438 2031 ejus
1465 1992 1473 2017 2
1503 1991 1522 2012 »
1549 1972 1625 2032 qui
1644 1988 1740 2017 suas

354 2043 522 2088 divitias
541 2058 698 2101 augere
713 2042 851 2086 voluit
865 2042 1037 2087 Christo
1055 2041 1246 2086 vendito.
1270 2042 1350 2085 Hic
1362 2051 1509 2086 autem
1530 2043 1741 2087 Dominus

355 2131 376 2154 η
413 2113 561 2157 Astitit
582 2128 605 2156 a
626 2112 808 2156 dexteris
839 2112 1067 2171 pauperis,
1096 2131 1115 2152 »
1150 2121 1199 2155 ut
1235 2110 1396 2156 divitiae
1430 2112 1630 2172 pauperis
1657 2113 1742 2157 sint

353 2186 444 2244 ipse
478 2184 702 2228 Dominus.
746 2203 766 2226 «
811 2184 955 2228 Astitit
984 2184 1145 2244 quippe
1180 2199 1203 2227 a
1234 2182 1418 2228 dexteris
1455 2184 1655 2243 pauperis
1678 2220 1688 2239 ‚
1720 2205 1737 2225 »

352 2271 443 2300 non
465 2265 515 2300 ut
536 2255 576 2299 ei
597 2254 905 2314 multiplicaret
927 2270 1060 2299 annos
1087 2254 1187 2298 vitae
1208 2253 1476 2314 quandoque
1499 2253 1704 2299 finiendae
1726 2291 1736 2308 ‚

352 2340 496 2386 neque
517 2334 567 2369 ut
589 2327 680 2385 ejus
700 2334 875 2383 augeret
892 2325 1138 2384 pecuniam,
1156 2334 1230 2369 aut
1251 2341 1351 2368 eum
1370 2324 1531 2369 faceret
1548 2325 1740 2384 corporis

349 2397 516 2442 viribus
529 2395 702 2449 sortem,
719 2396 787 2440 vel
805 2395 859 2440 ad
873 2405 1042 2456 tempus
1056 2396 1320 2441 incolumem
1339 2416 1346 2440 :
1365 2395 1456 2446 sed,
1478 2415 1498 2438 «
1510 2398 1565 2440 Ut
1577 2395 1739 2440 salvam

402 2500 411 2514 ¹
434 2493 511 2525 Psal.
539 2503 609 2531 xxi,
629 2493 683 2524 23.
711 2509 756 2515 —-
772 2500 785 2515 ’ν’
807 2493 920 2525 aiau-h.
954 2504 1065 2531 xxviii,
1090 2502 1144 2525 20.
1166 2510 1206 2515 -—
1228 2491 1370 2535 3Ephez.
1392 2504 1426 2525 tu
1442 2518 1450 2533 ‚
1475 2504 1524 2533 ¹7-
1549 2510 1589 2515 —
1609 2491 1625 2520 4
1645 2494 1734 2524 Rom.
1767 2498 1780 2511 ⁶

355 2559 387 2589 x,
411 2559 520 2580 10.--
540 2547 553 2570 5
571 2547 651 2581 Psal.
667 2559 750 2589 cvm,
774 2549 823 2580 31.
