1848 3261
307 209 388 248 198
735 220 769 249 s.
805 221 1037 253 Anausnm
1067 224 1250 253 EPISCOPI

300 284 420 329 culta
442 294 701 344 patuerunt,
726 289 933 348 quoniam
955 305 1203 350 expressum
1219 298 1284 335 est
1297 289 1405 351 quid
1419 290 1475 335 de
1496 291 1684 336 Domino

299 357 561 413 sentiebant,
586 367 629 402 et
645 358 782 418 ipsam
804 361 896 420 ejus
917 370 1100 405 matrem
1119 363 1306 420 graviter
1317 362 1479 406 carnali
1498 362 1684 407 orbitate

300 443 543 487 percussam
566 428 656 472 sine
673 428 809 474 dubio
826 431 1110 476 contristavit.
1132 435 1183 475 In
1199 431 1272 475 illa
1282 447 1383 476 vero
1401 432 1684 477 tribulatione

298 497 384 542 suit
404 499 580 558 Joseph,
607 518 627 541 «
652 503 799 544 Donec
819 501 987 546 veniret
1007 502 1191 546 verbum
1213 503 1304 563 ejus
1317 538 1328 557 ,
1344 518 1433 563 quo
1455 502 1597 547 fuerat
1612 503 1685 546 in-

286 578 558 629 ¹terpretatus
575 571 785 614 veraciter
801 572 968 616 somnia
985 591 994 617 ι
1015 573 1134 617 unde
1147 573 1477 617 commendatus
1499 582 1564 618 est
1576 573 1682 632 regi,

299 649 351 684 ut
367 640 495 684 etiam
512 640 574 683 illi
595 639 650 684 de
672 641 849 684 somniis
872 643 963 702 ejus
984 640 1133 686 futura
1155 643 1451 702 praedicei-et1.
1481 643 1565 688 Sed
1582 658 1688 703 quo-

299 711 417 754 niam
438 711 569 754 dixit:
590 714 770 756 «Donec
785 711 953 756 veniret
973 714 1158 757 verbum
1176 714 1284 773 ejus,
1306 731 1327 754 »
1348 728 1403 757 ne
1420 714 1538 758 omni
1556 714 1689 758 modo

304 799 325 822 «
359 782 466 840 Ejus
491 799 510 823 n
531 780 589 825 sic
609 780 973 840 intelligeremus,
994 792 1044 826 ut
1065 783 1296 843 quisquam
1319 798 1409 827 rem
1432 792 1598 827 tantam
1612 784 1691 827 ho-

300 851 407 895 mini
425 851 704 896 tribuendam
725 862 919 913 putaret,
945 855 1154 899 continuo
1175 855 1385 915 subjecit:
1411 854 1690 915 «Eloquium

302 939 324 964 »
358 922 532 966 Domini
561 922 849 968 inflammavit
865 940 967 968 eum
988 940 997 966 :
1027 943 1047 967 »
1073 924 1143 970 vel
1168 925 1290 986 quod
1312 926 1447 984 magis
1471 924 1526 969 de
1548 940 1690 984 graeco

301 1009 551 1053 expressum
571 994 643 1038 alii
665 994 832 1039 codices
854 996 1018 1039 habent
1038 1016 1046 1040 :
1078 1016 1096 1037 u
1121 996 1359 1057 Eloquium
1380 996 1556 1040 Domini
1578 995 1692 1054 igni-

308 1083 326 1106 »
362 1065 424 1109 vit
439 1080 539 1109 eum
555 1080 566 1106 t
589 1083 608 1106 i>
630 1075 680 1109 ut
693 1066 823 1109 etiam
841 1066 932 1124 ipse
950 1066 1062 1109 inter
1079 1082 1151 1110 eos
1165 1076 1509 1125 computaretur,
1531 1066 1692 1127 quibus

304 1133 473 1180 dictum
491 1145 576 1181 est:
594 1136 852 1180 Laudamini
868 1136 911 1178 in
927 1137 1103 1180 nomine
1119 1145 1268 1180 sancto
1286 1138 1393 1196 ejus.
1421 1137 1694 1197 «Eloquium

311 1225 329 1247 »
365 1207 533 1250 Domini
551 1206 704 1264 ignivit
721 1221 837 1250 eum.
865 1224 884 1247 η
911 1206 1067 1250 Merito
1086 1206 1268 1265 Spiritus
1282 1217 1454 1251 sanctus
1476 1206 1652 1266 quando
1670 1222 1695 1250 a

306 1277 494 1320 Domino
523 1276 674 1319 missus
704 1286 788 1329 est,
829 1276 930 1320 visae
962 1286 1065 1320 sunt
1097 1276 1181 1320 illis
1212 1276 1375 1336 linguae
1396 1276 1543 1322 divisae
1574 1276 1696 1321 velut

304 1347 454 1406 ignis2.
476 1350 534 1391 Et
556 1346 789 1407 Apostolus
812 1347 942 1391 dicit:
973 1366 989 1387 «
1020 1348 1183 1407 Spiritu
1205 1348 1423 1393 ferventes
1441 1350 1473 1392 3.
1500 1366 1520 1389 »
1547 1351 1584 1392 A
1606 1363 1695 1408 quo

306 1418 407 1476 igne
429 1417 660 1462 discedunt
677 1453 688 1473 ,
719 1417 773 1461 de
797 1418 958 1479 quibus
972 1417 1132 1462 dicitur
1150 1437 1159 1464 2
1184 1438 1204 1461 «
1229 1417 1496 1477 Refrigescet
1512 1418 1697 1463 charitas

311 1506 331 1529 »
367 1488 648 1532 multorum&
678 1506 698 1529 »

366 1561 488 1602 XIV.
528 1559 724 1618 Denique
760 1558 984 1618 sequitur:
1016 1579 1036 1601 «
1063 1559 1181 1603 Misit
1203 1575 1296 1615 rex,
1337 1568 1382 1603 et
1411 1557 1539 1604 solvit
1571 1574 1696 1617 eum,

314 1647 335 1670 »
370 1629 569 1689 princeps
592 1628 874 1689 populorum,
888 1632 940 1673 'et
959 1629 1122 1674 dimisit
1141 1645 1256 1674 eum.
1275 1648 1295 1671 »
1316 1633 1411 1689 Ipse
1427 1639 1492 1675 est
1513 1632 1656 1685 «Rex,
1675 1647 1695 1671 »

311 1700 388 1760 qui
419 1719 437 1740 «
465 1700 669 1759 Princeps
704 1699 996 1760 populorum,
1032 1699 1161 1745 solvit
1187 1720 1205 1742 »
1231 1699 1552 1760 compeditum,
1583 1719 1601 1741 «
1626 1701 1701 1744 Di-

316 1791 335 1813 »
369 1771 487 1815 misit
515 1790 534 1812 »
566 1770 807 1816 Inclusum.
842 1790 862 1813 «
887 1771 1124 1816 Constituit
1151 1787 1253 1815 eum
1282 1771 1512 1815 dominum
1544 1771 1701 1816 domus

314 1858 335 1882 η
370 1857 459 1885 suae
474 1877 484 1896 ,
510 1851 553 1885 et
571 1842 812 1902 principem
834 1842 973 1887 omnis
995 1842 1271 1901 possessionis
1294 1858 1399 1886 suae.
1432 1844 1490 1886 Ut
1511 1841 1703 1886 erudiret

315 1930 336 1953 »
371 1912 586 1972 principes
610 1914 700 1973 ejus
723 1914 834 1957 sicut
861 1913 1138 1972 semetipsum
1158 1948 1168 1968 ,
1195 1922 1238 1956 et
1259 1927 1380 1956 senes
1397 1913 1488 1972 ejus
1505 1912 1702 1972 pruden-

314 2001 335 2025 η
371 1983 475 2027 tiam
494 1982 667 2028 doceret
686 1986 716 2027 ⁵.
746 2003 765 2025 »
796 1985 971 2028 Graecus
1000 1983 1162 2028 habet:
1190 2002 1210 2024 «
1234 1985 1292 2027 Et
1319 1983 1506 2027 seniores
1528 1984 1618 2043 ejus
1640 1999 1703 2027 sa-

315 2072 336 2094 »
371 2054 579 2113 pientiam
602 2055 832 2099 doceret.»
868 2053 994 2107 Quod
1026 2053 1146 2097 omni
1179 2052 1311 2097 modo
1344 2053 1400 2096 ad
1428 2056 1613 2096 verbum
1644 2053 1702 2097 ita

313 2122 398 2168 dici
420 2133 563 2184 posset
584 2144 593 2170 :
618 2145 638 2167 «
663 2124 870 2168 Erudiret
899 2124 1115 2184 principes
1145 2124 1238 2184 ejus
1267 2124 1378 2167 sicut
1398 2123 1700 2182 semetipsum,

315 2213 335 2236 n
372 2203 414 2238 et
442 2196 627 2239 seniores
652 2196 744 2256 ejus
767 2195 979 2254 sapientes
1001 2193 1176 2238 faceret.
1206 2212 1225 2234 n
1243 2198 1468 2246 πρεσὲυτέρως
1487 2193 1604 2236 enim
1625 2194 1705 2237 ha-

313 2265 390 2310 bet
405 2301 416 2321 ,
442 2282 551 2326 quos
571 2265 714 2310 dicere
736 2265 922 2310 solemus
942 2265 1145 2320 seniores,
1172 2280 1261 2309 non
1277 2274 1438 2319 7532-2220,
1462 2264 1507 2308 id
1529 2274 1618 2318 est,
1643 2279 1706 2308 se-

314 2353 414 2383 nes:
432 2346 556 2391 σοφίσαι.
572 2347 716 2382 autem
732 2373 742 2392 ,
764 2337 884 2397 quod
902 2353 988 2382 uno
1008 2336 1143 2381 verbo
1164 2335 1299 2380 latine
1321 2334 1406 2380 dici
1424 2351 1513 2380 non
1534 2344 1676 2395 potest
1690 2369 1702 2390 ,

310 2425 334 2454 a
358 2409 562 2469 sapientia
580 2409 747 2453 dictum
769 2418 846 2464 est,
868 2425 967 2469 quae
983 2417 1075 2462 0:44⁷.
1094 2423 1231 2468 graece
1254 2407 1440 2465 dicitur,
1460 2422 1550 2451 non
1568 2423 1590 2451 a
1607 2422 1706 2466 pru-

360 2514 370 2530 ¹
390 2509 470 2540 Gen.
489 2519 539 2539 xm
554 2532 563 2548 ‚
582 2506 626 2538 25
643 2532 652 2548 ,
682 2510 747 2538 etc.
780 2522 823 2527 —
852 2512 864 2527 ²
885 2507 958 2538 Act.
979 2516 1023 2546 ιι,
1056 2504 1087 2537 3.
1109 2521 1152 2527 -
1172 2502 1185 2526 3
1211 2507 1302 2537 Rom.
1325 2514 1386 2545 xii,
1418 2515 1470 2538 11.
1490 2520 1532 2526 —
1549 2501 1566 2534 4
1587 2502 1702 2536 Matth.

313 2574 404 2606 xxiv,
422 2572 476 2596 12.
495 2580 537 2586 -
554 2561 569 2587 ⁵
585 2561 667 2596 Psal.
686 2572 750 2603 Clv,
769 2569 887 2595 20-22.
