1848 3261
343 230 428 267 200
775 237 810 268 s.
845 238 1075 269 Aucus-nm
1106 241 1288 269 EPIscom

345 324 366 347 «
400 306 458 349 Et
474 304 595 349 auxit
613 339 625 361 ‚
656 305 826 366 inquit,
859 306 1072 367 populum
1095 321 1222 351 suum
1243 306 1524 352 vehementer
1539 343 1550 363 ‚
1575 316 1619 352 et
1647 308 1726 352 fir-

343 394 365 418 »
400 376 534 421 mavit
551 392 650 421 eum
669 393 798 438 super
815 377 1010 423 inimicos
1033 379 1194 438 ejus1.»
1211 378 1352 422 Etiam
1370 379 1455 423 hoc
1472 388 1615 424 totum
1631 379 1730 423 bre-

338 448 450 494 viter
466 449 736 508 propositum
753 458 832 505 est,
844 459 893 493 ut
907 449 1280 510 quemadmodum
1298 448 1462 493 factum
1482 450 1550 504 sit,
1570 450 1728 494 deinde

340 528 555 564 narretur.
582 522 680 564 Non
703 519 818 563 enim
846 529 952 564 tunc
975 521 1170 564 firmatus
1193 529 1256 563 cst
1277 519 1465 580 populus
1496 520 1574 564 Dei
1599 535 1729 579 super

337 590 567 649 AEgyptios
590 590 785 634 inimicos
809 605 932 645 SUOS,
958 591 1136 650 quando
1159 606 1311 635 eorum
1343 590 1571 634 masculini
1594 589 1729 634 foetus

339 661 635 715 necabantur,
665 660 735 705 vel
766 660 944 721 quando
968 662 1014 705 in
1046 661 1256 706 faciendis
1287 661 1497 706 lateribus
1529 671 1729 706 contere·
1791 679 1794 682 ·

339 731 502 775 bantur
527 750 535 774 :
563 730 638 774 sed
662 730 840 790 quando
862 730 908 775 in
930 746 1063 775 manu
1086 732 1276 790 potenti,
1309 747 1386 792 per
1418 733 1540 791 signa
1561 741 1604 776 et
1625 747 1730 792 por-

340 811 461 846 tenta
477 802 652 846 Domini
674 802 751 847 Dei
770 803 837 846 sui
857 837 867 858 ‚
888 803 1113 847 metuendi
1141 812 1184 847 et
1203 803 1449 848 honorandi
1471 804 1574 848 facti
1596 812 1697 847 sunt
1715 838 1727 859 ‚

340 870 480 916 donec
507 872 606 916 duri
634 872 744 932 regis
775 873 998 918 contentio
1031 873 1300 929 vinceretur,
1327 883 1370 918 et
1391 889 1511 918 mare
1526 873 1730 918 Rubrum

339 952 661 1003 persecutorem
684 959 786 987 cum
802 944 992 988 exercitu
1013 945 1103 1004 ejus
1126 944 1346 989 obrueret.

398 1016 543 1058 XVII.
565 1012 695 1067 Quod
719 1029 823 1073 crgo
845 1015 1034 1058 breviter
1051 1015 1241 1074 positum
1261 1025 1348 1070 est,
1381 1035 1401 1058 «
1426 1014 1636 1060 Firmavit
1651 1030 1733 1075 po-

341 1101 363 1125 »
399 1083 555 1143 pulum
583 1100 712 1128 suum
730 1099 859 1143 super
880 1084 1078 1129 inimicos
1099 1087 1189 1145 ejus
1209 1121 1220 1141 ,
1251 1105 1268 1127 »
1294 1086 1416 1130 velut
1439 1101 1733 1146 quaereremus

341 1154 566 1215 quomodo
589 1155 754 1198 factum
773 1155 826 1198 sit
847 1175 855 1199 :
881 1154 1033 1213 incipit
1050 1155 1193 1198 dicere
1209 1190 1220 1210 ,
1246 1155 1387 1200 donec
1410 1157 1541 1201 etiam
1563 1156 1609 1200 id
1629 1172 1733 1200 nar-

340 1225 478 1270 rando
501 1225 776 1269 determinet.
813 1245 832 1268 «
868 1229 925 1270 Et
948 1227 1163 1270 convertit
1185 1242 1259 1270 cor
1282 1242 1456 1282 eorum,
1482 1237 1532 1272 ut
1561 1227 1734 1273 odirent

343 1313 364 1338 »
400 1295 616 1355 populum
644 1297 767 1356 ejus,
794 1305 837 1340 et
869 1294 1021 1340 dolum
1057 1297 1250 1341 facerent
1281 1297 1328 1340 in
1364 1312 1508 1341 servos
1543 1298 1679 1357 ejus2.
1708 1316 1729 1340 »

340 1364 671 1426 Numquidnam
700 1365 1036 1425 intelligendum
1069 1376 1158 1421 est,
1188 1366 1259 1411 vel
1282 1366 1577 1422 credendum,
1613 1367 1734 1428 quod

342 1440 457 1482 Deus
475 1451 549 1480 cor
571 1436 758 1480 hominis
782 1436 837 1480 ad
861 1435 1058 1481 facienda
1080 1446 1256 1497 peccata
1279 1440 1615 1482 convertatPAn
1630 1453 1735 1498 pec-

343 1517 490 1553 catum
506 1523 595 1552 non
619 1517 696 1563 est,
721 1507 791 1571 vel
813 1523 995 1567 parvum
1011 1517 1239 1568 peccatum
1262 1517 1340 1564 est,
1362 1509 1499 1553 odisse
1520 1509 1735 1569 populum

343 1581 449 1635 Dei,
487 1589 530 1624 et
558 1579 710 1624 dolum
744 1579 888 1624 facere
922 1581 968 1623 in
990 1596 1133 1624 servos
1156 1581 1277 1641 ejus?
1300 1580 1404 1634 Quis
1436 1580 1522 1624 hoc
1550 1579 1736 1624 dixerit?

341 1650 568 1711 Numquid
592 1666 694 1709 ergo
714 1650 896 1694 istorum
928 1659 1016 1694 tam
1051 1650 1244 1709 gravium
1270 1659 1550 1710 peccatorum
1585 1659 1737 1694 auctor

345 1732 408 1767 est
430 1725 568 1777 Deus,
589 1722 665 1783 qui
687 1721 848 1766 nullius
865 1721 935 1765 vel
956 1721 1156 1766 levissimi
1184 1723 1349 1781 peccati
1381 1730 1532 1765 auctor
1553 1720 1738 1765 creden-

345 1795 426 1839 dus
454 1796 548 1838 est?
574 1813 593 1835 «
620 1794 725 1847 Quis
750 1794 918 1853 sapiens
935 1829 945 1848 ⁷
977 1803 1020 1838 et
1054 1793 1270 1852 intelliget
1295 1794 1445 1837 haec3?
1466 1812 1486 1834 »
1515 1795 1625 1838 Nam
1647 1793 1736 1849 ipsa

345 1875 408 1910 est
427 1864 502 1909 illa
524 1864 732 1908 mirabilis
755 1865 824 1908 Dei
846 1864 1032 1918 bonitas,
1054 1880 1140 1924 qua
1161 1864 1273 1908 bene
1291 1866 1428 1907 utitur
1444 1864 1574 1907 etiam
1594 1862 1732 1918 malis,

344 1935 413 1981 vel
433 1935 621 1994 angelis,
648 1934 717 1979 vel
740 1935 1004 1979 hominibus.
1033 1937 1143 1979 Cum
1167 1935 1281 1978 enim
1304 1935 1385 1994 ipsi
1406 1935 1510 1979 vitio
1535 1951 1612 1979 suo
1634 1934 1737 1978 mali

345 2007 431 2052 sint
447 2042 457 2061 ,
488 2005 560 2049 ille
576 2006 630 2049 de
651 2004 766 2049 malo
789 2021 941 2049 eorum
968 2005 1081 2049 bene
1103 2004 1220 2049 facit.
1247 2008 1344 2050 Non
1362 2006 1477 2048 enim
1500 2015 1737 2065 antequam

347 2078 538 2122 odissent
561 2075 773 2135 populum
802 2077 894 2135 ejus
916 2075 1020 2119 boni
1054 2084 1206 2131 erant3
1239 2075 1313 2119 sed
1338 2075 1517 2133 maligni
1546 2084 1587 2118 et
1616 2075 1738 2134 impii

346 2149 451 2192 tales
474 2156 621 2200 erant,
647 2146 723 2206 qui
745 2145 872 2190 facile
890 2146 1042 2190 incolis
1071 2147 1157 2190 suis
1179 2146 1378 2189 felicibus
1400 2146 1659 2189 inviderent.
1686 2148 1738 2189 In

347 2234 399 2264 eo
421 2233 522 2276 crgo
541 2216 660 2277 quod
683 2216 894 2276 populum
918 2232 1045 2260 suum
1067 2215 1399 2275 multiplicavit,
1425 2216 1507 2259 hoc
1527 2215 1737 2260 beneficio

348 2306 426 2335 suo
463 2289 598 2333 malos
634 2287 688 2332 ad
725 2287 1013 2332 invidendum
1053 2287 1279 2332 convertit.
1319 2287 1484 2330 Invidia
1522 2296 1584 2330 est
1620 2287 1737 2331 enim

349 2360 496 2406 odium
517 2359 730 2404 felicitatis
750 2359 915 2402 alienze.
945 2359 1012 2403 Sic
1037 2374 1138 2416 ergo
1161 2358 1372 2402 convertit
1396 2374 1470 2401 cor
1492 2373 1658 2412 eorum,
1687 2366 1737 2401 ut

346 2447 424 2491 per
446 2430 729 2475 invidentiam
753 2429 941 2474 odissent
963 2429 1176 2489 populum
1209 2430 1299 2489 ejus
1318 2464 1328 2483 ,
1360 2438 1403 2472 et
1432 2429 1584 2472 dolum
1618 2427 1736 2472 face-

346 2511 443 2546 rent
465 2502 509 2546 in
531 2516 674 2547 servos
696 2503 802 2562 ejus.
823 2503 922 2546 Non
938 2500 1086 2561 itaque
1104 2516 1178 2544 cor
1200 2499 1375 2545 illorum
1392 2499 1556 2544 malum
1573 2498 1736 2543 facien-

397 2594 407 2612 ¹
431 2586 514 2620 Psal.
534 2597 598 2628 civ,
617 2585 672 2629 24.
693 2602 734 2610 -
750 2584 859 2619 ’11)ἰάΙ
881 2584 934 2618 25.
957 2601 998 2610 ·-
1019 2583 1172 2627 31d.cv1‚
1191 2582 1244 2626 43.
