1848 3261
442 185 683 215 Enniano
714 187 761 215 m
791 185 995 214 PsALMUM
1025 188 1098 213 CII.
1396 175 1447 214 71

72 254 148 299 illo
170 269 193 298 a
210 268 299 313 quo
323 252 439 297 bona
456 251 570 296 facta
583 261 699 297 sunt.
721 255 892 296 Bonum
908 260 1035 295 tuum
1057 267 1226 311 quaere,
1251 267 1276 296 o
1292 253 1450 297 anima.

71 328 150 370 Est
171 325 288 368 enim
302 323 478 368 'bonum
501 322 622 367 aliud
644 322 767 367 alteri
786 357 798 378 ‚
818 331 862 366 et
878 337 1028 366 omnes
1061 330 1269 366 creaturae
1289 323 1462 367 habent

72 393 295 455 quoddam
318 394 486 438 bonum
508 409 658 449 suum,
685 392 942 451 integritatis
963 407 1051 435 suae
1069 426 1079 446 ‚
1110 400 1153 435 et
1182 390 1457 450 perfectionis

72 474 240 509 naturae
266 480 354 508 suae
378 483 387 508 ε
412 464 590 508 interest
613 464 721 524 quid
742 463 900 522 cuique
929 463 991 506 rei
1022 460 1288 521 imperfectae
1309 479 1458 508 neces-

72 535 232 579 sarium
261 534 337 589 sit,
361 542 412 577 ut
434 535 686 592 perficiatur
711 553 721 578 ι
746 548 893 593 quaere
914 541 1040 576 tuum
1067 532 1249 577 bonum.
1279 551 1300 575 «
1319 536 1458 578 Nemo

75 622 96 646 »
130 604 273 648 bonus
294 603 375 646 nisi
397 619 512 647 unus
541 605 702 648 Deus1.
731 621 751 644 »
795 605 1023 647 Summum
1054 602 1243 657 bonum,
1277 603 1361 647 hoc
1394 612 1458 647 est

71 682 199 718 tuum
216 673 398 717 bonum.
427 672 543 726 Quid
559 689 663 732 ergo
680 672 799 716 deest
819 708 830 728 ‚
853 672 923 716 cui
940 687 1160 715 summum
1183 672 1351 716 bonum
1373 672 1457 717 bo-

72 759 179 788 num
197 745 291 786 est?
316 745 427 787 Sunt
448 744 561 787 enim
582 753 625 787 et
646 742 852 786 inferiora
884 743 999 786 bona
1013 777 1023 796 ,
1057 758 1156 801 quae
1183 740 1274 786 aliis
1296 752 1339 786 et
1369 742 1460 787 aliis

72 813 189 857 bona
211 822 328 856 sunt.
356 812 506 856 Pecori
521 813 629 872 quid
651 813 818 855 bonum
839 820 901 855 est
921 846 932 867 ‚
967 811 1120 856 fratres
1136 848 1146 866 ,
1173 812 1253 855 nisi
1280 812 1460 872 implere

72 891 267 927 ventrem
285 917 296 937 ‚
322 897 466 926 carere
489 881 748 940 indigentia,
773 881 962 925 dormire
977 916 988 936 ,
1010 882 1164 940 gestire
1179 917 1189 937 ‚
1205 883 1348 927 vivere
1363 918 1374 938 ‚
1395 899 1462 928 sa-

72 968 180 998 num
203 968 293 997 esse
309 987 320 1007 ,
346 967 553 1011 generare
571 955 587 994 ⁶?
605 954 776 996 Bonum
798 952 860 996 illi
883 961 967 1008 est,
995 963 1039 996 et
1064 969 1202 1013 usque
1225 953 1280 998 ad
1306 970 1463 1014 quem-

73 1023 176 1068 dam
211 1023 393 1068 modum
430 1023 564 1067 habet
600 1024 705 1067 boni
743 1024 808 1067 sui
851 1039 1099 1067 mensuram
1133 1024 1344 1068 tributam
1370 1060 1381 1079 ‚
1420 1034 1464 1070 et

73 1110 318 1139 concessam
332 1095 387 1137 ab
402 1095 596 1137 omnium
615 1109 759 1138 rerum
774 1103 964 1138 creatore
982 1097 1086 1138 Deo.
1109 1094 1211 1138 Tale
1225 1104 1274 1138 tu
1295 1096 1464 1140 bonum

73 1166 256 1226 quaeris'?
268 1169 349 1209 Dat
366 1176 408 1209 et
426 1166 508 1209 hoc
525 1169 662 1222 Deus3
679 1165 754 1209 sed
768 1165 856 1210 noli
873 1165 1012 1209 solum
1026 1182 1234 1225 quaerere.
1261 1168 1464 1212 Cohaeres

72 1237 255 1292 Christi,
289 1237 397 1296 quid
420 1237 580 1295 gaudes
597 1272 607 1290 ‚
643 1237 743 1296 quia
768 1238 907 1281 socius
930 1253 972 1281 es
993 1238 1165 1297 pecori?
1192 1239 1321 1297 Erige
1343 1254 1464 1298 spem

72 1316 193 1351 tuam
207 1307 262 1350 ad
279 1307 448 1350 bonum
462 1307 679 1351 bonorum
698 1308 911 1351 omnium,
931 1311 1028 1367 Ipse
1041 1309 1121 1353 erit
1135 1309 1301 1353 bonum
1316 1319 1460 1365 tuum,

73 1393 96 1421 a
120 1393 209 1437 quo
232 1386 281 1421 tu
304 1377 443 1420 intuo
463 1393 619 1435 genere
642 1377 782 1422 factus
812 1394 856 1421 es
883 1378 1046 1433 bonus,
1089 1388 1133 1423 et
1154 1380 1297 1423 omnia
1319 1381 1365 1424 in
1384 1397 1462 1427 suo

73 1462 229 1505 genere
252 1445 366 1491 facta
388 1458 488 1491 sunt
511 1450 626 1492 bona
645 1452 677 1491 ².
708 1468 727 1489 «
754 1448 875 1491 Fecit
902 1449 1018 1492 enim
1047 1452 1161 1493 Deus
1184 1452 1328 1494 omnia
1348 1451 1465 1497 bona

75 1534 96 1558 »
132 1516 261 1560 valde
277 1518 308 1560 3.
332 1537 350 1558 n
378 1521 492 1575 Ergo
511 1517 619 1561 illud
643 1518 811 1562 bonum
834 1517 955 1578 quod
980 1522 1093 1563 Deus
1115 1530 1198 1575 est,
1219 1521 1253 1564 si
1270 1521 1464 1567 dicamus

71 1586 198 1631 valde
229 1587 418 1641 bonum,
450 1589 541 1647 jam
581 1597 625 1631 et
656 1588 711 1631 de
742 1598 937 1632 creatura
976 1587 1143 1634 dictum
1172 1600 1263 1646 est,
1293 1611 1314 1634 α
1343 1594 1465 1638 Fecit

75 1675 96 1700 »
131 1661 244 1702 Deus
268 1658 412 1702 omnia
436 1659 551 1702 bona
571 1659 713 1703 valde.
739 1678 759 1699 »
786 1660 903 1713 Quid
927 1675 1030 1718 ergo
1053 1660 1164 1704 illud
1189 1661 1355 1707 bonum
1370 1699 1382 1718 7
1408 1664 1462 1708 de

71 1744 160 1788 quo
180 1727 347 1772 dictum
382 1738 468 1784 cst⁷
503 1749 524 1771 «
555 1732 693 1774 Nemo
721 1730 862 1773 bonus
891 1730 973 1773 nisi
995 1746 1109 1775 unus
1132 1734 1276 1776 Deus?
1305 1751 1326 1774 »
1354 1733 1464 1779 dici-

71 1814 167 1842 mus
190 1799 294 1859 quia
319 1799 483 1843 bonum
508 1809 571 1844 est
594 1800 754 1844 valde?
776 1801 980 1846 Recurrit
1001 1801 1125 1845 nobis
1145 1803 1387 1850 recordatio
1410 1806 1465 1851 de

72 1870 273 1914 omnibus
295 1871 501 1914 creaturis
516 1906 526 1924 ‚
552 1871 653 1931 quia
677 1871 843 1915 dictum
867 1881 930 1916 est
951 1908 962 1927 ,
987 1892 1006 1914 «
1033 1873 1155 1917 Fecit
1182 1877 1296 1919 Deus
1319 1879 1465 1924 omnia

71 1938 197 1983 valde
214 1939 344 1983 bona.
369 1960 388 1980 «
415 1941 527 1992 Quid
546 1956 648 1997 ergo
663 1941 821 1985 dicturi
838 1944 1015 1986 sumus?
1029 1944 1259 1988 Deficimus
1275 1945 1319 1990 in
1338 1963 1461 2006 voce,

72 2009 148 2052 sed
171 2005 324 2052 nonin
342 2007 522 2052 affectu.
550 2010 706 2052 Veniat
727 2010 773 2053 in
796 2020 986 2054 mentem
1008 2026 1156 2055 recens
1172 2012 1244 2057 illa
1267 2021 1464 2066 tractatio

72 2079 231 2124 Psalmi
257 2099 266 2124 z
291 2080 504 2139 explic-:ire
527 2096 616 2124 non
639 2096 868 2140 possumus
884 2117 894 2136 ‚
914 2081 1168 2140 jubilemus.
1204 2086 1375 2133 Bonum
1400 2101 1463 2137 est

71 2155 195 2193 Deus.
223 2150 360 2203 Quale
374 2151 541 2194 bonum
563 2186 574 2206 ,
600 2151 695 2211 quis
717 2150 858 2195 dicat?
879 2154 990 2195 Ecce
1017 2167 1108 2196 non
1136 2169 1366 2213 possumus
1393 2161 1464 2206 di..

72 2234 170 2263 cere
186 2254 197 2274 ,
229 2229 273 2263 et
294 2236 383 2264 non
404 2218 699 2280 permittimur
720 2231 877 2266 tacere.
913 2225 1030 2281 Ergo
1061 2224 1094 2266 si
1116 2240 1206 2268 non
1235 2242 1463 2286 possumus

71 2288 243 2344 dicere,
269 2299 312 2334 et
334 2306 423 2349 prae
453 2291 612 2350 gaudio
642 2308 730 2336 non
760 2293 1054 2352 permittimur
1081 2303 1251 2353 tacere,
1284 2315 1365 2346 nec
1395 2303 1465 2349 10..

72 2374 259 2419 quamur
275 2395 286 2415 ‚
307 2375 387 2404 nec
409 2370 641 2406 taceamus.
667 2361 784 2415 Quid
805 2378 907 2422 ergo
922 2363 1130 2409 faciamus
1148 2401 1159 2421 ,
1176 2384 1264 2412 non
1279 2369 1463 2432 loquen-

73 2439 136 2473 tes
157 2438 199 2473 et
215 2445 305 2474 nou
322 2433 547 2475 tacentes?
572 2435 593 2476 J
601 2432 816 2476 ubilemus
833 2437 862 2476 ¹.
902 2453 922 2475 «
948 2435 1138 2480 Jubilate
1167 2440 1256 2483 Deo
1286 2443 1463 2493 salutari

122 2521 130 2535 ¹
155 2515 484 2557 Matth.xix,17.—-
508 2524 519 2538 ⁷
536 2519 614 2549 Gen.
636 2529 658 2555 1,
679 2518 733 2549 31.
751 2516 821 2541 —3
847 2518 1027 2558 Psal.vc1v‚
1057 2531 1085 2549 ι.
