1848 3261
436 267 517 303 100
861 271 895 300 s.
932 270 1161 301 Atreusnm
1194 274 1376 302 Emscom

431 359 452 382 »
471 338 705 384 descendat
725 338 779 383 de
794 341 962 383 crucel.
984 357 1004 380 »
1024 339 1108 385 Sed
1119 354 1209 384 non
1229 340 1647 400 habebatspeciem,
1669 354 1813 400 neque

427 410 646 456 decorem.
662 410 804 455 Etiam
819 411 902 466 sic,
925 425 951 455 0
968 409 1128 470 quibus
1150 410 1374 470 displicet,
1393 411 1494 471 quia
1512 426 1602 455 nou
1622 410 1814 455 habebat

425 482 629 542 speciem,
654 496 798 542 neque
813 479 1014 525 decorem
1031 481 1040 525 l
1060 482 1097 525 Ο
1111 481 1321 540 agitantes
1342 491 1473 542 caput
1491 491 1591 525 aute
1606 496 1781 526 crucem
1798 516 1811 536 ,

425 562 469 597 et
490 569 580 598 non
607 553 788 611 figentes
812 560 944 612 caput
964 553 1011 596 in
1033 553 1173 612 capite
1200 553 1321 613 quod
1347 553 1569 612 pendebat
1589 552 1634 595 in
1653 552 1810 597 cruce!

423 626 581 670 Merito
609 633 736 669 nutat
763 623 1067 669 insultantium
1090 634 1245 685 caput,
1270 624 1410 669 donec
1435 624 1489 668 sit
1511 638 1663 669 eorum
1683 631 1815 683 caput

424 696 498 740 ille
515 697 622 757 ipse,
638 695 708 741 cui
729 695 1037 740 insultabatur.
1058 698 1171 740 Ecce
1184 696 1364 740 resumit
1384 694 1606 751 decorem,
1625 703 1668 738 et
1688 710 1814 754 mag-

424 782 530 810 num
553 767 768 811 decorem.
790 768 904 810 Ecce
925 765 1046 826 quod
1067 765 1171 810 dicis
1191 775 1240 809 tu
1257 802 1267 821 ,
1295 766 1438 810 minus
1455 774 1517 809 est
1538 780 1673 826 quam
1694 763 1815 825 quod

422 835 540 881 fecit.
567 837 680 881 Dicis
703 845 776 891 tu,
807 855 827 878 «
856 837 897 881 Si
921 835 1056 880 Filius
1078 836 1156 880 Dei
1178 849 1262 892 est,
1285 835 1521 881 descendat
1543 837 1596 880 de
1621 851 1764 880 cruce.
1789 853 1810 876 »

422 910 537 952 Ecce
556 908 610 952 de
639 923 766 952 cruce
784 922 874 951 non
897 906 1122 951 descendit
1138 943 1148 963 ,
1170 907 1245 951 sed
1267 906 1322 951 de
1345 906 1545 967 sepulcro
1562 906 1810 951 resurrexit.

480 982 557 1023 VI.
584 982 715 1037 Ergo,
749 979 908 1034 anima,
934 978 1090 1023 decora
1117 994 1207 1023 esse
1229 995 1319 1023 non
1339 988 1489 1038 potes,
1514 979 1596 1022 nisi
1619 977 1815 1023 confessa

421 1049 554 1095 fueris
577 1047 823 1093 foeditatem
841 1049 879 1092 ei
901 1049 977 1108 qui
1000 1065 1168 1108 semper
1194 1049 1398 1109 pulcher,
1425 1058 1467 1092 et
1491 1057 1669 1108 propter
1695 1057 1738 1091 te
1759 1048 1816 1092 ad

421 1131 593 1181 tempus
606 1136 694 1166 non
707 1119 913 1179 pulcher,
933 1128 976 1163 et
985 1120 1044 1164 sic
1059 1119 1113 1163 ad
1128 1130 1299 1179 tempus
1313 1135 1404 1164 non
1417 1119 1600 1179 pulcher
1616 1120 1662 1163 in
1678 1118 1816 1164 forma

421 1192 533 1236 servi
551 1227 561 1247 ,
584 1201 635 1235 ut
671 1205 898 1251 nunquam
921 1190 1130 1234 defecerit
1158 1206 1181 1233 a
1202 1189 1531 1249 pulchritudine
1557 1206 1656 1250 quae
1680 1199 1743 1233 est
1770 1190 1816 1233 in

419 1262 560 1308 forma
573 1262 667 1306 Dei.
680 1264 794 1319 Ergo
813 1270 857 1304 tu
864 1296 874 1315 .,
889 1260 1096 1316 Ecclesia,
1113 1261 1248 1304 habes
1264 1261 1466 1305 decorem
1483 1278 1493 1305 ς
1508 1261 1667 1305 dicitur
1681 1269 1724 1304 et
1735 1260 1815 1304 tibi

418 1335 467 1379 in
499 1333 688 1379 Canticis
722 1332 991 1375 canticorum
1011 1367 1022 1387 ,
1063 1351 1083 1374 «
1106 1332 1144 1375 O
1178 1331 1333 1376 decora
1361 1333 1475 1376 inter
1502 1332 1708 1377 mulieres
1727 1335 1760 1375 2.
1789 1350 1809 1373 »

420 1405 588 1450 'Dicitur
611 1402 664 1446 de
687 1411 729 1446 te
745 1438 755 1457 ,
785 1421 806 1444 «
826 1404 934 1454 Quae
967 1411 1030 1445 est
1050 1402 1127 1446 ista
1163 1419 1263 1463 quae
1295 1403 1488 1447 ascendit
1510 1402 1709 1447 dealbata
1724 1404 1770 1446 3?
1790 1420 1810 1444 »

424 1474 540 1528 Quid
559 1483 648 1529 est,
679 1493 698 1515 «
723 1472 955 1516 dealbata?
976 1491 996 1513 »
1019 1472 1269 1517 Illuminata
1303 1494 1312 1519 2
1337 1490 1427 1518 non
1448 1473 1674 1526 dealbata,
1704 1474 1815 1518 sicut

422 1546 594 1601 fucata,
617 1541 990 1605 quemadmodum
1011 1558 1055 1587 se
1073 1542 1281 1588 dealbant
1295 1543 1490 1588 foeminae
1510 1579 1521 1600 ,
1543 1561 1642 1605 quae
1659 1544 1816 1589 volunt

422 1617 560 1663 videri
581 1616 701 1677 quod
724 1631 813 1660 non
844 1624 976 1660 sunt:
1001 1631 1093 1659 non
1114 1615 1315 1660 dealbata
1331 1652 1342 1671 ,
1379 1617 1492 1661 sicut
1522 1617 1662 1676 paries
1690 1616 1814 1660 deal-

421 1691 550 1734 batus
566 1706 576 1741 ;
602 1689 849 1732 destruetur
866 1687 981 1730 enim
997 1722 1008 1742 ,
1024 1687 1134 1731 sicut
1149 1687 1255 1731 dicit
1269 1688 1502 1747 Apostolus
1517 1724 1527 1743 ,
1545 1688 1684 1748 paries
1698 1687 1814 1732 deal-

422 1761 550 1806 batus
578 1761 620 1814 4,
646 1759 886 1818 hypocrisis
916 1767 958 1802 et
990 1757 1222 1802 simulatio.
1254 1759 1397 1802 Paries
1427 1758 1676 1814 dealbatus,
1710 1757 1813 1803 foris

423 1831 653 1876 tectorium
671 1866 681 1884 ,
704 1830 820 1873 intus
849 1829 1009 1873 lutum.
1035 1830 1134 1874 Non
1160 1843 1261 1886 ergo
1292 1827 1365 1872 illa
1388 1828 1447 1873 sic
1479 1828 1680 1873 dealbata
1703 1850 1714 1887 3
1738 1828 1814 1873 sed

425 1902 624 1946 dealbata
636 1936 646 1956 ,
663 1900 907 1944 illuminata
921 1935 932 1956 ,
947 1899 1049 1960 quia
1064 1915 1154 1944 non
1170 1914 1247 1959 per
1259 1914 1303 1943 se
1316 1899 1429 1943 alba.
1451 1919 1472 1942 «
1486 1899 1608 1944 Prius
1621 1935 1631 1955 ,
1651 1899 1810 1959 inquit,

428 1995 446 2015 >›
483 1972 546 2016 fui
568 1972 869 2031 blasphemus5
898 1990 908 2015 :
934 1991 951 2011 »
973 1980 1015 2014 et
1031 1971 1136 2014 item
1156 2005 1167 2026 ,
1197 1989 1217 2012 «
1243 1970 1424 2014 Fuimus
1446 1970 1562 2013 enim
1579 1979 1622 2014 et
1643 1986 1721 2014 nos
1740 1969 1814 2014 ali-

421 2064 444 2089 »
480 2041 656 2103 quando
669 2051 823 2085 natura
845 2041 921 2085 filii
942 2041 1016 2085 irae
1033 2076 1044 2096 ,
1061 2041 1172 2085 sicut
1188 2049 1231 2085 et
1244 2040 1434 2084 caeteriss.
1463 2058 1484 2080 »
1506 2039 1690 2084 Accedit
1714 2055 1813 2099 gra-

422 2116 482 2159 tia
504 2114 753 2158 illuminans
776 2122 819 2157 et
841 2111 1049 2156 dealbans
1076 2131 1085 2156 :
1110 2111 1251 2171 primo
1273 2111 1397 2169 nigra
1418 2109 1561 2165 fuisti,
1592 2110 1669 2154 sed
1698 2109 1812 2156 facta

426 2201 470 2230 es
492 2184 589 2229 alba
612 2200 663 2228 ex
685 2183 817 2243 gratia
836 2181 963 2227 illius.
994 2201 1015 2224 «
1039 2181 1197 2226 Fuistis
1219 2181 1334 2225 enim
1349 2179 1585 2240 aliquando
1599 2181 1809 2237 tenebrae,

428 2277 449 2300 »
485 2271 604 2300 nunc
627 2263 772 2298 autem
792 2253 870 2297 lux
897 2254 943 2298 in
965 2253 1194 2298 Domino⁷.
1223 2269 1243 2293 »
1269 2252 1436 2295 Dicitur
1460 2267 1563 2310 ergo
1585 2261 1629 2295 et
1657 2251 1711 2296 de
1740 2261 1782 2296 te
1797 2286 1809 2307 ,

431 2348 452 2370 «
470 2331 577 2381 Quae
595 2335 657 2370 est
668 2326 763 2380 ista,
779 2341 877 2385 quae
890 2323 1084 2368 ascendit
1101 2322 1324 2367 dealbata?
1336 2340 1355 2362 »
1376 2324 1400 2365 J
1404 2338 1471 2366 am
1486 2321 1709 2377 mirabilis,
1719 2323 1811 2382 jam

425 2400 495 2443 vix
515 2395 874 2456 contemplabilis.
896 2394 1158 2439 Admirantis
1175 2402 1238 2437 est
1259 2394 1374 2436 enim
1388 2391 1553 2449 dicere,
1584 2412 1604 2434 «
1621 2397 1725 2446 Quae
1747 2401 1812 2436 est

431 2489 451 2511 »
486 2472 561 2514 ista
581 2506 590 2524 ,
618 2484 717 2528 quae
740 2467 932 2512 ascendit
952 2466 1178 2520 dealbata,
1208 2484 1227 2507 »
1260 2474 1347 2509 tam
1377 2464 1584 2524 pulchra,
1616 2474 1705 2508 tam
1737 2464 1823 2508 lu-=

478 2574 485 2589 ¹
508 2567 619 2598 Manli.
648 2577 747 2597 xxvr'..
770 2564 820 2601 .{o.
847 2580 889 2586 --
904 2570 915 2585 ἓ
936 2565 1025 2595 Cant.
1049 2574 1082 2603 v,
1102 2575 1134 2605 9.
1154 2580 1195 2584 —
1212 2560 1224 2584 3
1243 2563 1370 2601 hisnu,
1387 2561 1420 2603 5,
1437 2563 1530 2602 juxta
1547 2573 1618 2595 Lxx.
1640 2579 1681 2585 —-
1700 2560 1716 2591 4
1733 2564 1807 2594 Act.

430 2636 518 2665 xxm,
538 2623 567 2655 3.
593 2639 632 2645 —-
650 2626 664 2644 *
684 2633 694 2653 1
717 2622 794 2652 'sim
817 2633 864 2656 με,
892 2620 940 2651 13.
958 2637 995 2641 ν-
1018 2618 1032 2641 6
1053 2619 1167 2661 Ephcs.
1186 2630 1218 2659 11,
1243 2619 1272 2650 3.
1297 2618 1488 2659 —71d.v,
1508 2618 1538 2650 8.
