1848 3261
236 245 478 274 ENARRATIO
510 248 555 275 uv
587 244 789 276 PsALMUM
819 247 980 285 cxvm,
1015 246 1153 277 SERMO
1184 250 1298 278 xxiv.
1370 238 1456 278 499

78 309 330 369 quiescunt,
349 327 430 356 nec
447 327 526 356 nos
541 320 774 357 conterunt
786 311 1014 370 litigando,
1030 314 1104 357 sed
1118 315 1458 372 obtemperando

78 381 221 439 potius
241 381 534 426 consolantur.
565 385 691 428 Certe
706 390 884 442 propter
905 397 976 426 eos
996 383 1071 442 qui
1097 392 1140 426 et
1161 383 1273 427 inter
1294 400 1338 428 se
1359 401 1459 444 per-

79 449 277 495 tinaciter
291 461 446 510 agunt,
464 462 506 498 et
520 451 697 513 quando
713 452 851 496 bonos
865 461 1091 512 premunt,
1108 462 1253 496 nostra
1266 454 1460 513 judicata

79 529 367 565 contemnunt
385 557 396 577 ,
416 522 668 582 faciuntque
689 522 814 566 nobis
836 523 975 581 perire
997 532 1192 582 tempora
1216 525 1344 567 rebus
1362 540 1460 569 ero-

79 592 218 649 ganda
232 592 387 636 divinis
407 614 417 650 3
436 602 552 637 certe
568 629 578 648 ,
599 594 777 653 inquam
790 629 799 647 ,
821 603 998 652 propter
1015 594 1116 637 istos
1134 603 1177 638 et
1199 594 1463 639 nobisliceat

80 661 316 706 exclamare
336 664 382 707 in
404 664 483 707 hac
504 678 610 707 voce
632 664 822 723 corporis
845 664 1004 708 Christi
1024 683 1032 708 :
1055 683 1071 703 «
1092 663 1313 708 Declinate
1335 681 1359 708 a
1373 680 1460 722 me,

83 752 102 773 n
136 732 342 790 maligni,
368 742 411 776 et
432 734 658 777 scrutabor
680 732 883 777 mandata
907 734 984 777 Dei
1008 734 1107 777 mei.
1138 752 1158 775 n

141 804 216 846 IV.
239 802 402 846 Deinde
424 813 706 864 posteaquam
724 803 844 848 velut
865 804 919 847 ab
940 804 1075 848 oculis
1093 804 1233 848 cordis
1256 806 1319 848 sui
1346 821 1466 849 mus-

82 889 152 918 cas
172 873 384 917 irruentes
407 874 551 932 abegit
566 910 576 929 ,
596 875 707 918 redit
725 874 780 918 ad
802 890 902 918 eum
922 875 992 918 cui
1014 874 1185 919 dicebat
1203 894 1212 919 :
1242 895 1260 916 «
1281 877 1468 935 Adjutor

86 962 107 985 n
141 960 262 988 meus
275 954 319 987 et
335 955 556 1004 susceptor
570 961 691 989 meus
710 962 752 989 es
767 955 831 999 tu,
846 946 892 988 in
908 947 1091 989 verbum
1103 955 1231 990 tuum
1241 947 1424 1006 speravi3
1443 965 1463 988 η

82 1030 343 1075 precemque
364 1016 624 1060 continuans
649 1035 657 1060 t
678 1035 698 1058 «
725 1017 899 1073 Suscipe
918 1032 986 1060 me
1001 1052 1011 1071 ,
1037 1017 1181 1076 inquit
1196 1052 1206 1072 ,
1227 1018 1468 1061 secundum

85 1105 106 1128 υ
142 1087 365 1147 eloquium
377 1097 516 1141 tuum,
535 1097 575 1131 et
589 1088 755 1145 vivam,
772 1097 815 1131 et
832 1104 886 1131 ne
900 1087 1142 1132 confundas
1160 1103 1229 1131 me
1246 1088 1301 1131 ab
1316 1104 1471 1147 expec-

88 1177 107 1198 »
141 1158 305 1201 tatione
324 1160 460 1202 mea¹.
496 1176 514 1198 »
544 1158 628 1211 Qui
646 1159 736 1218 jam
758 1158 923 1201 dixerat
940 1168 956 1213 ,'
981 1177 1000 1199 «
1029 1160 1259 1217 Susceptor
1280 1174 1422 1213 meus,
1445 1177 1465 1199 »

84 1229 222 1288 poscit
253 1229 388 1287 magis
421 1229 644 1288 magisque
671 1229 852 1287 suscipi,
878 1238 921 1272 et
943 1228 998 1272 ad
1017 1228 1130 1272 illud
1151 1238 1329 1288 propter
1350 1228 1472 1289 quod

83 1298 240 1343 tolerat
262 1308 350 1343 tam
372 1298 508 1342 multa
530 1298 710 1343 molesta
726 1334 736 1354 ,
763 1298 942 1357 perduci
973 1318 982 1343 :
1006 1300 1150 1342 verius
1169 1299 1231 1342 ibi
1251 1315 1315 1355 se,
1337 1316 1470 1360 quam

83 1370 129 1413 in
149 1371 238 1414 istis
270 1371 563 1414 humanarum
596 1385 740 1414 rerum
767 1370 941 1414 somniis
963 1369 1102 1413 fidens
1124 1385 1213 1413 esse
1233 1371 1467 1414 victurum.

87 1441 156 1485 Sic
177 1442 291 1484 enim
307 1441 361 1484 de
378 1439 528 1484 futuro
546 1441 713 1484 dictum
735 1450 823 1494 est,
841 1458 860 1481 «
878 1442 934 1483 Et
955 1440 1119 1494 vivam,
1144 1458 1163 1480 »
1196 1449 1405 1500 tanquam
1426 1442 1471 1484 in

85 1511 380 1570 hoc'corpore
403 1521 575 1555 mortuo
596 1526 686 1555 non
707 1510 892 1555 vivatur.
918 1511 1086 1568 Corpus
1109 1510 1225 1553 enim
1246 1521 1471 1555 mortuum

86 1590 150 1625 est
170 1591 347 1640 propter
370 1591 609 1640 peccatum.
640 1583 697 1624 Et
716 1589 992 1639 expectantes
1011 1580 1355 1639 redemptionem
1378 1597 1476 1625 cor-

86 1652 201 1712 poris
222 1651 379 1706 nostri,
402 1667 477 1710 spe
500 1650 603 1694 salvi
627 1649 731 1696 facti
753 1665 902 1694 sumus
921 1685 930 1704 ,
955 1659 999 1693 et
1020 1651 1141 1710 quod
1162 1666 1253 1694 non
1274 1651 1470 1696 videmus

85 1731 305 1782 sperantes
319 1757 330 1777 ,
351 1737 428 1781 per
442 1721 692 1780 patientiam
708 1724 1026 1779 expectainus‘2:
1047 1720 1131 1764 Sed
1147 1735 1241 1779 spes
1263 1737 1352 1765 non
1370 1738 1474 1767 con-

83 1793 255 1848 fundit,
281 1793 313 1835 si
332 1792 518 1836 charitas
540 1791 617 1834 Dei
640 1789 905 1834 diffunditur
927 1790 972 1832 in
991 1791 1197 1834 cordibus
1215 1793 1372 1836 nostris
1395 1808 1471 1852 per

87 1864 295 1923 Spiritum
309 1870 507 1906 sanctum
541 1860 617 1920 qui
653 1859 780 1902 datus
817 1867 880 1902 est
910 1858 1036 1903 nobis
1052 1861 1084 1903 3.
1130 1863 1312 1920 Propter
1339 1879 1471 1922 quem

84 1934 246 1992 largius
268 1930 568 1991 accipiendum
591 1929 804 1974 clamatur
826 1929 882 1974 ad
905 1933 1077 1974 Patrem
1103 1949 1112 1975 ε
1142 1949 1162 1973 «
1184 1934 1247 1977 Ne
1285 1932 1471 1978 confun-

89 2024 110 2047 »
144 1998 221 2048 das
243 2019 312 2047 me
334 2002 388 2047 ab
411 2001 706 2061 expectatione
728 2016 838 2044 mea.
869 2018 888 2040 »

145 2078 198 2119 V.
215 2077 272 2118 Et
292 2083 499 2133 tanquam
521 2071 560 2114 ei
582 2086 836 2130 responsum
857 2070 991 2115 fuerit
1011 2071 1057 2115 in
1079 2071 1270 2128 silentio,
1296 2089 1386 2119 non
1408 2077 1471 2121 vis

85 2145 298 2191 confundj
329 2145 384 2188 ab
415 2143 712 2202 expectatione
746 2143 844 2185 tua?
865 2143 962 2186 Non
992 2141 1249 2187 intermittas
1271 2144 1470 2190 meditari

81 2215 414 2279 justificationes
428 2229 558 2257 meas.
582 2212 777 2257 Sentiens
790 2212 916 2255 istam
928 2210 1255 2257 meditationem
1273 2214 1470 2273 plerum-

87 2301 174 2349 que
191 2286 347 2331 animae
368 2283 648 2342 languoribus
670 2281 872 2341 impediri
893 2299 937 2326 2«
951 2281 1122 2342 Adjuva
1139 2298 1223 2339 me,
1244 2285 1408 2345 inquit,
1425 2297 1468 2332 et

90 2359 265 2404 »salvus
277 2373 367 2412 ero,
377 2365 421 2401 et
435 2355 678 2400 meditabor
690 2355 733 2397 in
743 2354 1122 2414 justificationibus
1137 2356 1221 2399 tuis
1234 2359 1435 2416 semper&
1445 2378 1465 2401 »

146 2433 223 2475 VI.
253 2448 272 2471 «
290 2427 495 2488 Sprevisti
510 2441 658 2471 omnes
677 2441 686 2466 :
713 2443 733 2465 »
754 2423 823 2468 vel
844 2423 964 2484 quod
986 2425 1040 2468 de
1062 2440 1201 2482 graeco
1220 2425 1466 2485 diligentius

137 2534 145 2549 ¹
169 2525 252 2557 Psal.
279 2511 385 2562 cxviii,
410 2522 528 2553 116.--
555 2529 566 2544 2
587 2524 677 2554 Rom.
703 2531 770 2560 vin,
792 2530 831 2551 10
850 2524 882 2551 et
901 2519 1066 2551 23—25.—-
1087 2519 1163 2552 ³1d.
1184 2532 1218 2561 v,
1239 2521 1268 2552 5.
1297 2539 1338 2545 —
1359 2522 1464 2557 412531,

89 2594 198 2624 cxviii,
224 2594 234 2613 ι
246 2591 294 2622 17.

1243 2632 1304 2672 32.
