1848 3261
359 188 444 231 362
788 201 822 229 s.
856 197 1087 230 Aucus-nm
1118 201 1301 230 muscom

360 288 380 310 ›>
415 274 561 311 autem
582 280 672 311 non
702 265 858 322 habet,
894 275 937 311 et
968 265 1087 327 quod
1108 265 1242 311 habet
1267 266 1487 313 auferetur
1504 268 1559 313 ab
1581 282 1632 314 eo
1650 270 1682 314 1.
1713 288 1732 312 »
1786 286 1789 287 ⁷

415 340 472 382 II.
499 336 622 382 D1cat
643 352 743 396 ergo
764 337 842 381 iste
858 337 998 381 bonus
1020 352 1166 381 servus
1187 347 1364 382 cantans
1385 356 1404 379 «
1423 338 1625 395 Alleluia,
1649 358 1666 381 »
1691 339 1738 383 id

355 417 440 463 est,
466 407 706 453 sacrificans
728 409 912 453 Domino
933 408 1192 452 sacrificium
1213 407 1376 465 laudis,
1401 425 1425 453 a
1450 425 1538 470 quo
1561 409 1737 454 auditu-

359 499 378 521 »
413 494 486 523 rus
502 487 566 523 est
586 498 594 524 :
625 497 643 518 «
672 482 791 522 Intra
818 477 865 521 in
885 479 1091 536 gaudium
1115 477 1281 523 domini
1305 479 1368 523 tui
1392 498 1402 524 2
1433 500 1451 522 »
1474 480 1663 537 exultet,
1695 489 1739 526 et

355 548 471 593 dicat
497 568 506 594 ε
535 568 552 589 «
579 547 779 603 Credidi,
806 557 982 607 propter
1005 547 1124 608 quod
1145 547 1318 593 locutus
1336 564 1432 593 sum
1445 552 1477 593 2.
1500 569 1517 591 »
1540 552 1634 594 Hoc
1656 559 1736 605 est,

353 618 545 680 perfecte
570 617 749 662 credidi.
786 620 884 663 Non
915 619 1030 662 enim
1050 617 1242 678 perfecte
1274 619 1459 664 credunt
1478 654 1489 675 ‚
1522 620 1599 680 qui
1620 619 1741 681 quod

353 688 538 734 credunt
552 687 674 748 loqui
689 686 860 732 nolunt.
878 687 946 732 Ad
959 688 1094 747 ipsam
1117 689 1232 733 enim
1249 689 1382 734 fidem
1403 690 1591 749 pertinet
1612 691 1740 734 etiam

352 758 465 803 illud
487 757 662 802 credere
684 757 804 818 quod
826 757 993 802 dictum
1014 767 1078 802 est
1097 778 1105 802 :
1136 777 1153 799 «
1181 759 1266 812 Qui
1280 774 1349 803 me
1368 759 1587 805 confessus
1609 760 1742 804 fuerit

359 851 377 872 »
413 845 558 874 coram
579 829 845 884 hominibus,
861 829 1104 874 confitebor
1116 844 1214 873 eum
1233 845 1379 874 coram
1397 830 1571 888 Angelis
1585 830 1663 875 Dei
1677 831 1708 874 ³.
1720 850 1737 871 »

353 902 419 944 Ex
435 901 519 945 hoc
541 900 658 944 enim
679 909 742 944 est
764 899 1004 960 appellatus
1026 899 1166 945 fidelis
1187 899 1260 944 ille
1281 916 1444 956 servus,
1460 917 1550 945 non
1572 910 1744 946 tantum

354 972 456 1033 quia
478 972 664 1032 accepit,
686 973 762 1016 sed
784 972 886 1033 quia
908 972 1123 1031 impendit
1144 980 1274 1032 atque
1299 971 1492 1016 lucratus
1510 981 1587 1016 est.
1615 975 1681 1016 Ita
1700 982 1744 1017 et

353 1044 438 1088 hoc
464 1042 561 1087 loco
583 1058 673 1088 non
695 1043 752 1087 ait
776 1062 784 1088 ι
811 1042 1012 1098 Credidi,
1049 1051 1091 1087 et
1113 1041 1285 1087 locutus
1307 1058 1402 1087 sum
1429 1062 1438 1088 ε
1465 1042 1541 1088 sed
1570 1052 1744 1102 propter

352 1114 436 1158 hoc
461 1112 566 1158 dicit
587 1112 662 1157 sed
680 1113 878 1158 locutum
894 1128 1000 1168 esse,
1014 1113 1115 1173 quia
1138 1112 1335 1157 credidit.
1358 1112 1496 1158 Simul
1517 1113 1631 1156 enim
1652 1128 1742 1157 cre-

355 1183 494 1239 didit,
520 1193 562 1227 et
583 1182 704 1243 quod
727 1183 954 1243 praemium
975 1182 1199 1243 loquendo
1221 1199 1409 1242 sperare,
1435 1192 1478 1227 et
1494 1199 1626 1243 quam
1648 1199 1741 1243 poe-

354 1270 456 1299 nam
484 1253 668 1299 tacendo
695 1254 847 1298 timere
874 1253 1066 1298 deberet.
1097 1274 1113 1294 «
1141 1253 1343 1309 Credidi,
1370 1255 1540 1314 inquit,
1563 1263 1741 1314 propter

359 1345 377 1367 »
413 1324 534 1384 quod
554 1323 728 1368 loeutus
754 1339 867 1368 sum.
894 1327 987 1382 Ego
1010 1332 1157 1367 autem
1178 1323 1431 1368 humiliatus
1448 1339 1545 1367 sum
1565 1324 1736 1368 nimis.»

356 1398 509 1440 Passus
542 1403 608 1439 est
640 1394 755 1437 enim
789 1393 947 1438 multas
979 1392 1310 1449 tribulationes,
1348 1403 1526 1454 propter
1558 1394 1739 1438 verbum

356 1466 475 1526 quod
496 1464 684 1509 fideliter
705 1464 897 1519 tenebat,
922 1463 1108 1508 fideliter
1128 1464 1411 1524 impendebat
1437 1484 1445 1509 :
1471 1474 1514 1509 et
1533 1464 1740 1509 humilia-

356 1546 425 1581 tus
446 1546 509 1581 est
530 1537 678 1581 nimis:
704 1535 824 1597 quod
840 1535 902 1580 illi
925 1536 1166 1580 timuerunt
1181 1571 1192 1591 ‚
1225 1554 1242 1575 «
1270 1536 1352 1589 Qui
1373 1545 1627 1580 amaverunt
1644 1535 1740 1595 glo-

360 1629 378 1651 »
413 1608 521 1652 riam
541 1608 772 1652 hominum
794 1608 928 1666 magis
949 1623 1082 1667 quam
1107 1608 1198 1651 Dei.
1223 1625 1243 1649 »
1272 1609 1355 1653 Sed
1373 1607 1479 1668 quid
1497 1618 1580 1662 est,
1602 1626 1619 1648 «
1646 1610 1741 1666 Ego

362 1700 380 1721 »
415 1681 593 1724 autem?
620 1698 637 1720 »
657 1679 825 1723 Diceret
849 1679 992 1738 potius
1014 1698 1022 1723 ε
1048 1678 1246 1733 Credidi,
1271 1688 1449 1738 propter
1470 1678 1591 1738 quod
1612 1688 1654 1723 et
1674 1679 1742 1723 lo-

356 1759 483 1794 cutus
507 1765 602 1794 sum
618 1785 628 1804 ‚
654 1759 697 1793 et
718 1748 972 1793 humiliatus
994 1764 1089 1792 sum
1113 1748 1255 1792 nimis.
1277 1750 1365 1793 Cur
1387 1748 1577 1804 addidit,
1607 1768 1625 1789 «
1646 1752 1741 1808 Ego

364 1840 381 1863 »
417 1830 578 1875 autem,
600 1840 617 1861 »
639 1820 719 1863 nisi
736 1819 838 1879 quia
858 1820 990 1863 homo
1012 1818 1232 1862 humiliari
1254 1828 1395 1878 potest
1413 1820 1467 1863 ab
1489 1820 1548 1862 eis
1570 1820 1646 1879 qui
1667 1835 1741 1864 ve-

360 1891 475 1936 ritati
496 1889 828 1945 contradicunt,
867 1905 956 1934 non
979 1889 1069 1949 ipsa
1100 1890 1254 1933 veritas
1281 1904 1413 1949 quam
1443 1888 1581 1933 credit
1608 1899 1652 1933 et
1673 1889 1742 1934 lo-

361 1962 540 2022 quitur?
563 1960 687 2005 Unde
710 1970 753 2004 et
775 1960 1008 2020 Apostolus
1024 1995 1035 2015 ,
1061 1975 1162 2004 cum
1189 1959 1243 2003 de
1266 1969 1417 2004 catena
1446 1975 1523 2003 sua
1545 1959 1708 2004 diceret
1728 1979 1737 2004 ε

363 2050 382 2073 «
421 2032 505 2077 Sed
525 2047 688 2087 sermo,
708 2032 871 2092 inquit,
896 2031 974 2075 Dei
995 2046 1085 2074 non
1106 2039 1169 2074 est
1187 2029 1386 2088 alligatus
1401 2030 1432 2073 ⁴.
1450 2050 1467 2071 »
1489 2030 1556 2074 Sic
1579 2038 1622 2073 et
1643 2031 1738 2086 iste,

361 2104 464 2165 quia
500 2105 591 2164 ipsa
620 2112 684 2147 est
704 2119 791 2147 una
825 2117 1007 2162 persona
1044 2110 1293 2145 sanctorum
1329 2100 1525 2155 testium,
1546 2101 1630 2145 hoc
1652 2110 1738 2156 est,

361 2177 606 2231 Martyrum
628 2173 726 2228 Dei,
756 2191 773 2213 «
802 2171 1002 2227 Credidi,
1037 2171 1180 2232 inquit
1198 2206 1208 2225 ,
1233 2180 1410 2230 propter
1428 2171 1549 2231 quod
1570 2170 1742 2215 locutus

364 2263 384 2286 »
417 2259 529 2287 sum.
554 2246 648 2302 Ego
665 2252 833 2298 autem,
863 2263 880 2284 »
901 2258 992 2287 non
1007 2241 1118 2286 illud
1139 2241 1258 2301 quod
1274 2240 1464 2296 credidi,
1489 2256 1579 2285 non
1600 2255 1741 2285 sermo

361 2329 494 2375 quem
513 2313 676 2374 protuli
701 2333 709 2358 :
732 2312 828 2368 sed,
858 2332 875 2353 «
902 2315 995 2371 Ego
1016 2311 1268 2356 humiliatus
1290 2326 1385 2354 sum
1402 2310 1542 2354 nimis.
1573 2331 1591 2352 »

419 2388 501 2430 III.
520 2404 538 2425 «
560 2387 653 2443 Ego
675 2393 820 2428 autem
842 2382 927 2427 dixi
950 2384 995 2427 in
1011 2383 1141 2426 extasi
1158 2397 1251 2426 mea
1274 2400 1283 2426 2
1301 2381 1451 2425 Omnis
1467 2382 1599 2426 homo
1618 2395 1741 2424 men-

412 2487 421 2504 ¹
441 2481 554 2513 Matth.
579 2492 647 2522 11111,
673 2489 731 2521 12,
751 2485 783 2511 et
810 2491 890 2521 xxv,
910 2488 962 2521 29.
989 2496 1030 2502 —-
1051 2486 1062 2501 ²
1083 2478 1161 2510 Psat.
1182 2489 1253 2518 cxv,
1277 2489 1325 2509 10.
1351 2494 1392 2499 --
1413 2476 1425 2500 3
1444 2477 1556 2509 Matth.
1577 2488 1608 2518 x,
1626 2477 1677 2508 32.
1699 2492 1739 2498 —

364 2535 381 2561 4
397 2545 416 2569 2
435 2538 514 2568 Tim.
530 2548 566 2576 11,
590 2548 622 2579 9.
