1848 3261
250 240 492 271 ENARRA'mo
523 242 567 268 nv
601 237 802 268 rsALMUM
833 240 997 278 cxvm,
1031 238 1168 268 sumto
1199 242 1326 268 xvm.
1392 228 1476 269 469

102 316 278 365 συνέτισως
303 307 423 367 quod
443 306 575 350 latine
593 321 682 350 uno
701 304 834 348 verbo
860 303 946 347 dici
960 319 1048 347 non
1067 314 1209 363 potest
1235 325 1243 351 :
1268 315 1478 366 tanquam

101 378 134 421 si
151 393 239 421 non
269 387 411 437 posset
430 377 564 421 latine
585 376 669 420 dici
685 411 696 430 ,
721 390 822 418 sana
845 389 914 417 me
932 395 943 431 3
963 383 1005 418 et
1028 373 1240 418 diceretur
1259 412 1269 430 ,
1295 377 1349 420 da
1371 378 1476 421 mihi

101 448 349 503 sanitatem,
375 449 488 492 sicut
505 449 574 492 hic
591 447 757 491 dictum
781 455 865 500 est,
886 465 903 485 «
928 448 989 489 Da
1010 445 1116 488 mihi
1137 445 1402 490 intellectum
1423 469 1433 505 3
1453 467 1474 489 »

101 527 176 562 aut
189 534 343 562 sanum
360 534 428 562 me
451 518 518 562 fac
536 553 546 571 ‚
572 519 682 561 sicut
701 517 829 560 etiam
850 517 920 559 hic
938 515 1022 560 dici
1047 525 1212 575 potest,
1238 516 1479 575 intelligen-

100 598 188 632 tem
211 604 279 631 me
301 588 383 632 fac.
411 587 539 640 Quod
559 586 737 647 quidem
754 586 897 645 potuit
913 595 956 630 et
978 586 1153 644 angelus
1180 585 1319 630 facere
1345 607 1352 631 2
1378 603 1480 631 nam

101 658 206 703 dixit
227 658 420 713 Danieli,
460 676 480 700 «
512 658 622 701 Veni
655 657 925 701 intellectum
963 656 1065 700 dare
1088 657 1168 701 tibi
1187 659 1199 683 ¹
1234 677 1242 701 :
1273 675 1292 697 »
1325 667 1367 701 et
1397 659 1480 702 hoc

99 729 282 773 verbum
307 737 369 772 est
387 728 433 772 in
456 743 616 787 graeco,
642 727 763 788 quod
785 727 913 772 etiam
931 727 1001 771 hic
1023 736 1107 782 cst,
1134 734 1285 767 συνετίσαί
1307 748 1361 783 σε,
1383 737 1482 772 tan-

101 815 233 860 quam
256 799 419 843 diceret
445 799 627 853 latinus,
660 799 884 842 sanitatem
918 797 1020 842 dare
1042 798 1145 853 tibi,
1179 798 1299 858 quod
1318 815 1483 858 graecus

103 869 278 925 dixiset‚
316 885 465 914 sanare
498 879 556 913 te.
587 872 685 914 Non
716 869 831 913 enim
871 868 1287 928 circumloqueretur
1324 869 1485 914 latinus

102 941 313 999 interpres
345 939 531 985 dicendo
548 975 558 994 ‚
586 939 856 984 intellectum
878 939 981 983 dare
1011 939 1088 984 tibi
1110 959 1118 985 :
1139 940 1173 984 si
1196 940 1484 1000 quemadmo-

102 1011 209 1054 dum
232 1010 317 1055 dici
338 1020 520 1070 potesta
553 1010 733 1063 sanitate
753 1045 763 1066 ,
784 1025 934 1053 sanare
952 1019 1024 1067 te3
1047 1010 1106 1054 ita
1139 1009 1224 1055 dici
1254 1020 1397 1069 posset
1427 1011 1483 1055 ab

101 1080 326 1125 intellectu
341 1117 352 1136 ,
378 1081 677 1125 intellectuare
698 1089 756 1124 te.
794 1081 877 1125 Sed
901 1081 933 1124 si
960 1090 1102 1140 potest
1121 1082 1205 1125 hoc
1227 1090 1270 1125 et
1297 1081 1488 1139 Angelus

101 1151 243 1195 facere
255 1187 264 1205 ‚
290 1151 396 1211 quid
419 1161 481 1195 est
497 1150 617 1211 quod
638 1152 716 1195 iste
731 1152 814 1195 hoc
829 1166 850 1194 a
863 1154 951 1195 Deo
972 1151 1051 1194 sibi
1069 1151 1207 1211 poscit
1224 1161 1272 1195 ut
1294 1153 1368 1195 fiat
1386 1154 1487 1197 PAn

102 1223 203 1283 quia
226 1226 339 1267 Deus
348 1222 515 1281 Angelo
531 1224 713 1282 jusserat
729 1232 777 1266 ut
789 1221 975 1266 faceret?
993 1226 1058 1266 Ita
1070 1238 1174 1267 vero
1195 1242 1204 1267 :
1225 1239 1324 1267 nam
1340 1224 1488 1268 Chris-

102 1302 172 1336 tus
201 1292 460 1349 intelligitur
482 1292 565 1336 hoc
592 1292 764 1352 jussisse
795 1292 964 1351 Angelo
1001 1302 1052 1336 ut
1084 1292 1269 1347 faceret,
1306 1309 1356 1337 eo
1391 1293 1489 1338 loco

102 1363 181 1407 ubi
202 1364 260 1406 ait
282 1364 497 1422 Propheta
510 1398 520 1417 ,
538 1382 557 1404 «
577 1366 634 1406 Et
662 1362 827 1407 factum
841 1372 903 1406 est
920 1379 1018 1407 cum
1033 1363 1222 1407 viderem
1241 1379 1320 1423 ego
1339 1364 1489 1409 Daniel

105 1452 125 1475 »
160 1434 301 1478 visum
325 1469 335 1488 ‚
373 1442 416 1477 et
458 1434 708 1492 quaerebam
742 1434 1011 1478 intellectum
1035 1470 1045 1489 ‚
1084 1444 1127 1479 et
1157 1450 1255 1479 ecce
1289 1436 1405 1480 stetit
1442 1436 1489 1480 in

105 1522 125 1545 »
162 1513 397 1564 conspectu
415 1519 511 1547 meo
529 1512 578 1547 ut
600 1504 715 1548 visus
733 1504 830 1558 viri,
858 1514 901 1548 et
923 1504 1070 1549 audivi
1092 1521 1242 1549 vocem
1275 1507 1354 1549 viri
1377 1506 1491 1550 inter

106 1575 235 1628 Ubal,
254 1584 296 1618 et
309 1575 494 1628 vocavit,
512 1583 554 1618 et
567 1573 674 1618 dixit
690 1595 700 1618 ι
719 1577 805 1618 Fac
818 1574 1058 1632 intelligere
1075 1575 1198 1619 illum
1214 1575 1486 1620 visionem‘2.»

103 1649 160 1690 Et
180 1646 240 1689 ibi
258 1646 304 1688 in
327 1661 467 1704 graeco
487 1644 669 1688 verbum
695 1645 778 1688 hoc
810 1654 898 1700 est,
925 1647 1046 1705 quod
1079 1647 1230 1702 ethic,
1255 1646 1300 1691 id
1323 1655 1385 1690 est
1404 1655 1492 1686 συνέ-

104 1737 198 1757 τισιν.
229 1720 342 1761 Deus
363 1717 510 1776 itaque
538 1732 615 1776 per
638 1731 681 1760 se
714 1716 874 1773 ipsum,
912 1717 1014 1776 quia
1044 1716 1120 1760 lux
1152 1727 1215 1762 est
1233 1753 1243 1771 ,
1275 1717 1492 1763 illuminat

103 1788 194 1847 pias
217 1797 384 1832 mentes
401 1789 416 1813 3
429 1823 439 1841 ,
460 1796 510 1830 ut
527 1802 575 1830 ea
593 1802 693 1846 quae
711 1786 856 1830 divina
871 1787 1079 1831 dicuntur
1094 1787 1164 1832 vel
1181 1787 1487 1835 ostenduntur.

104 1857 364 1916 intelligant.
394 1856 477 1901 Sed
497 1856 531 1900 si
554 1856 608 1900 ad
630 1857 713 1900 hoc
742 1856 938 1901 ministro
972 1858 1110 1901 utitur
1131 1858 1322 1917 Angelo,
1350 1868 1491 1919 potest

104 1927 283 1988 quidem
305 1926 471 1987 aliquid
489 1941 612 1984 agere
626 1925 818 1985 Angelus
839 1927 884 1970 in
907 1936 1052 1971 mente
1070 1928 1273 1984 hominis,
1292 1939 1341 1973 ut
1353 1931 1494 1989 capiat

105 1999 248 2042 lucem
274 1998 351 2042 Dei
366 2033 375 2051 ‚
402 2007 445 2041 et
465 1998 666 2057 perhanc
689 1997 901 2057 intelligat
920 2017 928 2042 :
947 1998 1098 2042 sedita
1115 1997 1276 2043 dicitur
1293 2000 1493 2045 intellec-

110 2078 201 2113 tum
232 2067 334 2111 dare
365 2067 561 2122 homini,
589 2076 631 2110 et
654 2068 798 2127 quasi,
830 2077 880 2112 ut
901 2069 960 2113 ita
993 2068 1162 2123 dicam,
1193 2070 1494 2116 intellectuare

107 2139 327 2183 hominem
346 2173 356 2193 ‚
389 2137 759 2198 quemadmodum
782 2139 1013 2198 quisquam
1042 2139 1201 2184 dicitur
1222 2139 1363 2184 lucem
1392 2141 1494 2186 dare

108 2209 280 2263 domui,
300 2208 371 2252 vel
394 2207 642 2251 illuminare
663 2207 843 2252 domum
865 2244 874 2263 ‚
901 2209 970 2252 cui
994 2208 1226 2254 fenestram
1243 2209 1370 2269 facit3
1394 2227 1495 2256 cum
1526 2202 1529 2209 ’

109 2295 202 2323 eam
227 2295 316 2322 non
335 2294 409 2322 sua
428 2278 524 2322 luce
548 2287 747 2337 penetret
770 2287 813 2322 et
846 2277 1053 2334 illustret,
1086 2280 1160 2324 sed
1189 2282 1496 2326 tantummodo

110 2349 275 2393 aditum
295 2365 383 2409 quo
396 2358 672 2408 penetretur,
696 2358 826 2408 atque
840 2349 1095 2405 illustretur,
1115 2352 1291 2410 aperiat.
1317 2352 1398 2397 Sed
1415 2368 1494 2397 nec

110 2420 173 2463 sol
195 2421 269 2479 qui
290 2435 365 2478 per
386 2419 618 2464 fenestram
646 2419 834 2462 illustrat
856 2419 1032 2464 domum
1048 2457 1057 2475 ,
1078 2421 1166 2480 ipse
1196 2422 1355 2465 creavit
1378 2438 1495 2465 eam-

111 2489 207 2533 dem
233 2489 413 2534 (lomum
435 2525 445 2545 ,
467 2499 541 2533 aut
558 2490 783 2534 hominem
812 2490 885 2550 qui
903 2490 1130 2534 fenestram
1150 2492 1252 2535 fecit
1275 2493 1315 2534 in
1337 2491 1490 2543 domo,

162 2580 169 2595 ¹
191 2577 266 2605 Dan.
287 2585 319 2614 x,
341 2574 390 2615 14.
411 2591 451 2595 —-
472 2574 636 2614 ²1d.vn1‚
663 2573 976 2613 15,1(i.—3Joan
1012 2576 1068 2617 ιζ)
1090 2580 1121 2605 et
1139 2586 1170 2615 ς).
