<?xml version="1.0" encoding="UTF-8"?>
<!DOCTYPE html PUBLIC "-//W3C//DTD XHTML 1.0 Transitional//EN"
    "http://www.w3.org/TR/xhtml1/DTD/xhtml1-transitional.dtd">
<html xmlns="http://www.w3.org/1999/xhtml" xml:lang="en" lang="en">
 <head>
  <title>
</title>
<meta http-equiv="Content-Type" content="text/html;charset=utf-8" />
  <meta name='ocr-system' content='tesseract 3.04.00' />
  <meta name='ocr-capabilities' content='ocr_page ocr_carea ocr_par ocr_line ocrx_word'/>
</head>
<body>
  <div class='ocr_page' id='page_1' title='image "./operaomniaaccura11auguuoft_0086.png"; bbox 0 0 1848 3261; ppageno 0'>
   <div class='ocr_carea' id='block_1_1' title="bbox 406 209 1348 252">
    <p class='ocr_par' dir='ltr' id='par_1_1' title="bbox 406 209 1348 252">
     <span class='ocr_line' id='line_1_1' title="bbox 406 209 1348 252; baseline 0.004 -4"><span class='ocrx_word' id='word_1_1' title='bbox 406 209 461 248; x_wconf 87' lang='lat'>76</span> <span class='ocrx_word' id='word_1_2' title='bbox 836 219 869 251; x_wconf 86' lang='lat' dir='ltr'>s.</span> <span class='ocrx_word' id='word_1_3' title='bbox 906 220 1136 252; x_wconf 59' lang='lat' dir='ltr'>attonsum</span> <span class='ocrx_word' id='word_1_4' title='bbox 1167 224 1348 252; x_wconf 73' lang='lat' dir='ltr'>Emscom</span> 
     </span>
    </p>
   </div>
   <div class='ocr_carea' id='block_1_2' title="bbox 375 288 1796 2599">
    <p class='ocr_par' dir='ltr' id='par_1_2' title="bbox 375 288 1796 2599">
     <span class='ocr_line' id='line_1_2' title="bbox 404 288 1786 350; baseline 0.002 -20"><span class='ocrx_word' id='word_1_5' title='bbox 404 301 535 347; x_wconf 83' lang='lat' dir='ltr'>quam</span> <span class='ocrx_word' id='word_1_6' title='bbox 553 288 775 333; x_wconf 83' lang='lat' dir='ltr'>veniamus</span> <span class='ocrx_word' id='word_1_7' title='bbox 798 289 852 334; x_wconf 86' lang='lat' dir='ltr'>ad</span> <span class='ocrx_word' id='word_1_8' title='bbox 875 291 1198 335; x_wconf 79' lang='lat' dir='ltr'>renovationem</span> <span class='ocrx_word' id='word_1_9' title='bbox 1221 291 1331 334; x_wconf 87' lang='lat' dir='ltr'>sicut</span> <span class='ocrx_word' id='word_1_10' title='bbox 1349 290 1526 350; x_wconf 80' lang='lat' dir='ltr'>aquilae,</span> <span class='ocrx_word' id='word_1_11' title='bbox 1552 298 1786 350; x_wconf 80' lang='lat' dir='ltr'>antequam</span> 
     </span>
     <span class='ocr_line' id='line_1_3' title="bbox 403 358 1787 421; baseline 0.002 -21"><span class='ocrx_word' id='word_1_12' title='bbox 403 358 608 402; x_wconf 74' lang='lat' dir='ltr'>satiemur</span> <span class='ocrx_word' id='word_1_13' title='bbox 636 359 681 403; x_wconf 89' lang='lat' dir='ltr'>in</span> <span class='ocrx_word' id='word_1_14' title='bbox 710 359 849 404; x_wconf 86' lang='lat' dir='ltr'>bonis.</span> <span class='ocrx_word' id='word_1_15' title='bbox 883 361 996 413; x_wconf 83' lang='lat' dir='ltr'>Quid</span> <span class='ocrx_word' id='word_1_16' title='bbox 1022 362 1136 404; x_wconf 80' lang='lat' dir='ltr'>enirn</span> <span class='ocrx_word' id='word_1_17' title='bbox 1159 360 1252 416; x_wconf 88' lang='lat' dir='ltr'>hic,</span> <span class='ocrx_word' id='word_1_18' title='bbox 1278 361 1386 421; x_wconf 77' lang='lat' dir='ltr'>quid</span> <span class='ocrx_word' id='word_1_19' title='bbox 1412 361 1458 405; x_wconf 90' lang='lat' dir='ltr'>in</span> <span class='ocrx_word' id='word_1_20' title='bbox 1486 362 1564 405; x_wconf 85' lang='lat' dir='ltr'>ista</span> <span class='ocrx_word' id='word_1_21' title='bbox 1592 361 1787 420; x_wconf 87' lang='lat' dir='ltr'>peregri-</span> 
     </span>
     <span class='ocr_line' id='line_1_4' title="bbox 402 429 1788 491; baseline 0.002 -20"><span class='ocrx_word' id='word_1_22' title='bbox 402 429 576 473; x_wconf 87' lang='lat' dir='ltr'>natione</span> <span class='ocrx_word' id='word_1_23' title='bbox 588 465 598 484; x_wconf 82' lang='lat'>,</span> <span class='ocrx_word' id='word_1_24' title='bbox 616 431 725 489; x_wconf 85' lang='lat' dir='ltr'>quid</span> <span class='ocrx_word' id='word_1_25' title='bbox 738 431 783 473; x_wconf 91' lang='lat' dir='ltr'>in</span> <span class='ocrx_word' id='word_1_26' title='bbox 805 432 883 474; x_wconf 86' lang='lat' dir='ltr'>ista</span> <span class='ocrx_word' id='word_1_27' title='bbox 898 432 1008 475; x_wconf 75' lang='lat' dir='ltr'>vita?</span> <span class='ocrx_word' id='word_1_28' title='bbox 1023 431 1239 491; x_wconf 88' lang='lat' dir='ltr'>numquid</span> <span class='ocrx_word' id='word_1_29' title='bbox 1258 431 1524 475; x_wconf 74' lang='lat' dir='ltr'>deserimur?</span> <span class='ocrx_word' id='word_1_30' title='bbox 1540 435 1652 476; x_wconf 87' lang='lat' dir='ltr'>Non.</span> <span class='ocrx_word' id='word_1_31' title='bbox 1674 450 1693 472; x_wconf 86' lang='lat'>‹&lt;</span> <span class='ocrx_word' id='word_1_32' title='bbox 1711 434 1788 474; x_wconf 86' lang='lat' dir='ltr'>Fa-</span> 
     </span>
     <span class='ocr_line' id='line_1_5' title="bbox 404 499 1788 561; baseline 0.002 -20"><span class='ocrx_word' id='word_1_33' title='bbox 404 516 424 540; x_wconf 81' lang='lat'>»</span> <span class='ocrx_word' id='word_1_34' title='bbox 461 499 576 543; x_wconf 87' lang='lat' dir='ltr'>ciens</span> <span class='ocrx_word' id='word_1_35' title='bbox 614 501 926 545; x_wconf 70' lang='lat' dir='ltr'>misericordias</span> <span class='ocrx_word' id='word_1_36' title='bbox 971 502 1196 546; x_wconf 80' lang='lat' dir='ltr'>Dominus.</span> <span class='ocrx_word' id='word_1_37' title='bbox 1243 520 1262 542; x_wconf 66' lang='lat'>³&gt;</span> <span class='ocrx_word' id='word_1_38' title='bbox 1298 505 1355 545; x_wconf 85' lang='lat' dir='ltr'>Et</span> <span class='ocrx_word' id='word_1_39' title='bbox 1385 501 1530 545; x_wconf 86' lang='lat' dir='ltr'>videte</span> <span class='ocrx_word' id='word_1_40' title='bbox 1565 500 1788 561; x_wconf 88' lang='lat' dir='ltr'>quomodo</span> 
     </span>
     <span class='ocr_line' id='line_1_6' title="bbox 401 568 1789 631; baseline 0.001 -19"><span class='ocrx_word' id='word_1_41' title='bbox 401 568 528 613; x_wconf 84' lang='lat' dir='ltr'>saciat</span> <span class='ocrx_word' id='word_1_42' title='bbox 556 571 890 626; x_wconf 78' lang='lat' dir='ltr'>misericordias,</span> <span class='ocrx_word' id='word_1_43' title='bbox 922 587 1010 615; x_wconf 93' lang='lat' dir='ltr'>non</span> <span class='ocrx_word' id='word_1_44' title='bbox 1036 588 1113 616; x_wconf 87' lang='lat' dir='ltr'>nos</span> <span class='ocrx_word' id='word_1_45' title='bbox 1139 571 1390 631; x_wconf 89' lang='lat' dir='ltr'>relinquens</span> <span class='ocrx_word' id='word_1_46' title='bbox 1411 574 1455 614; x_wconf 89' lang='lat' dir='ltr'>in</span> <span class='ocrx_word' id='word_1_47' title='bbox 1486 571 1656 616; x_wconf 85' lang='lat' dir='ltr'>deserto</span> <span class='ocrx_word' id='word_1_48' title='bbox 1675 606 1685 626; x_wconf 88' lang='lat'>,</span> <span class='ocrx_word' id='word_1_49' title='bbox 1701 586 1789 615; x_wconf 88' lang='lat' dir='ltr'>non</span> 
     </span>
     <span class='ocr_line' id='line_1_7' title="bbox 404 640 1786 702; baseline 0.002 -20"><span class='ocrx_word' id='word_1_50' title='bbox 404 655 481 683; x_wconf 88' lang='lat' dir='ltr'>nos</span> <span class='ocrx_word' id='word_1_51' title='bbox 507 640 755 700; x_wconf 86' lang='lat' dir='ltr'>relinquens</span> <span class='ocrx_word' id='word_1_52' title='bbox 774 642 817 685; x_wconf 91' lang='lat' dir='ltr'>in</span> <span class='ocrx_word' id='word_1_53' title='bbox 836 657 1002 697; x_wconf 82' lang='lat' dir='ltr'>eremo,</span> <span class='ocrx_word' id='word_1_54' title='bbox 1027 643 1166 687; x_wconf 82' lang='lat' dir='ltr'>donec</span> <span class='ocrx_word' id='word_1_55' title='bbox 1182 643 1481 702; x_wconf 76' lang='lat' dir='ltr'>perveniamus</span> <span class='ocrx_word' id='word_1_56' title='bbox 1505 643 1559 687; x_wconf 85' lang='lat' dir='ltr'>ad</span> <span class='ocrx_word' id='word_1_57' title='bbox 1576 643 1786 702; x_wconf 67' lang='lat' dir='ltr'>patriam,</span> 
     </span>
     <span class='ocr_line' id='line_1_8' title="bbox 403 711 1787 772; baseline 0.004 -21"><span class='ocrx_word' id='word_1_58' title='bbox 403 727 424 751; x_wconf 88' lang='lat'>»</span> <span class='ocrx_word' id='word_1_59' title='bbox 442 711 620 754; x_wconf 87' lang='lat' dir='ltr'>Faciens</span> <span class='ocrx_word' id='word_1_60' title='bbox 635 712 962 766; x_wconf 77' lang='lat' dir='ltr'>misericordias,</span> <span class='ocrx_word' id='word_1_61' title='bbox 985 731 1004 753; x_wconf 87' lang='lat'>»</span> <span class='ocrx_word' id='word_1_62' title='bbox 1023 714 1096 757; x_wconf 85' lang='lat' dir='ltr'>sed</span> <span class='ocrx_word' id='word_1_63' title='bbox 1110 713 1323 772; x_wconf 76' lang='lat' dir='ltr'>quibus?«</span> <span class='ocrx_word' id='word_1_64' title='bbox 1342 713 1460 756; x_wconf 82' lang='lat' dir='ltr'>Beati</span> <span class='ocrx_word' id='word_1_65' title='bbox 1474 711 1787 768; x_wconf 83' lang='lat' dir='ltr'>misericordes,</span> 
     </span>
     <span class='ocr_line' id='line_1_9' title="bbox 404 781 1790 843; baseline 0.004 -22"><span class='ocrx_word' id='word_1_66' title='bbox 404 798 423 821; x_wconf 86' lang='lat'>»</span> <span class='ocrx_word' id='word_1_67' title='bbox 450 781 656 840; x_wconf 87' lang='lat' dir='ltr'>quoniam</span> <span class='ocrx_word' id='word_1_68' title='bbox 673 782 751 840; x_wconf 89' lang='lat' dir='ltr'>ipsi</span> <span class='ocrx_word' id='word_1_69' title='bbox 774 782 1109 826; x_wconf 83' lang='lat' dir='ltr'>misericordiam</span> <span class='ocrx_word' id='word_1_70' title='bbox 1125 792 1446 843; x_wconf 74' lang='lat' dir='ltr'>consequentur</span> <span class='ocrx_word' id='word_1_71' title='bbox 1461 785 1490 826; x_wconf 90' lang='lat'>¹.</span> <span class='ocrx_word' id='word_1_72' title='bbox 1521 801 1541 823; x_wconf 85' lang='lat'>»</span> <span class='ocrx_word' id='word_1_73' title='bbox 1560 783 1694 827; x_wconf 79' lang='lat' dir='ltr'>Modo</span> <span class='ocrx_word' id='word_1_74' title='bbox 1709 798 1790 826; x_wconf 85' lang='lat' dir='ltr'>au-</span> 
     </span>
     <span class='ocr_line' id='line_1_10' title="bbox 401 850 1791 912; baseline 0.002 -19"><span class='ocrx_word' id='word_1_75' title='bbox 401 851 541 905; x_wconf 87' lang='lat' dir='ltr'>distis,</span> <span class='ocrx_word' id='word_1_76' title='bbox 564 850 714 895; x_wconf 87' lang='lat' dir='ltr'>fratres</span> <span class='ocrx_word' id='word_1_77' title='bbox 727 887 737 906; x_wconf 83' lang='lat'>,</span> <span class='ocrx_word' id='word_1_78' title='bbox 755 868 854 896; x_wconf 92' lang='lat' dir='ltr'>cum</span> <span class='ocrx_word' id='word_1_79' title='bbox 873 852 1162 910; x_wconf 83' lang='lat' dir='ltr'>Evangelium</span> <span class='ocrx_word' id='word_1_80' title='bbox 1183 852 1415 911; x_wconf 80' lang='lat' dir='ltr'>legeretur.</span> <span class='ocrx_word' id='word_1_81' title='bbox 1437 855 1534 897; x_wconf 86' lang='lat' dir='ltr'>Non</span> <span class='ocrx_word' id='word_1_82' title='bbox 1549 868 1652 910; x_wconf 83' lang='lat' dir='ltr'>ergo</span> <span class='ocrx_word' id='word_1_83' title='bbox 1665 862 1791 912; x_wconf 85' lang='lat' dir='ltr'>putet</span> 
     </span>
     <span class='ocr_line' id='line_1_11' title="bbox 400 921 1790 982; baseline 0.003 -18"><span class='ocrx_word' id='word_1_84' title='bbox 400 921 555 982; x_wconf 88' lang='lat' dir='ltr'>aliquis</span> <span class='ocrx_word' id='word_1_85' title='bbox 576 923 771 967; x_wconf 86' lang='lat' dir='ltr'>futuram</span> <span class='ocrx_word' id='word_1_86' title='bbox 796 924 841 967; x_wconf 90' lang='lat' dir='ltr'>in</span> <span class='ocrx_word' id='word_1_87' title='bbox 870 939 914 968; x_wconf 90' lang='lat' dir='ltr'>se</span> <span class='ocrx_word' id='word_1_88' title='bbox 932 939 1021 968; x_wconf 85' lang='lat' dir='ltr'>esse</span> <span class='ocrx_word' id='word_1_89' title='bbox 1045 923 1383 968; x_wconf 86' lang='lat' dir='ltr'>misericordiam</span> <span class='ocrx_word' id='word_1_90' title='bbox 1422 924 1521 978; x_wconf 82' lang='lat' dir='ltr'>Dei,</span> <span class='ocrx_word' id='word_1_91' title='bbox 1552 924 1585 966; x_wconf 82' lang='lat' dir='ltr'>si</span> <span class='ocrx_word' id='word_1_92' title='bbox 1612 933 1675 967; x_wconf 89' lang='lat' dir='ltr'>est</span> <span class='ocrx_word' id='word_1_93' title='bbox 1701 925 1790 982; x_wconf 88' lang='lat' dir='ltr'>ipse</span> 
     </span>
     <span class='ocr_line' id='line_1_12' title="bbox 400 992 1790 1054; baseline 0.001 -19"><span class='ocrx_word' id='word_1_94' title='bbox 400 992 718 1038; x_wconf 79' lang='lat' dir='ltr'>immisericors.</span> <span class='ocrx_word' id='word_1_95' title='bbox 743 993 826 1039; x_wconf 87' lang='lat' dir='ltr'>Sed</span> <span class='ocrx_word' id='word_1_96' title='bbox 849 993 950 1038; x_wconf 87' lang='lat' dir='ltr'>audi</span> <span class='ocrx_word' id='word_1_97' title='bbox 970 1010 1069 1054; x_wconf 79' lang='lat' dir='ltr'>quae</span> <span class='ocrx_word' id='word_1_98' title='bbox 1094 995 1147 1038; x_wconf 90' lang='lat' dir='ltr'>sit</span> <span class='ocrx_word' id='word_1_99' title='bbox 1166 1009 1367 1038; x_wconf 84' lang='lat' dir='ltr'>mensura</span> <span class='ocrx_word' id='word_1_100' title='bbox 1389 993 1714 1048; x_wconf 67' lang='lat' dir='ltr'>misericordiae,</span> <span class='ocrx_word' id='word_1_101' title='bbox 1735 1009 1790 1037; x_wconf 89' lang='lat' dir='ltr'>ne</span> 
     </span>
     <span class='ocr_line' id='line_1_13' title="bbox 400 1064 1786 1123; baseline 0.001 -17"><span class='ocrx_word' id='word_1_102' title='bbox 400 1064 523 1123; x_wconf 87' lang='lat' dir='ltr'>quasi</span> <span class='ocrx_word' id='word_1_103' title='bbox 542 1064 588 1107; x_wconf 89' lang='lat' dir='ltr'>in</span> <span class='ocrx_word' id='word_1_104' title='bbox 611 1065 798 1108; x_wconf 89' lang='lat' dir='ltr'>amicum</span> <span class='ocrx_word' id='word_1_105' title='bbox 815 1065 889 1120; x_wconf 79' lang='lat' dir='ltr'>sit,</span> <span class='ocrx_word' id='word_1_106' title='bbox 917 1074 959 1108; x_wconf 92' lang='lat' dir='ltr'>et</span> <span class='ocrx_word' id='word_1_107' title='bbox 981 1080 1070 1109; x_wconf 87' lang='lat' dir='ltr'>non</span> <span class='ocrx_word' id='word_1_108' title='bbox 1092 1065 1146 1109; x_wconf 91' lang='lat' dir='ltr'>sit</span> <span class='ocrx_word' id='word_1_109' title='bbox 1168 1065 1213 1108; x_wconf 89' lang='lat' dir='ltr'>in</span> <span class='ocrx_word' id='word_1_110' title='bbox 1236 1064 1478 1108; x_wconf 90' lang='lat' dir='ltr'>inimicum.</span> <span class='ocrx_word' id='word_1_111' title='bbox 1509 1064 1682 1107; x_wconf 78' lang='lat' dir='ltr'>Dictum</span> <span class='ocrx_word' id='word_1_112' title='bbox 1707 1074 1786 1119; x_wconf 89' lang='lat' dir='ltr'>est,</span> 
     </span>
     <span class='ocr_line' id='line_1_14' title="bbox 405 1133 1789 1193; baseline 0.003 -17"><span class='ocrx_word' id='word_1_113' title='bbox 405 1152 425 1175; x_wconf 91' lang='lat'>«</span> <span class='ocrx_word' id='word_1_114' title='bbox 459 1133 633 1193; x_wconf 81' lang='lat' dir='ltr'>Diligite</span> <span class='ocrx_word' id='word_1_115' title='bbox 662 1135 856 1179; x_wconf 90' lang='lat' dir='ltr'>inimicos</span> <span class='ocrx_word' id='word_1_116' title='bbox 879 1139 1084 1180; x_wconf 71' lang='lat' dir='ltr'>vestros2.</span> <span class='ocrx_word' id='word_1_117' title='bbox 1124 1154 1144 1176; x_wconf 85' lang='lat'>»</span> <span class='ocrx_word' id='word_1_118' title='bbox 1175 1136 1327 1180; x_wconf 87' lang='lat' dir='ltr'>Satiari</span> <span class='ocrx_word' id='word_1_119' title='bbox 1351 1136 1414 1179; x_wconf 90' lang='lat' dir='ltr'>vis</span> <span class='ocrx_word' id='word_1_120' title='bbox 1437 1135 1562 1180; x_wconf 87' lang='lat' dir='ltr'>bonis</span> <span class='ocrx_word' id='word_1_121' title='bbox 1591 1136 1695 1190; x_wconf 85' lang='lat' dir='ltr'>Dei,</span> <span class='ocrx_word' id='word_1_122' title='bbox 1721 1152 1789 1180; x_wconf 88' lang='lat' dir='ltr'>sa-</span> 
     </span>
     <span class='ocr_line' id='line_1_15' title="bbox 404 1204 1788 1265; baseline 0.002 -18"><span class='ocrx_word' id='word_1_123' title='bbox 404 1204 503 1249; x_wconf 81' lang='lat' dir='ltr'>tiata</span> <span class='ocrx_word' id='word_1_124' title='bbox 526 1205 579 1248; x_wconf 88' lang='lat' dir='ltr'>sit</span> <span class='ocrx_word' id='word_1_125' title='bbox 600 1206 645 1248; x_wconf 88' lang='lat' dir='ltr'>in</span> <span class='ocrx_word' id='word_1_126' title='bbox 674 1214 714 1248; x_wconf 91' lang='lat' dir='ltr'>te</span> <span class='ocrx_word' id='word_1_127' title='bbox 751 1205 1057 1250; x_wconf 87' lang='lat' dir='ltr'>misericordia.</span> <span class='ocrx_word' id='word_1_128' title='bbox 1091 1205 1223 1249; x_wconf 87' lang='lat' dir='ltr'>Plena</span> <span class='ocrx_word' id='word_1_129' title='bbox 1255 1206 1569 1261; x_wconf 84' lang='lat' dir='ltr'>misericordia,</span> <span class='ocrx_word' id='word_1_130' title='bbox 1606 1207 1696 1265; x_wconf 89' lang='lat' dir='ltr'>ipsa</span> <span class='ocrx_word' id='word_1_131' title='bbox 1725 1215 1788 1250; x_wconf 81' lang='lat' dir='ltr'>est</span> 
     </span>
     <span class='ocr_line' id='line_1_16' title="bbox 395 1273 1789 1336; baseline 0.001 -19"><span class='ocrx_word' id='word_1_132' title='bbox 395 1273 587 1334; x_wconf 86' lang='lat' dir='ltr'>perfecta</span> <span class='ocrx_word' id='word_1_133' title='bbox 615 1275 905 1319; x_wconf 85' lang='lat' dir='ltr'>misericordia</span> <span class='ocrx_word' id='word_1_134' title='bbox 944 1296 952 1320; x_wconf 75' lang='grc' dir='ltr'>ε</span> <span class='ocrx_word' id='word_1_135' title='bbox 986 1277 1077 1335; x_wconf 88' lang='lat' dir='ltr'>ipsa</span> <span class='ocrx_word' id='word_1_136' title='bbox 1112 1285 1174 1319; x_wconf 88' lang='lat' dir='ltr'>est</span> <span class='ocrx_word' id='word_1_137' title='bbox 1206 1292 1305 1336; x_wconf 86' lang='lat' dir='ltr'>quae</span> <span class='ocrx_word' id='word_1_138' title='bbox 1340 1286 1476 1330; x_wconf 86' lang='lat' dir='ltr'>amat,</span> <span class='ocrx_word' id='word_1_139' title='bbox 1513 1293 1613 1336; x_wconf 82' lang='lat' dir='ltr'>quae</span> <span class='ocrx_word' id='word_1_140' title='bbox 1649 1276 1789 1334; x_wconf 79' lang='lat' dir='ltr'>diligit</span> 
     </span>
     <span class='ocr_line' id='line_1_17' title="bbox 398 1345 1791 1406; baseline 0.001 -18"><span class='ocrx_word' id='word_1_141' title='bbox 398 1345 527 1389; x_wconf 87' lang='lat' dir='ltr'>etiarn</span> <span class='ocrx_word' id='word_1_142' title='bbox 549 1346 785 1390; x_wconf 84' lang='lat' dir='ltr'>habentem</span> <span class='ocrx_word' id='word_1_143' title='bbox 823 1361 867 1390; x_wconf 81' lang='lat' dir='ltr'>sc</span> <span class='ocrx_word' id='word_1_144' title='bbox 896 1346 1012 1390; x_wconf 78' lang='lat' dir='ltr'>odio.</span> <span class='ocrx_word' id='word_1_145' title='bbox 1054 1349 1163 1391; x_wconf 74' lang='lat' dir='ltr'>Nam</span> <span class='ocrx_word' id='word_1_146' title='bbox 1185 1346 1291 1406; x_wconf 88' lang='lat' dir='ltr'>quid</span> <span class='ocrx_word' id='word_1_147' title='bbox 1327 1345 1509 1401; x_wconf 85' lang='lat' dir='ltr'>faciam,</span> <span class='ocrx_word' id='word_1_148' title='bbox 1550 1347 1722 1406; x_wconf 81' lang='lat' dir='ltr'>inquis?</span> <span class='ocrx_word' id='word_1_149' title='bbox 1749 1346 1791 1391; x_wconf 89' lang='lat' dir='ltr'>Si</span> 
     </span>
     <span class='ocr_line' id='line_1_18' title="bbox 375 1415 1790 1477; baseline 0.001 -18"><span class='ocrx_word' id='word_1_150' title='bbox 375 1470 377 1472; x_wconf 12' lang='lat' dir='ltr'>V</span> <span class='ocrx_word' id='word_1_151' title='bbox 400 1431 573 1475; x_wconf 85' lang='lat' dir='ltr'>coepero</span> <span class='ocrx_word' id='word_1_152' title='bbox 599 1415 778 1474; x_wconf 84' lang='lat' dir='ltr'>diligere</span> <span class='ocrx_word' id='word_1_153' title='bbox 809 1416 1034 1460; x_wconf 86' lang='lat' dir='ltr'>inimicum</span> <span class='ocrx_word' id='word_1_154' title='bbox 1075 1432 1245 1471; x_wconf 82' lang='lat' dir='ltr'>meum,</span> <span class='ocrx_word' id='word_1_155' title='bbox 1284 1416 1464 1477; x_wconf 84' lang='lat' dir='ltr'>injurias</span> <span class='ocrx_word' id='word_1_156' title='bbox 1488 1417 1694 1476; x_wconf 84' lang='lat' dir='ltr'>accipiam</span> <span class='ocrx_word' id='word_1_157' title='bbox 1711 1451 1721 1471; x_wconf 88' lang='lat'>,</span> <span class='ocrx_word' id='word_1_158' title='bbox 1747 1425 1790 1460; x_wconf 87' lang='lat' dir='ltr'>et</span> 
     </span>
     <span class='ocr_line' id='line_1_19' title="bbox 376 1473 1790 1547; baseline 0 -17"><span class='ocrx_word' id='word_1_159' title='bbox 376 1473 578 1547; x_wconf 35' lang='lat' dir='ltr'>&#39;injurias</span> <span class='ocrx_word' id='word_1_160' title='bbox 600 1488 838 1546; x_wconf 84' lang='lat' dir='ltr'>perferam,</span> <span class='ocrx_word' id='word_1_161' title='bbox 865 1497 907 1531; x_wconf 86' lang='lat' dir='ltr'>et</span> <span class='ocrx_word' id='word_1_162' title='bbox 934 1504 1022 1531; x_wconf 89' lang='lat' dir='ltr'>non</span> <span class='ocrx_word' id='word_1_163' title='bbox 1045 1503 1115 1531; x_wconf 88' lang='lat' dir='ltr'>me</span> <span class='ocrx_word' id='word_1_164' title='bbox 1137 1486 1391 1542; x_wconf 82' lang='lat' dir='ltr'>vindicabo,</span> <span class='ocrx_word' id='word_1_165' title='bbox 1418 1503 1517 1531; x_wconf 90' lang='lat' dir='ltr'>cum</span> <span class='ocrx_word' id='word_1_166' title='bbox 1557 1487 1698 1531; x_wconf 81' lang='lat' dir='ltr'>adsint</span> <span class='ocrx_word' id='word_1_167' title='bbox 1723 1487 1790 1530; x_wconf 87' lang='lat' dir='ltr'>le-</span> 
     </span>
     <span class='ocr_line' id='line_1_20' title="bbox 403 1557 1790 1618; baseline 0 -17"><span class='ocrx_word' id='word_1_168' title='bbox 403 1560 499 1614; x_wconf 75' lang='lat' dir='ltr'>ges?</span> <span class='ocrx_word' id='word_1_169' title='bbox 526 1560 700 1602; x_wconf 68' lang='lat' dir='ltr'>,Iustum</span> <span class='ocrx_word' id='word_1_170' title='bbox 724 1568 788 1602; x_wconf 88' lang='lat' dir='ltr'>est</span> <span class='ocrx_word' id='word_1_171' title='bbox 810 1567 859 1601; x_wconf 86' lang='lat' dir='ltr'>ut</span> <span class='ocrx_word' id='word_1_172' title='bbox 881 1557 1072 1602; x_wconf 82' lang='lat' dir='ltr'>vindices</span> <span class='ocrx_word' id='word_1_173' title='bbox 1094 1567 1159 1616; x_wconf 63' lang='lat' dir='ltr'>te,</span> <span class='ocrx_word' id='word_1_174' title='bbox 1190 1559 1467 1613; x_wconf 86' lang='lat' dir='ltr'>conceditur,</span> <span class='ocrx_word' id='word_1_175' title='bbox 1499 1559 1599 1618; x_wconf 81' lang='lat' dir='ltr'>quia</span> <span class='ocrx_word' id='word_1_176' title='bbox 1622 1559 1790 1618; x_wconf 85' lang='lat' dir='ltr'>justum</span> 
     </span>
     <span class='ocr_line' id='line_1_21' title="bbox 402 1628 1792 1688; baseline 0.001 -17"><span class='ocrx_word' id='word_1_177' title='bbox 402 1637 466 1671; x_wconf 81' lang='lat' dir='ltr'>est</span> <span class='ocrx_word' id='word_1_178' title='bbox 501 1647 510 1672; x_wconf 73' lang='grc' dir='ltr'><strong><em>ι</em></strong></span> <span class='ocrx_word' id='word_1_179' title='bbox 542 1628 641 1672; x_wconf 86' lang='lat' dir='ltr'>vide</span> <span class='ocrx_word' id='word_1_180' title='bbox 662 1638 810 1672; x_wconf 87' lang='lat' dir='ltr'>utrum</span> <span class='ocrx_word' id='word_1_181' title='bbox 839 1644 928 1672; x_wconf 86' lang='lat' dir='ltr'>non</span> <span class='ocrx_word' id='word_1_182' title='bbox 958 1629 1118 1672; x_wconf 81' lang='lat' dir='ltr'>habeas</span> <span class='ocrx_word' id='word_1_183' title='bbox 1151 1629 1269 1688; x_wconf 84' lang='lat' dir='ltr'>quod</span> <span class='ocrx_word' id='word_1_184' title='bbox 1298 1629 1341 1671; x_wconf 88' lang='lat' dir='ltr'>in</span> <span class='ocrx_word' id='word_1_185' title='bbox 1374 1638 1415 1672; x_wconf 89' lang='lat' dir='ltr'>tc</span> <span class='ocrx_word' id='word_1_186' title='bbox 1450 1628 1723 1684; x_wconf 86' lang='lat' dir='ltr'>vindicetur,</span> <span class='ocrx_word' id='word_1_187' title='bbox 1749 1637 1792 1672; x_wconf 86' lang='lat' dir='ltr'>et</span> 
     </span>
     <span class='ocr_line' id='line_1_22' title="bbox 401 1697 1792 1758; baseline 0.001 -17"><span class='ocrx_word' id='word_1_188' title='bbox 401 1697 587 1741; x_wconf 71' lang='lat' dir='ltr'>vindica.</span> <span class='ocrx_word' id='word_1_189' title='bbox 617 1699 685 1742; x_wconf 89' lang='lat' dir='ltr'>Sic</span> <span class='ocrx_word' id='word_1_190' title='bbox 703 1699 818 1741; x_wconf 87' lang='lat' dir='ltr'>enirn</span> <span class='ocrx_word' id='word_1_191' title='bbox 841 1698 946 1742; x_wconf 79' lang='lat' dir='ltr'>dicis</span> <span class='ocrx_word' id='word_1_192' title='bbox 980 1718 987 1742; x_wconf 93' lang='lat'>:</span> <span class='ocrx_word' id='word_1_193' title='bbox 1014 1702 1157 1742; x_wconf 85' lang='lat' dir='ltr'>Ita-ne</span> <span class='ocrx_word' id='word_1_194' title='bbox 1186 1714 1254 1742; x_wconf 90' lang='lat' dir='ltr'>me</span> <span class='ocrx_word' id='word_1_195' title='bbox 1276 1715 1365 1743; x_wconf 89' lang='lat' dir='ltr'>non</span> <span class='ocrx_word' id='word_1_196' title='bbox 1382 1698 1645 1743; x_wconf 72' lang='lat' dir='ltr'>vindicabo?</span> <span class='ocrx_word' id='word_1_197' title='bbox 1668 1698 1792 1758; x_wconf 82' lang='lat' dir='ltr'>quasi</span> 
     </span>
     <span class='ocr_line' id='line_1_23' title="bbox 404 1768 1793 1829; baseline 0.001 -19"><span class='ocrx_word' id='word_1_198' title='bbox 404 1771 516 1811; x_wconf 91' lang='lat' dir='ltr'>Deus</span> <span class='ocrx_word' id='word_1_199' title='bbox 534 1769 746 1827; x_wconf 81' lang='lat' dir='ltr'>justitiam</span> <span class='ocrx_word' id='word_1_200' title='bbox 761 1768 964 1812; x_wconf 82' lang='lat' dir='ltr'>vindictae</span> <span class='ocrx_word' id='word_1_201' title='bbox 981 1769 1201 1828; x_wconf 83' lang='lat' dir='ltr'>reprimat,</span> <span class='ocrx_word' id='word_1_202' title='bbox 1219 1779 1261 1813; x_wconf 89' lang='lat' dir='ltr'>et</span> <span class='ocrx_word' id='word_1_203' title='bbox 1279 1786 1367 1814; x_wconf 90' lang='lat' dir='ltr'>non</span> <span class='ocrx_word' id='word_1_204' title='bbox 1390 1770 1637 1829; x_wconf 77' lang='lat' dir='ltr'>superbiam</span> <span class='ocrx_word' id='word_1_205' title='bbox 1650 1768 1793 1814; x_wconf 80' lang='lat' dir='ltr'>vindi-</span> 
     </span>
     <span class='ocr_line' id='line_1_24' title="bbox 404 1839 1793 1899; baseline 0.001 -18"><span class='ocrx_word' id='word_1_206' title='bbox 404 1839 539 1882; x_wconf 88' lang='lat' dir='ltr'>cantis</span> <span class='ocrx_word' id='word_1_207' title='bbox 555 1840 791 1896; x_wconf 77' lang='lat' dir='ltr'>extinguat.</span> <span class='ocrx_word' id='word_1_208' title='bbox 808 1843 897 1883; x_wconf 82' lang='lat' dir='ltr'>Aut</span> <span class='ocrx_word' id='word_1_209' title='bbox 909 1854 1011 1883; x_wconf 71' lang='lat' dir='ltr'>vero</span> <span class='ocrx_word' id='word_1_210' title='bbox 1026 1839 1221 1883; x_wconf 86' lang='lat' dir='ltr'>adultera</span> <span class='ocrx_word' id='word_1_211' title='bbox 1239 1839 1310 1885; x_wconf 81' lang='lat' dir='ltr'>illa</span> <span class='ocrx_word' id='word_1_212' title='bbox 1326 1856 1414 1883; x_wconf 87' lang='lat' dir='ltr'>non</span> <span class='ocrx_word' id='word_1_213' title='bbox 1427 1849 1517 1883; x_wconf 83' lang='lat' dir='ltr'>erat</span> <span class='ocrx_word' id='word_1_214' title='bbox 1531 1839 1793 1899; x_wconf 80' lang='lat' dir='ltr'>lapidanda?</span> 
     </span>
     <span class='ocr_line' id='line_1_25' title="bbox 405 1908 1790 1971; baseline 0.002 -20"><span class='ocrx_word' id='word_1_215' title='bbox 405 1918 480 1952; x_wconf 87' lang='lat' dir='ltr'>aut</span> <span class='ocrx_word' id='word_1_216' title='bbox 497 1909 529 1951; x_wconf 88' lang='lat' dir='ltr'>si</span> <span class='ocrx_word' id='word_1_217' title='bbox 550 1908 817 1968; x_wconf 73' lang='lat' dir='ltr'>lapidaretur</span> <span class='ocrx_word' id='word_1_218' title='bbox 834 1945 844 1965; x_wconf 82' lang='lat'>,</span> <span class='ocrx_word' id='word_1_219' title='bbox 861 1911 1062 1970; x_wconf 89' lang='lat' dir='ltr'>iniquum</span> <span class='ocrx_word' id='word_1_220' title='bbox 1083 1911 1247 1970; x_wconf 86' lang='lat' dir='ltr'>aliquid</span> <span class='ocrx_word' id='word_1_221' title='bbox 1264 1912 1385 1956; x_wconf 83' lang='lat' dir='ltr'>fieret</span> <span class='ocrx_word' id='word_1_222' title='bbox 1401 1913 1417 1952; x_wconf 73' lang='lat'>⁶?</span> <span class='ocrx_word' id='word_1_223' title='bbox 1432 1912 1473 1955; x_wconf 77' lang='lat' dir='ltr'>Si</span> <span class='ocrx_word' id='word_1_224' title='bbox 1490 1912 1637 1971; x_wconf 85' lang='lat' dir='ltr'>inique</span> <span class='ocrx_word' id='word_1_225' title='bbox 1653 1913 1790 1966; x_wconf 75' lang='lat' dir='ltr'>fieret,</span> 
     </span>
     <span class='ocr_line' id='line_1_26' title="bbox 404 1979 1794 2039; baseline 0.004 -19"><span class='ocrx_word' id='word_1_226' title='bbox 404 1979 732 2037; x_wconf 80' lang='lat' dir='ltr'>iniquejussum</span> <span class='ocrx_word' id='word_1_227' title='bbox 756 1989 819 2021; x_wconf 85' lang='lat' dir='ltr'>est</span> <span class='ocrx_word' id='word_1_228' title='bbox 854 1995 861 2018; x_wconf 74' lang='grc' dir='ltr'>ι</span> <span class='ocrx_word' id='word_1_229' title='bbox 888 1984 977 2022; x_wconf 58' lang='grc' dir='ltr'>[ελ</span> <span class='ocrx_word' id='word_1_230' title='bbox 995 1991 1138 2022; x_wconf 85' lang='lat' dir='ltr'>autem</span> <span class='ocrx_word' id='word_1_231' title='bbox 1158 1982 1308 2038; x_wconf 84' lang='lat' dir='ltr'>jussit,</span> <span class='ocrx_word' id='word_1_232' title='bbox 1331 1985 1444 2024; x_wconf 74' lang='lat' dir='ltr'>Deus</span> <span class='ocrx_word' id='word_1_233' title='bbox 1459 1982 1585 2039; x_wconf 84' lang='lat' dir='ltr'>jussit</span> <span class='ocrx_word' id='word_1_234' title='bbox 1611 1996 1618 2021; x_wconf 91' lang='lat'>:</span> <span class='ocrx_word' id='word_1_235' title='bbox 1645 1981 1744 2036; x_wconf 76' lang='lat' dir='ltr'>sed,</span> <span class='ocrx_word' id='word_1_236' title='bbox 1768 1995 1794 2025; x_wconf 94' lang='grc' dir='ltr'>ο</span> 
     </span>
     <span class='ocr_line' id='line_1_27' title="bbox 404 2048 1796 2109; baseline 0.001 -16"><span class='ocrx_word' id='word_1_237' title='bbox 404 2064 480 2093; x_wconf 80' lang='lat' dir='ltr'>vos</span> <span class='ocrx_word' id='word_1_238' title='bbox 494 2048 671 2102; x_wconf 88' lang='lat' dir='ltr'>ultores,</span> <span class='ocrx_word' id='word_1_239' title='bbox 687 2048 831 2092; x_wconf 80' lang='lat' dir='ltr'>videte</span> <span class='ocrx_word' id='word_1_240' title='bbox 844 2050 878 2092; x_wconf 89' lang='lat' dir='ltr'>si</span> <span class='ocrx_word' id='word_1_241' title='bbox 891 2065 979 2093; x_wconf 89' lang='lat' dir='ltr'>non</span> <span class='ocrx_word' id='word_1_242' title='bbox 989 2050 1085 2093; x_wconf 75' lang='lat' dir='ltr'>estis</span> <span class='ocrx_word' id='word_1_243' title='bbox 1100 2060 1359 2109; x_wconf 86' lang='lat' dir='ltr'>peccatores.</span> <span class='ocrx_word' id='word_1_244' title='bbox 1377 2050 1578 2094; x_wconf 77' lang='lat' dir='ltr'>Adducta</span> <span class='ocrx_word' id='word_1_245' title='bbox 1593 2060 1656 2094; x_wconf 86' lang='lat' dir='ltr'>est</span> <span class='ocrx_word' id='word_1_246' title='bbox 1676 2051 1796 2094; x_wconf 89' lang='lat' dir='ltr'>adul-</span> 
     </span>
     <span class='ocr_line' id='line_1_28' title="bbox 405 2118 1796 2177; baseline 0.001 -14"><span class='ocrx_word' id='word_1_247' title='bbox 405 2129 495 2163; x_wconf 85' lang='lat' dir='ltr'>tera</span> <span class='ocrx_word' id='word_1_248' title='bbox 525 2118 680 2162; x_wconf 87' lang='lat' dir='ltr'>mulier</span> <span class='ocrx_word' id='word_1_249' title='bbox 707 2118 939 2177; x_wconf 84' lang='lat' dir='ltr'>lapidanda</span> <span class='ocrx_word' id='word_1_250' title='bbox 961 2135 1011 2162; x_wconf 76' lang='lat' dir='ltr'>ex</span> <span class='ocrx_word' id='word_1_251' title='bbox 1046 2123 1182 2177; x_wconf 78' lang='lat' dir='ltr'>Lege,</span> <span class='ocrx_word' id='word_1_252' title='bbox 1206 2120 1286 2164; x_wconf 83' lang='lat' dir='ltr'>sed</span> <span class='ocrx_word' id='word_1_253' title='bbox 1311 2120 1498 2164; x_wconf 86' lang='lat' dir='ltr'>adducta</span> <span class='ocrx_word' id='word_1_254' title='bbox 1524 2130 1587 2164; x_wconf 82' lang='lat' dir='ltr'>est</span> <span class='ocrx_word' id='word_1_255' title='bbox 1611 2120 1665 2164; x_wconf 87' lang='lat' dir='ltr'>ad</span> <span class='ocrx_word' id='word_1_256' title='bbox 1687 2121 1796 2165; x_wconf 88' lang='lat' dir='ltr'>lato-</span> 
     </span>
     <span class='ocr_line' id='line_1_29' title="bbox 406 2189 1795 2249; baseline 0.001 -16"><span class='ocrx_word' id='word_1_257' title='bbox 406 2205 496 2233; x_wconf 85' lang='lat' dir='ltr'>rem</span> <span class='ocrx_word' id='word_1_258' title='bbox 524 2189 663 2247; x_wconf 87' lang='lat' dir='ltr'>Legis.</span> <span class='ocrx_word' id='word_1_259' title='bbox 693 2189 822 2233; x_wconf 70' lang='lat' dir='ltr'>Saevis</span> <span class='ocrx_word' id='word_1_260' title='bbox 854 2190 929 2249; x_wconf 85' lang='lat' dir='ltr'>qui</span> <span class='ocrx_word' id='word_1_261' title='bbox 965 2190 1179 2233; x_wconf 83' lang='lat' dir='ltr'>adduxisti</span> <span class='ocrx_word' id='word_1_262' title='bbox 1212 2210 1220 2233; x_wconf 91' lang='lat'>:</span> <span class='ocrx_word' id='word_1_263' title='bbox 1251 2190 1351 2234; x_wconf 80' lang='lat' dir='ltr'>vide</span> <span class='ocrx_word' id='word_1_264' title='bbox 1375 2192 1449 2249; x_wconf 85' lang='lat' dir='ltr'>qui</span> <span class='ocrx_word' id='word_1_265' title='bbox 1485 2191 1656 2245; x_wconf 63' lang='lat' dir='ltr'>saevias,</span> <span class='ocrx_word' id='word_1_266' title='bbox 1683 2191 1795 2234; x_wconf 85' lang='lat' dir='ltr'>etin</span> 
     </span>
     <span class='ocr_line' id='line_1_30' title="bbox 407 2259 1791 2320; baseline 0 -17"><span class='ocrx_word' id='word_1_267' title='bbox 407 2275 538 2320; x_wconf 86' lang='lat' dir='ltr'>quam</span> <span class='ocrx_word' id='word_1_268' title='bbox 562 2259 708 2303; x_wconf 80' lang='lat' dir='ltr'>saevias</span> <span class='ocrx_word' id='word_1_269' title='bbox 736 2279 743 2303; x_wconf 89' lang='grc'>;</span> <span class='ocrx_word' id='word_1_270' title='bbox 776 2260 809 2302; x_wconf 87' lang='lat' dir='ltr'>si</span> <span class='ocrx_word' id='word_1_271' title='bbox 823 2270 1021 2318; x_wconf 83' lang='lat' dir='ltr'>peccator</span> <span class='ocrx_word' id='word_1_272' title='bbox 1042 2261 1086 2304; x_wconf 86' lang='lat' dir='ltr'>in</span> <span class='ocrx_word' id='word_1_273' title='bbox 1109 2261 1389 2320; x_wconf 86' lang='lat' dir='ltr'>peccatricem</span> <span class='ocrx_word' id='word_1_274' title='bbox 1409 2296 1420 2315; x_wconf 87' lang='lat'>,</span> <span class='ocrx_word' id='word_1_275' title='bbox 1448 2261 1596 2305; x_wconf 81' lang='lat' dir='ltr'>desine</span> <span class='ocrx_word' id='word_1_276' title='bbox 1620 2262 1791 2315; x_wconf 76' lang='lat' dir='ltr'>saevire,</span> 
     </span>
     <span class='ocr_line' id='line_1_31' title="bbox 405 2330 1795 2392; baseline -0.001 -18"><span class='ocrx_word' id='word_1_277' title='bbox 405 2333 524 2392; x_wconf 89' lang='lat' dir='ltr'>prius</span> <span class='ocrx_word' id='word_1_278' title='bbox 545 2332 750 2376; x_wconf 82' lang='lat' dir='ltr'>confitere</span> <span class='ocrx_word' id='word_1_279' title='bbox 769 2351 776 2376; x_wconf 80' lang='lat' dir='ltr'><em>z</em></span> <span class='ocrx_word' id='word_1_280' title='bbox 799 2332 832 2375; x_wconf 86' lang='lat' dir='ltr'>si</span> <span class='ocrx_word' id='word_1_281' title='bbox 847 2342 1044 2391; x_wconf 82' lang='lat' dir='ltr'>peccator</span> <span class='ocrx_word' id='word_1_282' title='bbox 1068 2334 1189 2376; x_wconf 80' lang='lat' dir='ltr'>saevis</span> <span class='ocrx_word' id='word_1_283' title='bbox 1208 2332 1250 2375; x_wconf 88' lang='lat' dir='ltr'>in</span> <span class='ocrx_word' id='word_1_284' title='bbox 1270 2331 1550 2390; x_wconf 84' lang='lat' dir='ltr'>peccatricem</span> <span class='ocrx_word' id='word_1_285' title='bbox 1565 2366 1576 2385; x_wconf 82' lang='lat'>,</span> <span class='ocrx_word' id='word_1_286' title='bbox 1598 2330 1795 2390; x_wconf 82' lang='lat' dir='ltr'>relinque</span> 
     </span>
     <span class='ocr_line' id='line_1_32' title="bbox 406 2400 1795 2462; baseline 0 -17"><span class='ocrx_word' id='word_1_287' title='bbox 406 2402 525 2445; x_wconf 86' lang='lat' dir='ltr'>illam</span> <span class='ocrx_word' id='word_1_288' title='bbox 546 2423 556 2459; x_wconf 74' lang='lat'><em>3</em></span> <span class='ocrx_word' id='word_1_289' title='bbox 577 2402 698 2445; x_wconf 88' lang='lat' dir='ltr'>novit</span> <span class='ocrx_word' id='word_1_290' title='bbox 720 2401 792 2445; x_wconf 90' lang='lat' dir='ltr'>ille</span> <span class='ocrx_word' id='word_1_291' title='bbox 814 2401 921 2462; x_wconf 85' lang='lat' dir='ltr'>quid</span> <span class='ocrx_word' id='word_1_292' title='bbox 945 2402 998 2445; x_wconf 89' lang='lat' dir='ltr'>dc</span> <span class='ocrx_word' id='word_1_293' title='bbox 1020 2401 1092 2445; x_wconf 83' lang='lat' dir='ltr'>illa</span> <span class='ocrx_word' id='word_1_294' title='bbox 1115 2402 1270 2446; x_wconf 87' lang='lat' dir='ltr'>sentiat</span> <span class='ocrx_word' id='word_1_295' title='bbox 1291 2436 1301 2455; x_wconf 89' lang='lat'>,</span> <span class='ocrx_word' id='word_1_296' title='bbox 1328 2400 1436 2461; x_wconf 84' lang='lat' dir='ltr'>quid</span> <span class='ocrx_word' id='word_1_297' title='bbox 1458 2400 1626 2460; x_wconf 81' lang='lat' dir='ltr'>judicet</span> <span class='ocrx_word' id='word_1_298' title='bbox 1645 2436 1656 2455; x_wconf 85' lang='lat'>,</span> <span class='ocrx_word' id='word_1_299' title='bbox 1683 2417 1795 2460; x_wconf 88' lang='lat' dir='ltr'>quo-</span> 
     </span>
     <span class='ocr_line' id='line_1_33' title="bbox 407 2470 1796 2532; baseline -0.001 -17"><span class='ocrx_word' id='word_1_300' title='bbox 407 2471 538 2516; x_wconf 90' lang='lat' dir='ltr'>modo</span> <span class='ocrx_word' id='word_1_301' title='bbox 561 2481 734 2531; x_wconf 81' lang='lat' dir='ltr'>parcat,</span> <span class='ocrx_word' id='word_1_302' title='bbox 757 2472 978 2532; x_wconf 87' lang='lat' dir='ltr'>quomodo</span> <span class='ocrx_word' id='word_1_303' title='bbox 1001 2481 1136 2517; x_wconf 83' lang='lat' dir='ltr'>sanet.</span> <span class='ocrx_word' id='word_1_304' title='bbox 1157 2474 1220 2515; x_wconf 76' lang='lat' dir='ltr'>Ex</span> <span class='ocrx_word' id='word_1_305' title='bbox 1235 2475 1349 2529; x_wconf 83' lang='lat' dir='ltr'>Lege</span> <span class='ocrx_word' id='word_1_306' title='bbox 1371 2471 1522 2515; x_wconf 73' lang='lat' dir='ltr'>saevis?</span> <span class='ocrx_word' id='word_1_307' title='bbox 1541 2470 1696 2515; x_wconf 84' lang='lat' dir='ltr'>Melius</span> <span class='ocrx_word' id='word_1_308' title='bbox 1719 2487 1796 2515; x_wconf 92' lang='lat' dir='ltr'>no-</span> 
     </span>
     <span class='ocr_line' id='line_1_34' title="bbox 456 2557 974 2599; baseline -0.004 -9"><span class='ocrx_word' id='word_1_309' title='bbox 456 2565 463 2580; x_wconf 82' lang='lat'>¹</span> <span class='ocrx_word' id='word_1_310' title='bbox 485 2558 598 2590; x_wconf 73' lang='lat' dir='ltr'>matth.</span> <span class='ocrx_word' id='word_1_311' title='bbox 615 2558 699 2599; x_wconf 72' lang='lat' dir='ltr'>v,&#39;7.</span> <span class='ocrx_word' id='word_1_312' title='bbox 727 2574 766 2580; x_wconf 90' lang='lat'>—</span> <span class='ocrx_word' id='word_1_313' title='bbox 787 2557 898 2590; x_wconf 79' lang='lat' dir='ltr'>²1bid.</span> <span class='ocrx_word' id='word_1_314' title='bbox 921 2557 974 2599; x_wconf 65' lang='grc'>44.</span> 
     </span>
    </p>
   </div>
  </div>
 </body>
</html>
